<?xml version="1.0" encoding="UTF-8"?>
<!DOCTYPE html PUBLIC "-//W3C//DTD XHTML 1.0 Transitional//EN"
    "http://www.w3.org/TR/xhtml1/DTD/xhtml1-transitional.dtd">
<html xmlns="http://www.w3.org/1999/xhtml" xml:lang="en" lang="en">
 <head>
  <title>
</title>
<meta http-equiv="Content-Type" content="text/html;charset=utf-8" />
  <meta name='ocr-system' content='tesseract 3.04.00' />
  <meta name='ocr-capabilities' content='ocr_page ocr_carea ocr_par ocr_line ocrx_word'/>
</head>
<body>
  <div class='ocr_page' id='page_1' title='image "./codexdiplomatic19wenzgoog_0120.png"; bbox 0 0 3112 5158; ppageno 0'>
   <div class='ocr_carea' id='block_1_1' title="bbox 805 273 967 370">
    <p class='ocr_par' dir='ltr' id='par_1_1' title="bbox 805 273 967 370">
     <span class='ocr_line' id='line_1_1' title="bbox 805 273 967 370; baseline 0 0"><span class='ocrx_word' id='word_1_1' title='bbox 805 273 967 370; x_wconf 55' lang='grc' dir='ltr'><strong>ΔΟ.-</strong></span> 
     </span>
    </p>
   </div>
   <div class='ocr_carea' id='block_1_2' title="bbox 312 463 1470 1522">
    <p class='ocr_par' dir='ltr' id='par_1_2' title="bbox 312 463 1470 1522">
     <span class='ocr_line' id='line_1_2' title="bbox 322 463 1446 552; baseline 0.002 -17"><span class='ocrx_word' id='word_1_2' title='bbox 322 467 404 552; x_wconf 81' lang='lat' dir='ltr'><strong>ginti</strong></span> <span class='ocrx_word' id='word_1_3' title='bbox 420 473 544 552; x_wconf 85' lang='lat' dir='ltr'><strong>septem</strong></span> <span class='ocrx_word' id='word_1_4' title='bbox 559 463 677 532; x_wconf 88' lang='lat' dir='ltr'><strong>marcis</strong></span> <span class='ocrx_word' id='word_1_5' title='bbox 692 463 875 532; x_wconf 89' lang='lat' dir='ltr'><strong>redimendi</strong></span> <span class='ocrx_word' id='word_1_6' title='bbox 890 463 1087 535; x_wconf 74' lang='lat' dir='ltr'><strong>facultatem.</strong></span> <span class='ocrx_word' id='word_1_7' title='bbox 1105 465 1175 534; x_wconf 91' lang='lat' dir='ltr'><strong>Hoc</strong></span> <span class='ocrx_word' id='word_1_8' title='bbox 1200 470 1304 537; x_wconf 89' lang='lat' dir='ltr'><strong>eciam</strong></span> <span class='ocrx_word' id='word_1_9' title='bbox 1330 470 1446 539; x_wconf 89' lang='lat' dir='ltr'><strong>addici-</strong></span> 
     </span>
     <span class='ocr_line' id='line_1_3' title="bbox 319 569 1442 664; baseline 0.003 -22"><span class='ocrx_word' id='word_1_10' title='bbox 319 595 401 664; x_wconf 89' lang='lat' dir='ltr'><strong>mus,</strong></span> <span class='ocrx_word' id='word_1_11' title='bbox 418 571 503 659; x_wconf 90' lang='lat' dir='ltr'><strong>qnod</strong></span> <span class='ocrx_word' id='word_1_12' title='bbox 517 593 618 656; x_wconf 89' lang='lat' dir='ltr'><strong>usque</strong></span> <span class='ocrx_word' id='word_1_13' title='bbox 632 580 758 659; x_wconf 89' lang='lat' dir='ltr'><strong>tempus</strong></span> <span class='ocrx_word' id='word_1_14' title='bbox 776 569 1011 658; x_wconf 90' lang='lat' dir='ltr'><strong>redempcionis</strong></span> <span class='ocrx_word' id='word_1_15' title='bbox 1028 595 1138 642; x_wconf 89' lang='lat' dir='ltr'><strong>omnes</strong></span> <span class='ocrx_word' id='word_1_16' title='bbox 1155 575 1279 643; x_wconf 79' lang='lat' dir='ltr'>decime</span> <span class='ocrx_word' id='word_1_17' title='bbox 1305 585 1336 646; x_wconf 86' lang='lat' dir='ltr'><strong>et</strong></span> <span class='ocrx_word' id='word_1_18' title='bbox 1364 599 1442 646; x_wconf 87' lang='lat' dir='ltr'><strong>mar-</strong></span> 
     </span>
     <span class='ocr_line' id='line_1_4' title="bbox 317 683 1470 769; baseline 0.004 -19"><span class='ocrx_word' id='word_1_19' title='bbox 317 683 421 750; x_wconf 86' lang='lat' dir='ltr'><strong>turine</strong></span> <span class='ocrx_word' id='word_1_20' title='bbox 437 683 579 750; x_wconf 87' lang='lat' dir='ltr'><strong>omnium</strong></span> <span class='ocrx_word' id='word_1_21' title='bbox 596 702 726 751; x_wconf 91' lang='lat' dir='ltr'><strong>suorum</strong></span> <span class='ocrx_word' id='word_1_22' title='bbox 742 683 934 768; x_wconf 91' lang='lat' dir='ltr'><strong>populorum</strong></span> <span class='ocrx_word' id='word_1_23' title='bbox 952 684 985 748; x_wconf 92' lang='lat' dir='ltr'><strong>in</strong></span> <span class='ocrx_word' id='word_1_24' title='bbox 1010 691 1099 750; x_wconf 89' lang='lat' dir='ltr'><strong>terra</strong></span> <span class='ocrx_word' id='word_1_25' title='bbox 1124 685 1271 769; x_wconf 88' lang='lat' dir='ltr'><strong>predicta</strong></span> <span class='ocrx_word' id='word_1_26' title='bbox 1297 688 1438 754; x_wconf 89' lang='lat' dir='ltr'><strong>residen·</strong></span> <span class='ocrx_word' id='word_1_27' title='bbox 1466 736 1470 744; x_wconf 85' lang='lat'><em>-</em></span> 
     </span>
     <span class='ocr_line' id='line_1_5' title="bbox 316 789 1440 880; baseline 0.004 -22"><span class='ocrx_word' id='word_1_28' title='bbox 316 793 412 880; x_wconf 83' lang='lat' dir='ltr'><strong>cium,</strong></span> <span class='ocrx_word' id='word_1_29' title='bbox 428 813 486 860; x_wconf 88' lang='lat' dir='ltr'><strong>seu</strong></span> <span class='ocrx_word' id='word_1_30' title='bbox 501 791 569 858; x_wconf 87' lang='lat' dir='ltr'><strong>alia</strong></span> <span class='ocrx_word' id='word_1_31' title='bbox 584 789 693 859; x_wconf 90' lang='lat' dir='ltr'><strong>debita</strong></span> <span class='ocrx_word' id='word_1_32' title='bbox 717 797 748 856; x_wconf 89' lang='lat' dir='ltr'><strong>et</strong></span> <span class='ocrx_word' id='word_1_33' title='bbox 773 790 922 875; x_wconf 90' lang='lat' dir='ltr'><strong>seruicia,</strong></span> <span class='ocrx_word' id='word_1_34' title='bbox 948 789 991 857; x_wconf 90' lang='lat' dir='ltr'><strong>ad</strong></span> <span class='ocrx_word' id='word_1_35' title='bbox 1007 791 1059 858; x_wconf 90' lang='lat' dir='ltr'><strong>ins</strong></span> <span class='ocrx_word' id='word_1_36' title='bbox 1086 791 1223 876; x_wconf 80' lang='lat' dir='ltr'><strong>predicti</strong></span> <span class='ocrx_word' id='word_1_37' title='bbox 1248 794 1336 860; x_wconf 88' lang='lat' dir='ltr'><strong>Petri</strong></span> <span class='ocrx_word' id='word_1_38' title='bbox 1362 797 1440 862; x_wconf 90' lang='lat' dir='ltr'><strong>inte-</strong></span> 
     </span>
     <span class='ocr_line' id='line_1_6' title="bbox 316 895 1440 985; baseline 0.004 -21"><span class='ocrx_word' id='word_1_39' title='bbox 316 900 450 984; x_wconf 83' lang='lat' dir='ltr'><strong>graliter</strong></span> <span class='ocrx_word' id='word_1_40' title='bbox 466 899 607 967; x_wconf 88' lang='lat' dir='ltr'><strong>debeant</strong></span> <span class='ocrx_word' id='word_1_41' title='bbox 623 898 792 984; x_wconf 90' lang='lat' dir='ltr'><strong>pertinere.</strong></span> <span class='ocrx_word' id='word_1_42' title='bbox 809 895 953 974; x_wconf 84' lang='lat' dir='ltr'><strong>Quarum</strong></span> <span class='ocrx_word' id='word_1_43' title='bbox 979 904 1137 965; x_wconf 88' lang='lat' dir='ltr'><strong>terrarum</strong></span> <span class='ocrx_word' id='word_1_44' title='bbox 1165 900 1198 966; x_wconf 93' lang='lat' dir='ltr'><strong>in</strong></span> <span class='ocrx_word' id='word_1_45' title='bbox 1224 901 1361 985; x_wconf 77' lang='lat' dir='ltr'><strong>pignore</strong></span> <span class='ocrx_word' id='word_1_46' title='bbox 1388 905 1440 969; x_wconf 93' lang='lat' dir='ltr'><strong>ob-</strong></span> 
     </span>
     <span class='ocr_line' id='line_1_7' title="bbox 314 1005 1441 1094; baseline 0.001 -20"><span class='ocrx_word' id='word_1_47' title='bbox 314 1008 498 1094; x_wconf 83' lang='lat' dir='ltr'><strong>ligatarum,</strong></span> <span class='ocrx_word' id='word_1_48' title='bbox 514 1006 598 1074; x_wconf 90' lang='lat' dir='ltr'><strong>sicut</strong></span> <span class='ocrx_word' id='word_1_49' title='bbox 614 1026 672 1091; x_wconf 91' lang='lat' dir='ltr'><strong>per</strong></span> <span class='ocrx_word' id='word_1_50' title='bbox 686 1006 819 1072; x_wconf 84' lang='lat' dir='ltr'><strong>fratrem</strong></span> <span class='ocrx_word' id='word_1_51' title='bbox 843 1005 1016 1088; x_wconf 86' lang='lat' dir='ltr'><strong>Rogerinm</strong></span> <span class='ocrx_word' id='word_1_52' title='bbox 1044 1005 1272 1092; x_wconf 88' lang='lat' dir='ltr'><strong>Prceeptorem</strong></span> <span class='ocrx_word' id='word_1_53' title='bbox 1298 1016 1441 1076; x_wconf 87' lang='lat' dir='ltr'><strong>nostrum</strong></span> 
     </span>
     <span class='ocr_line' id='line_1_8' title="bbox 315 1113 1434 1200; baseline 0.003 -19"><span class='ocrx_word' id='word_1_54' title='bbox 315 1115 355 1182; x_wconf 89' lang='lat' dir='ltr'><strong>de</strong></span> <span class='ocrx_word' id='word_1_55' title='bbox 371 1113 574 1200; x_wconf 78' lang='lat' dir='ltr'><strong>Glogonicha</strong></span> <span class='ocrx_word' id='word_1_56' title='bbox 589 1113 710 1182; x_wconf 89' lang='lat' dir='ltr'><strong>fuimus</strong></span> <span class='ocrx_word' id='word_1_57' title='bbox 726 1113 904 1195; x_wconf 82' lang='lat' dir='ltr'><strong>certificati,</strong></span> <span class='ocrx_word' id='word_1_58' title='bbox 922 1114 1077 1198; x_wconf 90' lang='lat' dir='ltr'><strong>quemad</strong></span> <span class='ocrx_word' id='word_1_59' title='bbox 1103 1115 1207 1199; x_wconf 82' lang='lat' dir='ltr'><strong>ipsam</strong></span> <span class='ocrx_word' id='word_1_60' title='bbox 1234 1123 1353 1182; x_wconf 87' lang='lat' dir='ltr'><strong>terram</strong></span> <span class='ocrx_word' id='word_1_61' title='bbox 1378 1125 1434 1185; x_wconf 85' lang='lat' dir='ltr'><strong>sta-</strong></span> 
     </span>
     <span class='ocr_line' id='line_1_9' title="bbox 312 1219 1437 1306; baseline 0.003 -18"><span class='ocrx_word' id='word_1_62' title='bbox 312 1223 468 1289; x_wconf 92' lang='lat' dir='ltr'><strong>tuendum</strong></span> <span class='ocrx_word' id='word_1_63' title='bbox 485 1220 588 1288; x_wconf 88' lang='lat' dir='ltr'><strong>eidem</strong></span> <span class='ocrx_word' id='word_1_64' title='bbox 614 1221 707 1288; x_wconf 90' lang='lat' dir='ltr'><strong>Petro</strong></span> <span class='ocrx_word' id='word_1_65' title='bbox 732 1229 764 1289; x_wconf 89' lang='lat' dir='ltr'><strong>et</strong></span> <span class='ocrx_word' id='word_1_66' title='bbox 794 1229 980 1306; x_wconf 84' lang='lat' dir='ltr'><strong>permotas</strong></span> <span class='ocrx_word' id='word_1_67' title='bbox 1005 1219 1201 1306; x_wconf 81' lang='lat' dir='ltr'><strong>signandam</strong></span> <span class='ocrx_word' id='word_1_68' title='bbox 1227 1223 1437 1291; x_wconf 80' lang='lat' dir='ltr'><strong>miseramus:</strong></span> 
     </span>
     <span class='ocr_line' id='line_1_10' title="bbox 313 1327 1432 1417; baseline 0 -21"><span class='ocrx_word' id='word_1_69' title='bbox 313 1331 421 1396; x_wconf 90' lang='lat' dir='ltr'><strong>Prima</strong></span> <span class='ocrx_word' id='word_1_70' title='bbox 435 1337 522 1398; x_wconf 86' lang='lat' dir='ltr'><strong>meta</strong></span> <span class='ocrx_word' id='word_1_71' title='bbox 535 1328 651 1414; x_wconf 91' lang='lat' dir='ltr'><strong>incipit</strong></span> <span class='ocrx_word' id='word_1_72' title='bbox 667 1349 687 1394; x_wconf 90' lang='lat' dir='ltr'><strong>a</strong></span> <span class='ocrx_word' id='word_1_73' title='bbox 703 1329 810 1414; x_wconf 90' lang='lat' dir='ltr'><strong>capite</strong></span> <span class='ocrx_word' id='word_1_74' title='bbox 825 1327 918 1415; x_wconf 91' lang='lat' dir='ltr'><strong>fluuij</strong></span> <span class='ocrx_word' id='word_1_75' title='bbox 938 1331 1093 1417; x_wconf 81' lang='lat' dir='ltr'><strong>Gragina,</strong></span> <span class='ocrx_word' id='word_1_76' title='bbox 1120 1337 1151 1396; x_wconf 90' lang='lat' dir='ltr'><strong>ct</strong></span> <span class='ocrx_word' id='word_1_77' title='bbox 1167 1329 1254 1395; x_wconf 82' lang='lat' dir='ltr'><strong>infra</strong></span> <span class='ocrx_word' id='word_1_78' title='bbox 1281 1351 1432 1415; x_wconf 83' lang='lat' dir='ltr'><strong>magnam</strong></span> 
     </span>
     <span class='ocr_line' id='line_1_11' title="bbox 312 1434 1429 1522; baseline 0.002 -18"><span class='ocrx_word' id='word_1_79' title='bbox 312 1438 441 1505; x_wconf 79' lang='lat' dir='ltr'><strong>vineam</strong></span> <span class='ocrx_word' id='word_1_80' title='bbox 456 1439 577 1505; x_wconf 91' lang='lat' dir='ltr'><strong>Domus</strong></span> <span class='ocrx_word' id='word_1_81' title='bbox 595 1441 703 1504; x_wconf 84' lang='lat' dir='ltr'><strong>nostre</strong></span> <span class='ocrx_word' id='word_1_82' title='bbox 720 1434 762 1503; x_wconf 90' lang='lat' dir='ltr'><strong>ad</strong></span> <span class='ocrx_word' id='word_1_83' title='bbox 778 1436 981 1504; x_wconf 88' lang='lat' dir='ltr'><strong>occidentem</strong></span> <span class='ocrx_word' id='word_1_84' title='bbox 992 1437 1096 1504; x_wconf 92' lang='lat' dir='ltr'><strong>eundo</strong></span> <span class='ocrx_word' id='word_1_85' title='bbox 1108 1435 1197 1503; x_wconf 89' lang='lat' dir='ltr'><strong>uenit</strong></span> <span class='ocrx_word' id='word_1_86' title='bbox 1208 1437 1250 1503; x_wconf 88' lang='lat' dir='ltr'><strong>ad</strong></span> <span class='ocrx_word' id='word_1_87' title='bbox 1262 1441 1429 1522; x_wconf 88' lang='lat' dir='ltr'><strong>semitam;</strong></span> 
     </span>
    </p>
   </div>
   <div class='ocr_carea' id='block_1_3' title="bbox 311 1544 1542 1638">
    <p class='ocr_par' dir='ltr' id='par_1_3' title="bbox 311 1544 1542 1638">
     <span class='ocr_line' id='line_1_12' title="bbox 311 1544 1542 1638; baseline 0 -26"><span class='ocrx_word' id='word_1_88' title='bbox 311 1565 369 1631; x_wconf 90' lang='lat' dir='ltr'><strong>per</strong></span> <span class='ocrx_word' id='word_1_89' title='bbox 384 1566 481 1630; x_wconf 87' lang='lat' dir='ltr'><strong>quam</strong></span> <span class='ocrx_word' id='word_1_90' title='bbox 496 1547 645 1613; x_wconf 86' lang='lat' dir='ltr'><strong>semitam</strong></span> <span class='ocrx_word' id='word_1_91' title='bbox 662 1565 719 1632; x_wconf 90' lang='lat' dir='ltr'><strong>per</strong></span> <span class='ocrx_word' id='word_1_92' title='bbox 734 1551 886 1631; x_wconf 88' lang='lat' dir='ltr'><strong>montem,</strong></span> <span class='ocrx_word' id='word_1_93' title='bbox 903 1544 991 1628; x_wconf 90' lang='lat' dir='ltr'><strong>quod</strong></span> <span class='ocrx_word' id='word_1_94' title='bbox 1006 1545 1105 1612; x_wconf 90' lang='lat' dir='ltr'><strong>berch</strong></span> <span class='ocrx_word' id='word_1_95' title='bbox 1131 1545 1257 1628; x_wconf 90' lang='lat' dir='ltr'><strong>dicitur,</strong></span> <span class='ocrx_word' id='word_1_96' title='bbox 1275 1545 1319 1612; x_wconf 89' lang='lat' dir='ltr'><strong>ad</strong></span> <span class='ocrx_word' id='word_1_97' title='bbox 1348 1549 1435 1613; x_wconf 83' lang='lat' dir='ltr'><strong>meri·</strong></span> <span class='ocrx_word' id='word_1_98' title='bbox 1541 1607 1542 1638; x_wconf 20' lang='grc' dir='ltr'>ᾖ</span> 
     </span>
    </p>
   </div>
   <div class='ocr_carea' id='block_1_4' title="bbox 311 1650 1438 1740">
    <p class='ocr_par' dir='ltr' id='par_1_4' title="bbox 311 1650 1438 1740">
     <span class='ocr_line' id='line_1_13' title="bbox 311 1650 1438 1740; baseline -0.001 -20"><span class='ocrx_word' id='word_1_99' title='bbox 311 1654 395 1721; x_wconf 88' lang='lat' dir='ltr'><strong>diem</strong></span> <span class='ocrx_word' id='word_1_100' title='bbox 412 1653 572 1722; x_wconf 92' lang='lat' dir='ltr'><strong>tendendo</strong></span> <span class='ocrx_word' id='word_1_101' title='bbox 588 1653 737 1739; x_wconf 90' lang='lat' dir='ltr'><strong>peruenit</strong></span> <span class='ocrx_word' id='word_1_102' title='bbox 753 1650 795 1718; x_wconf 91' lang='lat' dir='ltr'><strong>ad</strong></span> <span class='ocrx_word' id='word_1_103' title='bbox 812 1655 959 1719; x_wconf 84' lang='lat' dir='ltr'><strong>arborem</strong></span> <span class='ocrx_word' id='word_1_104' title='bbox 984 1657 1045 1740; x_wconf 75' lang='lat' dir='ltr'><strong>cpe</strong></span> <span class='ocrx_word' id='word_1_105' title='bbox 1072 1674 1165 1721; x_wconf 87' lang='lat' dir='ltr'><strong>cruce</strong></span> <span class='ocrx_word' id='word_1_106' title='bbox 1190 1653 1379 1740; x_wconf 64' lang='lat' dir='ltr'><strong>signatam</strong></span> <span class='ocrx_word' id='word_1_107' title='bbox 1409 1663 1438 1720; x_wconf 89' lang='lat' dir='ltr'><strong>et</strong></span> 
     </span>
    </p>
   </div>
   <div class='ocr_carea' id='block_1_5' title="bbox 308 1747 1542 1956">
    <p class='ocr_par' dir='ltr' id='par_1_5' title="bbox 308 1747 1542 1956">
     <span class='ocr_line' id='line_1_14' title="bbox 308 1747 1542 1849; baseline -0.003 -19"><span class='ocrx_word' id='word_1_108' title='bbox 308 1784 367 1849; x_wconf 90' lang='lat' dir='ltr'><strong>per</strong></span> <span class='ocrx_word' id='word_1_109' title='bbox 384 1765 521 1830; x_wconf 90' lang='lat' dir='ltr'><strong>eandem</strong></span> <span class='ocrx_word' id='word_1_110' title='bbox 537 1761 685 1828; x_wconf 89' lang='lat' dir='ltr'><strong>semitam</strong></span> <span class='ocrx_word' id='word_1_111' title='bbox 702 1747 926 1826; x_wconf 84' lang='lat' dir='ltr'><strong>iuxtaterram</strong></span> <span class='ocrx_word' id='word_1_112' title='bbox 942 1770 1085 1828; x_wconf 76' lang='lat' dir='ltr'><strong>noenum</strong></span> <span class='ocrx_word' id='word_1_113' title='bbox 1102 1761 1260 1827; x_wconf 84' lang='lat' dir='ltr'><strong>Zelnieha</strong></span> <span class='ocrx_word' id='word_1_114' title='bbox 1285 1768 1433 1827; x_wconf 86' lang='lat' dir='ltr'><strong>uocatam</strong></span> <span class='ocrx_word' id='word_1_115' title='bbox 1541 1801 1542 1836; x_wconf 71' lang='lat' dir='ltr'><strong>r</strong></span> 
     </span>
     <span class='ocr_line' id='line_1_15' title="bbox 309 1866 1542 1956; baseline -0.001 -20"><span class='ocrx_word' id='word_1_116' title='bbox 309 1871 458 1938; x_wconf 78' lang='lat' dir='ltr'><strong>cenitari</strong></span> <span class='ocrx_word' id='word_1_117' title='bbox 482 1889 647 1953; x_wconf 87' lang='lat' dir='ltr'><strong>cerasum;</strong></span> <span class='ocrx_word' id='word_1_118' title='bbox 673 1866 793 1935; x_wconf 87' lang='lat' dir='ltr'><strong>exinde</strong></span> <span class='ocrx_word' id='word_1_119' title='bbox 820 1888 879 1954; x_wconf 92' lang='lat' dir='ltr'><strong>per</strong></span> <span class='ocrx_word' id='word_1_120' title='bbox 905 1870 1042 1937; x_wconf 85' lang='lat' dir='ltr'><strong>eandem</strong></span> <span class='ocrx_word' id='word_1_121' title='bbox 1068 1870 1218 1936; x_wconf 84' lang='lat' dir='ltr'><strong>semitam</strong></span> <span class='ocrx_word' id='word_1_122' title='bbox 1244 1871 1432 1956; x_wconf 87' lang='lat' dir='ltr'><strong>peripsum</strong></span> <span class='ocrx_word' id='word_1_123' title='bbox 1541 1871 1542 1882; x_wconf 52' lang='lat'>*</span> 
     </span>
    </p>
   </div>
   <div class='ocr_carea' id='block_1_6' title="bbox 309 1976 1432 2064">
    <p class='ocr_par' dir='ltr' id='par_1_6' title="bbox 309 1959 1542 2066">
     <span class='ocr_line' id='line_1_16' title="bbox 309 1976 1432 2064; baseline -0.002 -19"><span class='ocrx_word' id='word_1_124' title='bbox 309 1979 406 2045; x_wconf 85' lang='lat' dir='ltr'><strong>berch</strong></span> <span class='ocrx_word' id='word_1_125' title='bbox 424 1979 570 2064; x_wconf 90' lang='lat' dir='ltr'><strong>peruenit</strong></span> <span class='ocrx_word' id='word_1_126' title='bbox 582 1977 623 2044; x_wconf 87' lang='lat' dir='ltr'><strong>ad</strong></span> <span class='ocrx_word' id='word_1_127' title='bbox 635 1977 782 2044; x_wconf 86' lang='lat' dir='ltr'><strong>arborem</strong></span> <span class='ocrx_word' id='word_1_128' title='bbox 793 1980 929 2043; x_wconf 73' lang='lat' dir='ltr'><strong>haroztlz</strong></span> <span class='ocrx_word' id='word_1_129' title='bbox 944 1997 1040 2045; x_wconf 90' lang='lat' dir='ltr'><strong>cruce</strong></span> <span class='ocrx_word' id='word_1_130' title='bbox 1050 1978 1226 2064; x_wconf 80' lang='lat' dir='ltr'><strong>signatam,</strong></span> <span class='ocrx_word' id='word_1_131' title='bbox 1237 1976 1293 2042; x_wconf 89' lang='lat' dir='ltr'><strong>ubi</strong></span> <span class='ocrx_word' id='word_1_132' title='bbox 1310 1982 1432 2042; x_wconf 85' lang='lat' dir='ltr'><strong>eterra</strong></span> 
     </span>
    </p>
   </div>
   <div class='ocr_carea' id='block_1_7' title="bbox 308 2083 1432 2386">
    <p class='ocr_par' dir='ltr' id='par_1_7' title="bbox 308 2083 1432 2386">
     <span class='ocr_line' id='line_1_17' title="bbox 308 2083 1431 2170; baseline 0 -20"><span class='ocrx_word' id='word_1_133' title='bbox 308 2084 463 2151; x_wconf 86' lang='lat' dir='ltr'><strong>chnieha</strong></span> <span class='ocrx_word' id='word_1_134' title='bbox 478 2091 662 2170; x_wconf 86' lang='lat' dir='ltr'><strong>separatur·;</strong></span> <span class='ocrx_word' id='word_1_135' title='bbox 681 2085 800 2151; x_wconf 85' lang='lat' dir='ltr'><strong>abhinc</strong></span> <span class='ocrx_word' id='word_1_136' title='bbox 815 2083 908 2152; x_wconf 83' lang='lat' dir='ltr'><strong>iuxta</strong></span> <span class='ocrx_word' id='word_1_137' title='bbox 923 2083 1022 2151; x_wconf 83' lang='lat' dir='ltr'><strong>aliam</strong></span> <span class='ocrx_word' id='word_1_138' title='bbox 1038 2092 1157 2150; x_wconf 88' lang='lat' dir='ltr'><strong>terram</strong></span> <span class='ocrx_word' id='word_1_139' title='bbox 1174 2083 1298 2151; x_wconf 89' lang='lat' dir='ltr'><strong>Domus</strong></span> <span class='ocrx_word' id='word_1_140' title='bbox 1324 2091 1431 2150; x_wconf 89' lang='lat' dir='ltr'><strong>nostre</strong></span> 
     </span>
     <span class='ocr_line' id='line_1_18' title="bbox 309 2191 1431 2278; baseline 0.002 -22"><span class='ocrx_word' id='word_1_141' title='bbox 309 2191 416 2258; x_wconf 90' lang='lat' dir='ltr'><strong>adhuc</strong></span> <span class='ocrx_word' id='word_1_142' title='bbox 432 2212 490 2276; x_wconf 92' lang='lat' dir='ltr'><strong>per</strong></span> <span class='ocrx_word' id='word_1_143' title='bbox 515 2191 652 2258; x_wconf 85' lang='lat' dir='ltr'><strong>eandem</strong></span> <span class='ocrx_word' id='word_1_144' title='bbox 677 2191 826 2258; x_wconf 82' lang='lat' dir='ltr'><strong>semitam</strong></span> <span class='ocrx_word' id='word_1_145' title='bbox 850 2191 964 2276; x_wconf 89' lang='lat' dir='ltr'><strong>tendit,</strong></span> <span class='ocrx_word' id='word_1_146' title='bbox 991 2197 1023 2258; x_wconf 90' lang='lat' dir='ltr'><strong>ct</strong></span> <span class='ocrx_word' id='word_1_147' title='bbox 1048 2211 1105 2276; x_wconf 90' lang='lat' dir='ltr'><strong>per·</strong></span> <span class='ocrx_word' id='word_1_148' title='bbox 1128 2192 1262 2275; x_wconf 82' lang='lat' dir='ltr'><strong>aliquod</strong></span> <span class='ocrx_word' id='word_1_149' title='bbox 1286 2192 1431 2278; x_wconf 88' lang='lat' dir='ltr'><strong>spacium</strong></span> 
     </span>
     <span class='ocr_line' id='line_1_19' title="bbox 308 2299 1432 2386; baseline 0.001 -21"><span class='ocrx_word' id='word_1_150' title='bbox 308 2299 471 2367; x_wconf 89' lang='lat' dir='ltr'><strong>tendendo</strong></span> <span class='ocrx_word' id='word_1_151' title='bbox 488 2304 657 2384; x_wconf 88' lang='lat' dir='ltr'><strong>separatur</strong></span> <span class='ocrx_word' id='word_1_152' title='bbox 674 2319 693 2364; x_wconf 90' lang='lat' dir='ltr'><strong>a</strong></span> <span class='ocrx_word' id='word_1_153' title='bbox 710 2307 796 2368; x_wconf 87' lang='lat' dir='ltr'><strong>terra</strong></span> <span class='ocrx_word' id='word_1_154' title='bbox 821 2301 907 2367; x_wconf 89' lang='lat' dir='ltr'><strong>Butk</strong></span> <span class='ocrx_word' id='word_1_155' title='bbox 933 2299 1117 2385; x_wconf 79' lang='lat' dir='ltr'><strong>prenotati3</strong></span> <span class='ocrx_word' id='word_1_156' title='bbox 1147 2299 1262 2366; x_wconf 86' lang='lat' dir='ltr'><strong>exinde</strong></span> <span class='ocrx_word' id='word_1_157' title='bbox 1287 2300 1432 2386; x_wconf 87' lang='lat' dir='ltr'><strong>peruenit</strong></span> 
     </span>
    </p>
   </div>
   <div class='ocr_carea' id='block_1_8' title="bbox 306 2405 1542 2601">
    <p class='ocr_par' dir='ltr' id='par_1_8' title="bbox 306 2397 1542 2601">
     <span class='ocr_line' id='line_1_20' title="bbox 308 2405 1431 2493; baseline -0.002 -19"><span class='ocrx_word' id='word_1_158' title='bbox 308 2406 352 2474; x_wconf 91' lang='lat' dir='ltr'><strong>ad</strong></span> <span class='ocrx_word' id='word_1_159' title='bbox 367 2407 463 2492; x_wconf 91' lang='lat' dir='ltr'><strong>uiam,</strong></span> <span class='ocrx_word' id='word_1_160' title='bbox 481 2425 649 2493; x_wconf 89' lang='lat' dir='ltr'><strong>perquam</strong></span> <span class='ocrx_word' id='word_1_161' title='bbox 666 2407 752 2473; x_wconf 85' lang='lat' dir='ltr'><strong>uiam</strong></span> <span class='ocrx_word' id='word_1_162' title='bbox 769 2406 877 2474; x_wconf 84' lang='lat' dir='ltr'><strong>adhuc</strong></span> <span class='ocrx_word' id='word_1_163' title='bbox 894 2427 952 2492; x_wconf 92' lang='lat' dir='ltr'><strong>per</strong></span> <span class='ocrx_word' id='word_1_164' title='bbox 968 2405 1106 2474; x_wconf 90' lang='lat' dir='ltr'><strong>eundem</strong></span> <span class='ocrx_word' id='word_1_165' title='bbox 1123 2407 1222 2474; x_wconf 89' lang='lat' dir='ltr'><strong>berch</strong></span> <span class='ocrx_word' id='word_1_166' title='bbox 1248 2407 1356 2475; x_wconf 90' lang='lat' dir='ltr'><strong>eundo</strong></span> <span class='ocrx_word' id='word_1_167' title='bbox 1382 2429 1431 2474; x_wconf 89' lang='lat' dir='ltr'><strong>sa·</strong></span> 
     </span>
     <span class='ocr_line' id='line_1_21' title="bbox 306 2514 1542 2601; baseline -0.002 -19"><span class='ocrx_word' id='word_1_168' title='bbox 306 2517 348 2582; x_wconf 91' lang='lat' dir='ltr'><strong>tis</strong></span> <span class='ocrx_word' id='word_1_169' title='bbox 363 2536 421 2601; x_wconf 89' lang='lat' dir='ltr'><strong>per</strong></span> <span class='ocrx_word' id='word_1_170' title='bbox 437 2534 588 2600; x_wconf 85' lang='lat' dir='ltr'><strong>magnum</strong></span> <span class='ocrx_word' id='word_1_171' title='bbox 604 2515 750 2601; x_wconf 89' lang='lat' dir='ltr'><strong>spacium</strong></span> <span class='ocrx_word' id='word_1_172' title='bbox 766 2514 855 2582; x_wconf 88' lang='lat' dir='ltr'><strong>uenit</strong></span> <span class='ocrx_word' id='word_1_173' title='bbox 871 2515 914 2580; x_wconf 87' lang='lat' dir='ltr'><strong>ad</strong></span> <span class='ocrx_word' id='word_1_174' title='bbox 941 2535 1092 2599; x_wconf 86' lang='lat' dir='ltr'><strong>magnam</strong></span> <span class='ocrx_word' id='word_1_175' title='bbox 1118 2515 1214 2600; x_wconf 89' lang='lat' dir='ltr'><strong>uiam,</strong></span> <span class='ocrx_word' id='word_1_176' title='bbox 1240 2533 1303 2597; x_wconf 91' lang='lat' dir='ltr'><strong>que</strong></span> <span class='ocrx_word' id='word_1_177' title='bbox 1328 2516 1431 2583; x_wconf 88' lang='lat' dir='ltr'><strong>tendit</strong></span> <span class='ocrx_word' id='word_1_178' title='bbox 1541 2521 1542 2546; x_wconf 66' lang='lat'>³</span> 
     </span>
    </p>
   </div>
   <div class='ocr_carea' id='block_1_9' title="bbox 304 2621 1542 2813">
    <p class='ocr_par' dir='ltr' id='par_1_9' title="bbox 304 2621 1542 2813">
     <span class='ocr_line' id='line_1_22' title="bbox 307 2621 1542 2708; baseline 0.002 -19"><span class='ocrx_word' id='word_1_179' title='bbox 307 2641 421 2692; x_wconf 90' lang='lat' dir='ltr'><strong>uersus</strong></span> <span class='ocrx_word' id='word_1_180' title='bbox 438 2621 548 2690; x_wconf 90' lang='lat' dir='ltr'><strong>uillam</strong></span> <span class='ocrx_word' id='word_1_181' title='bbox 567 2623 782 2708; x_wconf 80' lang='lat' dir='ltr'><strong>Orisiensem3</strong></span> <span class='ocrx_word' id='word_1_182' title='bbox 800 2643 857 2708; x_wconf 88' lang='lat' dir='ltr'><strong>per</strong></span> <span class='ocrx_word' id='word_1_183' title='bbox 873 2643 969 2707; x_wconf 90' lang='lat' dir='ltr'><strong>quam</strong></span> <span class='ocrx_word' id='word_1_184' title='bbox 985 2624 1073 2690; x_wconf 90' lang='lat' dir='ltr'><strong>uiam</strong></span> <span class='ocrx_word' id='word_1_185' title='bbox 1099 2621 1233 2689; x_wconf 90' lang='lat' dir='ltr'><strong>diuertit</strong></span> <span class='ocrx_word' id='word_1_186' title='bbox 1259 2623 1302 2687; x_wconf 89' lang='lat' dir='ltr'><strong>ad</strong></span> <span class='ocrx_word' id='word_1_187' title='bbox 1327 2621 1430 2690; x_wconf 89' lang='lat' dir='ltr'><strong>oricn-</strong></span> <span class='ocrx_word' id='word_1_188' title='bbox 1541 2687 1542 2690; x_wconf 74' lang='grc'>,</span> 
     </span>
     <span class='ocr_line' id='line_1_23' title="bbox 304 2713 1542 2813; baseline 0.003 -20"><span class='ocrx_word' id='word_1_189' title='bbox 304 2735 380 2812; x_wconf 90' lang='lat' dir='ltr'><strong>tem,</strong></span> <span class='ocrx_word' id='word_1_190' title='bbox 396 2735 429 2796; x_wconf 90' lang='lat' dir='ltr'><strong>et</strong></span> <span class='ocrx_word' id='word_1_191' title='bbox 444 2728 528 2795; x_wconf 92' lang='lat' dir='ltr'><strong>cadit</strong></span> <span class='ocrx_word' id='word_1_192' title='bbox 545 2731 579 2796; x_wconf 96' lang='lat' dir='ltr'><strong>in</strong></span> <span class='ocrx_word' id='word_1_193' title='bbox 595 2729 727 2796; x_wconf 91' lang='lat' dir='ltr'><strong>fluuium</strong></span> <span class='ocrx_word' id='word_1_194' title='bbox 745 2729 900 2813; x_wconf 76' lang='lat' dir='ltr'><strong>Gragena</strong></span> <span class='ocrx_word' id='word_1_195' title='bbox 916 2735 1139 2813; x_wconf 89' lang='lat' dir='ltr'><strong>memoratum,</strong></span> <span class='ocrx_word' id='word_1_196' title='bbox 1156 2728 1212 2794; x_wconf 92' lang='lat' dir='ltr'><strong>ubi</strong></span> <span class='ocrx_word' id='word_1_197' title='bbox 1228 2734 1314 2794; x_wconf 90' lang='lat' dir='ltr'><strong>terre</strong></span> <span class='ocrx_word' id='word_1_198' title='bbox 1339 2731 1429 2797; x_wconf 90' lang='lat' dir='ltr'><strong>ioba-</strong></span> <span class='ocrx_word' id='word_1_199' title='bbox 1541 2713 1542 2740; x_wconf 68' lang='lat'><em>³</em></span> 
     </span>
    </p>
   </div>
   <div class='ocr_carea' id='block_1_10' title="bbox 295 2829 1427 3893">
    <p class='ocr_par' dir='ltr' id='par_1_10' title="bbox 295 2829 1427 3893">
     <span class='ocr_line' id='line_1_24' title="bbox 303 2829 1427 2923; baseline 0 -19"><span class='ocrx_word' id='word_1_200' title='bbox 303 2829 435 2922; x_wconf 55' lang='lat' dir='ltr'><strong>monum</strong></span> <span class='ocrx_word' id='word_1_201' title='bbox 451 2837 558 2904; x_wconf 80' lang='lat' dir='ltr'><strong>Casiri</strong></span> <span class='ocrx_word' id='word_1_202' title='bbox 573 2835 745 2906; x_wconf 81' lang='lat' dir='ltr'><strong>Orisiensis</strong></span> <span class='ocrx_word' id='word_1_203' title='bbox 762 2844 994 2923; x_wconf 88' lang='lat' dir='ltr'><strong>commetatur;</strong></span> <span class='ocrx_word' id='word_1_204' title='bbox 1011 2858 1070 2922; x_wconf 91' lang='lat' dir='ltr'><strong>per</strong></span> <span class='ocrx_word' id='word_1_205' title='bbox 1095 2857 1190 2920; x_wconf 84' lang='lat' dir='ltr'><strong>quem</strong></span> <span class='ocrx_word' id='word_1_206' title='bbox 1217 2837 1352 2904; x_wconf 88' lang='lat' dir='ltr'><strong>fluuium</strong></span> <span class='ocrx_word' id='word_1_207' title='bbox 1379 2857 1427 2904; x_wconf 91' lang='lat' dir='ltr'><strong>su-</strong></span> 
     </span>
     <span class='ocr_line' id='line_1_25' title="bbox 302 2944 1427 3041; baseline 0.002 -31"><span class='ocrx_word' id='word_1_208' title='bbox 302 2944 411 3029; x_wconf 90' lang='lat' dir='ltr'><strong>perius</strong></span> <span class='ocrx_word' id='word_1_209' title='bbox 426 2945 471 3012; x_wconf 90' lang='lat' dir='ltr'><strong>ad</strong></span> <span class='ocrx_word' id='word_1_210' title='bbox 488 2945 750 3032; x_wconf 87' lang='lat' dir='ltr'><strong>septemtrionem</strong></span> <span class='ocrx_word' id='word_1_211' title='bbox 765 2946 858 3014; x_wconf 84' lang='lat' dir='ltr'><strong>iuxta</strong></span> <span class='ocrx_word' id='word_1_212' title='bbox 873 2951 991 3024; x_wconf 81' lang='lat' dir='ltr'><strong>terram</strong></span> <span class='ocrx_word' id='word_1_213' title='bbox 1016 2945 1193 3041; x_wconf 83' lang='lat' dir='ltr'><strong>eorundem</strong></span> <span class='ocrx_word' id='word_1_214' title='bbox 1218 2945 1427 3030; x_wconf 85' lang='lat' dir='ltr'><strong>iobagionum</strong></span> 
     </span>
     <span class='ocr_line' id='line_1_26' title="bbox 302 3051 1427 3140; baseline -0.002 -20"><span class='ocrx_word' id='word_1_215' title='bbox 302 3051 408 3121; x_wconf 73' lang='lat' dir='ltr'><strong>(lastri</strong></span> <span class='ocrx_word' id='word_1_216' title='bbox 423 3053 571 3140; x_wconf 89' lang='lat' dir='ltr'><strong>peruenit</strong></span> <span class='ocrx_word' id='word_1_217' title='bbox 587 3053 630 3120; x_wconf 90' lang='lat' dir='ltr'><strong>ad</strong></span> <span class='ocrx_word' id='word_1_218' title='bbox 655 3055 801 3121; x_wconf 88' lang='lat' dir='ltr'><strong>arborem</strong></span> <span class='ocrx_word' id='word_1_219' title='bbox 829 3055 902 3140; x_wconf 82' lang='lat' dir='ltr'><strong>piri,</strong></span> <span class='ocrx_word' id='word_1_220' title='bbox 929 3054 983 3121; x_wconf 91' lang='lat' dir='ltr'><strong>ubi</strong></span> <span class='ocrx_word' id='word_1_221' title='bbox 1012 3060 1096 3121; x_wconf 85' lang='lat' dir='ltr'><strong>terre</strong></span> <span class='ocrx_word' id='word_1_222' title='bbox 1121 3051 1427 3139; x_wconf 85' lang='lat' dir='ltr'><strong>empticieeiusdem</strong></span> 
     </span>
     <span class='ocr_line' id='line_1_27' title="bbox 300 3159 1427 3247; baseline 0 -21"><span class='ocrx_word' id='word_1_223' title='bbox 300 3160 387 3228; x_wconf 88' lang='lat' dir='ltr'><strong>Petri</strong></span> <span class='ocrx_word' id='word_1_224' title='bbox 404 3160 574 3247; x_wconf 89' lang='lat' dir='ltr'><strong>uicinatnr,</strong></span> <span class='ocrx_word' id='word_1_225' title='bbox 590 3181 686 3245; x_wconf 87' lang='lat' dir='ltr'><strong>quam</strong></span> <span class='ocrx_word' id='word_1_226' title='bbox 704 3183 725 3228; x_wconf 86' lang='lat' dir='ltr'><strong>e</strong></span> <span class='ocrx_word' id='word_1_227' title='bbox 742 3164 837 3229; x_wconf 91' lang='lat' dir='ltr'><strong>Petro</strong></span> <span class='ocrx_word' id='word_1_228' title='bbox 852 3161 920 3228; x_wconf 87' lang='lat' dir='ltr'><strong>filio</strong></span> <span class='ocrx_word' id='word_1_229' title='bbox 937 3163 1052 3246; x_wconf 83' lang='lat' dir='ltr'><strong>Zulga‚</strong></span> <span class='ocrx_word' id='word_1_230' title='bbox 1072 3168 1103 3226; x_wconf 88' lang='lat' dir='ltr'><strong>et</strong></span> <span class='ocrx_word' id='word_1_231' title='bbox 1119 3159 1256 3228; x_wconf 89' lang='lat' dir='ltr'><strong>Nicolao</strong></span> <span class='ocrx_word' id='word_1_232' title='bbox 1266 3159 1334 3226; x_wconf 90' lang='lat' dir='ltr'><strong>lilio</strong></span> <span class='ocrx_word' id='word_1_233' title='bbox 1345 3161 1427 3228; x_wconf 87' lang='lat' dir='ltr'><strong>Jcnc</strong></span> 
     </span>
     <span class='ocr_line' id='line_1_28' title="bbox 300 3268 1423 3356; baseline -0.001 -20"><span class='ocrx_word' id='word_1_234' title='bbox 300 3274 332 3336; x_wconf 86' lang='lat' dir='ltr'><strong>ct</strong></span> <span class='ocrx_word' id='word_1_235' title='bbox 348 3268 414 3335; x_wconf 87' lang='lat' dir='ltr'><strong>suis</strong></span> <span class='ocrx_word' id='word_1_236' title='bbox 430 3268 586 3355; x_wconf 83' lang='lat' dir='ltr'><strong>proximis</strong></span> <span class='ocrx_word' id='word_1_237' title='bbox 602 3269 769 3356; x_wconf 86' lang='lat' dir='ltr'><strong>empcione</strong></span> <span class='ocrx_word' id='word_1_238' title='bbox 784 3271 1001 3356; x_wconf 80' lang='lat' dir='ltr'><strong>comparauit3</strong></span> <span class='ocrx_word' id='word_1_239' title='bbox 1020 3275 1052 3335; x_wconf 88' lang='lat' dir='ltr'><strong>et</strong></span> <span class='ocrx_word' id='word_1_240' title='bbox 1078 3270 1170 3334; x_wconf 86' lang='lat' dir='ltr'><strong>iuxta</strong></span> <span class='ocrx_word' id='word_1_241' title='bbox 1195 3268 1334 3336; x_wconf 86' lang='lat' dir='ltr'><strong>eandem</strong></span> <span class='ocrx_word' id='word_1_242' title='bbox 1362 3276 1423 3336; x_wconf 91' lang='lat' dir='ltr'><strong>ter·</strong></span> 
     </span>
     <span class='ocr_line' id='line_1_29' title="bbox 297 3376 1425 3464; baseline 0.002 -24"><span class='ocrx_word' id='word_1_243' title='bbox 297 3393 366 3441; x_wconf 91' lang='lat' dir='ltr'><strong>ram</strong></span> <span class='ocrx_word' id='word_1_244' title='bbox 381 3395 440 3461; x_wconf 92' lang='lat' dir='ltr'><strong>per</strong></span> <span class='ocrx_word' id='word_1_245' title='bbox 455 3376 593 3446; x_wconf 90' lang='lat' dir='ltr'><strong>eundem</strong></span> <span class='ocrx_word' id='word_1_246' title='bbox 617 3377 750 3445; x_wconf 90' lang='lat' dir='ltr'><strong>fluuium</strong></span> <span class='ocrx_word' id='word_1_247' title='bbox 779 3379 930 3463; x_wconf 78' lang='lat' dir='ltr'><strong>Gragcna</strong></span> <span class='ocrx_word' id='word_1_248' title='bbox 953 3377 1104 3463; x_wconf 87' lang='lat' dir='ltr'><strong>peruenit</strong></span> <span class='ocrx_word' id='word_1_249' title='bbox 1128 3376 1172 3443; x_wconf 86' lang='lat' dir='ltr'><strong>ad</strong></span> <span class='ocrx_word' id='word_1_250' title='bbox 1198 3384 1296 3463; x_wconf 81' lang='lat' dir='ltr'><strong>caput</strong></span> <span class='ocrx_word' id='word_1_251' title='bbox 1322 3377 1425 3464; x_wconf 89' lang='lat' dir='ltr'><strong>ipsius</strong></span> 
     </span>
     <span class='ocr_line' id='line_1_30' title="bbox 298 3482 1423 3572; baseline -0.002 -22"><span class='ocrx_word' id='word_1_252' title='bbox 298 3482 401 3570; x_wconf 89' lang='lat' dir='ltr'><strong>finuij,</strong></span> <span class='ocrx_word' id='word_1_253' title='bbox 418 3483 473 3551; x_wconf 93' lang='lat' dir='ltr'><strong>ubi</strong></span> <span class='ocrx_word' id='word_1_254' title='bbox 491 3492 540 3553; x_wconf 89' lang='lat' dir='ltr'><strong>est</strong></span> <span class='ocrx_word' id='word_1_255' title='bbox 555 3489 642 3554; x_wconf 87' lang='lat' dir='ltr'><strong>meta</strong></span> <span class='ocrx_word' id='word_1_256' title='bbox 659 3505 795 3570; x_wconf 81' lang='lat' dir='ltr'><strong>egressa</strong></span> <span class='ocrx_word' id='word_1_257' title='bbox 811 3505 868 3553; x_wconf 88' lang='lat' dir='ltr'><strong>scu</strong></span> <span class='ocrx_word' id='word_1_258' title='bbox 883 3485 1023 3572; x_wconf 88' lang='lat' dir='ltr'><strong>incepta.</strong></span> <span class='ocrx_word' id='word_1_259' title='bbox 1040 3485 1078 3550; x_wconf 93' lang='lat' dir='ltr'><strong>In</strong></span> <span class='ocrx_word' id='word_1_260' title='bbox 1095 3483 1185 3552; x_wconf 90' lang='lat' dir='ltr'><strong>euius</strong></span> <span class='ocrx_word' id='word_1_261' title='bbox 1201 3485 1249 3550; x_wconf 91' lang='lat' dir='ltr'><strong>rei</strong></span> <span class='ocrx_word' id='word_1_262' title='bbox 1259 3483 1423 3552; x_wconf 86' lang='lat' dir='ltr'><strong>certitudi-</strong></span> 
     </span>
     <span class='ocr_line' id='line_1_31' title="bbox 296 3591 1420 3678; baseline -0.002 -20"><span class='ocrx_word' id='word_1_263' title='bbox 296 3611 370 3659; x_wconf 88' lang='lat' dir='ltr'><strong>nem</strong></span> <span class='ocrx_word' id='word_1_264' title='bbox 385 3601 554 3678; x_wconf 83' lang='lat' dir='ltr'><strong>presentes</strong></span> <span class='ocrx_word' id='word_1_265' title='bbox 577 3592 702 3660; x_wconf 89' lang='lat' dir='ltr'><strong>littcras</strong></span> <span class='ocrx_word' id='word_1_266' title='bbox 732 3593 906 3662; x_wconf 89' lang='lat' dir='ltr'><strong>munimine</strong></span> <span class='ocrx_word' id='word_1_267' title='bbox 931 3593 1034 3660; x_wconf 91' lang='lat' dir='ltr'><strong>nostri</strong></span> <span class='ocrx_word' id='word_1_268' title='bbox 1058 3592 1160 3676; x_wconf 84' lang='lat' dir='ltr'><strong>sigilli</strong></span> <span class='ocrx_word' id='word_1_269' title='bbox 1185 3591 1321 3659; x_wconf 83' lang='lat' dir='ltr'><strong>fecimus</strong></span> <span class='ocrx_word' id='word_1_270' title='bbox 1347 3591 1420 3658; x_wconf 89' lang='lat' dir='ltr'><strong>insi·</strong></span> 
     </span>
     <span class='ocr_line' id='line_1_32' title="bbox 296 3697 1423 3787; baseline -0.004 -21"><span class='ocrx_word' id='word_1_271' title='bbox 296 3699 390 3783; x_wconf 83' lang='lat' dir='ltr'><strong>gniri.</strong></span> <span class='ocrx_word' id='word_1_272' title='bbox 407 3700 528 3767; x_wconf 89' lang='lat' dir='ltr'><strong>Datum</strong></span> <span class='ocrx_word' id='word_1_273' title='bbox 545 3701 579 3767; x_wconf 92' lang='lat' dir='ltr'><strong>in</strong></span> <span class='ocrx_word' id='word_1_274' title='bbox 596 3701 767 3786; x_wconf 90' lang='lat' dir='ltr'><strong>quindenis</strong></span> <span class='ocrx_word' id='word_1_275' title='bbox 784 3700 1012 3787; x_wconf 85' lang='lat' dir='ltr'><strong>Apostolorum</strong></span> <span class='ocrx_word' id='word_1_276' title='bbox 1028 3701 1119 3768; x_wconf 91' lang='lat' dir='ltr'><strong>Petri</strong></span> <span class='ocrx_word' id='word_1_277' title='bbox 1135 3705 1168 3764; x_wconf 88' lang='lat' dir='ltr'><strong>et</strong></span> <span class='ocrx_word' id='word_1_278' title='bbox 1184 3699 1280 3766; x_wconf 90' lang='lat' dir='ltr'><strong>Pauli</strong></span> <span class='ocrx_word' id='word_1_279' title='bbox 1291 3700 1327 3765; x_wconf 93' lang='lat' dir='ltr'><strong>in</strong></span> <span class='ocrx_word' id='word_1_280' title='bbox 1348 3697 1423 3765; x_wconf 88' lang='lat' dir='ltr'><strong>ciui·</strong></span> 
     </span>
     <span class='ocr_line' id='line_1_33' title="bbox 295 3805 1363 3893; baseline -0.001 -22"><span class='ocrx_word' id='word_1_281' title='bbox 295 3812 362 3872; x_wconf 84' lang='lat' dir='ltr'><strong>tete</strong></span> <span class='ocrx_word' id='word_1_282' title='bbox 377 3805 591 3893; x_wconf 83' lang='lat' dir='ltr'><strong>Zagrebiensi</strong></span> <span class='ocrx_word' id='word_1_283' title='bbox 605 3828 691 3876; x_wconf 91' lang='lat' dir='ltr'><strong>anno</strong></span> <span class='ocrx_word' id='word_1_284' title='bbox 707 3807 839 3875; x_wconf 92' lang='lat' dir='ltr'><strong>Domini</strong></span> <span class='ocrx_word' id='word_1_285' title='bbox 855 3805 966 3874; x_wconf 78' lang='lat' dir='ltr'>M⁰OO⁰</span> <span class='ocrx_word' id='word_1_286' title='bbox 982 3806 1194 3892; x_wconf 84' lang='lat' dir='ltr'><strong>nonagesimo</strong></span> <span class='ocrx_word' id='word_1_287' title='bbox 1210 3805 1363 3875; x_wconf 89' lang='lat' dir='ltr'><strong>secundo.</strong></span> 
     </span>
    </p>
   </div>
   <div class='ocr_carea' id='block_1_11' title="bbox 294 4002 1407 4166">
    <p class='ocr_par' dir='ltr' id='par_1_11' title="bbox 294 4002 1407 4166">
     <span class='ocr_line' id='line_1_34' title="bbox 294 4002 1407 4074; baseline -0.003 -19"><span class='ocrx_word' id='word_1_288' title='bbox 294 4005 430 4071; x_wconf 84' lang='lat' dir='ltr'><strong>(Eredetie</strong></span> <span class='ocrx_word' id='word_1_289' title='bbox 442 4003 617 4074; x_wconf 63' lang='lat' dir='ltr'><strong>bdrbdrtydm</strong></span> <span class='ocrx_word' id='word_1_290' title='bbox 633 4007 746 4073; x_wconf 80' lang='lat' dir='ltr'><strong>melyrb&#39;l</strong></span> <span class='ocrx_word' id='word_1_291' title='bbox 759 4022 776 4058; x_wconf 88' lang='lat' dir='ltr'><strong>a</strong></span> <span class='ocrx_word' id='word_1_292' title='bbox 790 4007 917 4058; x_wconf 86' lang='lat' dir='ltr'><strong>ceaknem</strong></span> <span class='ocrx_word' id='word_1_293' title='bbox 931 4002 1046 4072; x_wconf 70' lang='lat' dir='ltr'><strong>egenhen</strong></span> <span class='ocrx_word' id='word_1_294' title='bbox 1060 4003 1093 4071; x_wconf 77' lang='lat' dir='ltr'><strong>dp</strong></span> <span class='ocrx_word' id='word_1_295' title='bbox 1105 4002 1199 4071; x_wconf 78' lang='lat' dir='ltr'><strong>pecsdt</strong></span> <span class='ocrx_word' id='word_1_296' title='bbox 1212 4003 1407 4057; x_wconf 81' lang='lat' dir='ltr'><strong>henderlonalc</strong></span> 
     </span>
     <span class='ocr_line' id='line_1_35' title="bbox 517 4093 1202 4166; baseline -0.007 -16"><span class='ocrx_word' id='word_1_297' title='bbox 517 4101 572 4152; x_wconf 85' lang='lat' dir='ltr'><strong>lron</strong></span> <span class='ocrx_word' id='word_1_298' title='bbox 585 4100 652 4166; x_wconf 75' lang='lat' dir='ltr'><strong>lligg</strong></span> <span class='ocrx_word' id='word_1_299' title='bbox 666 4117 672 4162; x_wconf 82' lang='lat'><strong>;</strong></span> <span class='ocrx_word' id='word_1_300' title='bbox 686 4115 703 4150; x_wconf 87' lang='lat' dir='ltr'><strong>a</strong></span> <span class='ocrx_word' id='word_1_301' title='bbox 716 4100 797 4154; x_wconf 87' lang='lat' dir='ltr'><strong>hudai</strong></span> <span class='ocrx_word' id='word_1_302' title='bbox 811 4100 861 4150; x_wconf 79' lang='lat' dir='ltr'><strong>lrir.</strong></span> <span class='ocrx_word' id='word_1_303' title='bbox 875 4099 998 4152; x_wconf 84' lang='lat' dir='ltr'><strong>kamarai</strong></span> <span class='ocrx_word' id='word_1_304' title='bbox 1011 4093 1202 4162; x_wconf 68' lang='lat' dir='ltr'><strong>levdltdrbau.)</strong></span> 
     </span>
    </p>
   </div>
   <div class='ocr_carea' id='block_1_12' title="bbox 751 4389 962 4406">
    <p class='ocr_par' dir='ltr' id='par_1_12' title="bbox 751 4389 962 4406">
     <span class='ocr_line' id='line_1_36' title="bbox 751 4389 962 4406; baseline -0.005 -4"><span class='ocrx_word' id='word_1_305' title='bbox 751 4389 962 4406; x_wconf 61' lang='lat' dir='ltr'>..fl-...annun-</span> 
     </span>
    </p>
   </div>
   <div class='ocr_carea' id='block_1_13' title="bbox 0 0 1560 5158">
    <p class='ocr_par' dir='ltr' id='par_1_13' title="bbox 0 0 1560 5158">
     <span class='ocr_line' id='line_1_37' title="bbox 0 0 1560 5158; baseline 0 7"><span class='ocrx_word' id='word_1_306' title='bbox 0 0 1560 5158; x_wconf 95' lang='lat' dir='ltr'><strong> </strong></span> 
     </span>
    </p>
   </div>
  </div>
 </body>
</html>
