<?xml version="1.0" encoding="UTF-8"?>
<!DOCTYPE html PUBLIC "-//W3C//DTD XHTML 1.0 Transitional//EN"
    "http://www.w3.org/TR/xhtml1/DTD/xhtml1-transitional.dtd">
<html xmlns="http://www.w3.org/1999/xhtml" xml:lang="en" lang="en">
 <head>
  <title>
</title>
<meta http-equiv="Content-Type" content="text/html;charset=utf-8" />
  <meta name='ocr-system' content='tesseract 3.04.00' />
  <meta name='ocr-capabilities' content='ocr_page ocr_carea ocr_par ocr_line ocrx_word'/>
</head>
<body>
  <div class='ocr_page' id='page_1' title='image "./codexdiplomatic19wenzgoog_0282.png"; bbox 0 0 3098 5172; ppageno 0'>
   <div class='ocr_carea' id='block_1_1' title="bbox 840 268 987 366">
    <p class='ocr_par' dir='ltr' id='par_1_1' title="bbox 840 268 987 366">
     <span class='ocr_line' id='line_1_1' title="bbox 840 268 987 366; baseline 0 -32"><span class='ocrx_word' id='word_1_1' title='bbox 840 268 987 366; x_wconf 49' lang='lat' dir='ltr'><strong>jua-</strong></span> 
     </span>
    </p>
   </div>
   <div class='ocr_carea' id='block_1_2' title="bbox 346 461 1465 1946">
    <p class='ocr_par' dir='ltr' id='par_1_2' title="bbox 346 461 1465 1946">
     <span class='ocr_line' id='line_1_2' title="bbox 355 461 1465 549; baseline 0 -21"><span class='ocrx_word' id='word_1_2' title='bbox 355 464 434 530; x_wconf 90' lang='lat' dir='ltr'><strong>drea</strong></span> <span class='ocrx_word' id='word_1_3' title='bbox 449 463 617 531; x_wconf 79' lang='lat' dir='ltr'><strong>sacerdote</strong></span> <span class='ocrx_word' id='word_1_4' title='bbox 632 463 828 549; x_wconf 87' lang='lat' dir='ltr'><strong>supradicto,</strong></span> <span class='ocrx_word' id='word_1_5' title='bbox 844 471 877 530; x_wconf 90' lang='lat' dir='ltr'><strong>et</strong></span> <span class='ocrx_word' id='word_1_6' title='bbox 892 462 1093 548; x_wconf 91' lang='lat' dir='ltr'><strong>postmodum</strong></span> <span class='ocrx_word' id='word_1_7' title='bbox 1109 483 1150 528; x_wconf 83' lang='lat' dir='ltr'><strong>ex</strong></span> <span class='ocrx_word' id='word_1_8' title='bbox 1167 462 1288 530; x_wconf 87' lang='lat' dir='ltr'><strong>eisdem</strong></span> <span class='ocrx_word' id='word_1_9' title='bbox 1305 464 1370 546; x_wconf 87' lang='lat' dir='ltr'><strong>isti,</strong></span> <span class='ocrx_word' id='word_1_10' title='bbox 1394 461 1465 530; x_wconf 88' lang='lat' dir='ltr'><strong>uide-</strong></span> 
     </span>
     <span class='ocr_line' id='line_1_3' title="bbox 351 569 1461 656; baseline -0.001 -20"><span class='ocrx_word' id='word_1_11' title='bbox 351 570 428 637; x_wconf 89' lang='lat' dir='ltr'><strong>licet</strong></span> <span class='ocrx_word' id='word_1_12' title='bbox 444 572 600 655; x_wconf 79' lang='lat' dir='ltr'>Magister</span> <span class='ocrx_word' id='word_1_13' title='bbox 623 569 790 638; x_wconf 77' lang='lat' dir='ltr'><strong>turannos</strong></span> <span class='ocrx_word' id='word_1_14' title='bbox 808 578 841 637; x_wconf 93' lang='lat' dir='ltr'><strong>et</strong></span> <span class='ocrx_word' id='word_1_15' title='bbox 854 571 971 638; x_wconf 86' lang='lat' dir='ltr'><strong>tratres</strong></span> <span class='ocrx_word' id='word_1_16' title='bbox 996 572 1047 638; x_wconf 90' lang='lat' dir='ltr'><strong>sni</strong></span> <span class='ocrx_word' id='word_1_17' title='bbox 1062 569 1220 656; x_wconf 88' lang='lat' dir='ltr'><strong>Philipus‚</strong></span> <span class='ocrx_word' id='word_1_18' title='bbox 1241 570 1421 638; x_wconf 87' lang='lat' dir='ltr'><strong>Demetrius</strong></span> <span class='ocrx_word' id='word_1_19' title='bbox 1435 577 1461 636; x_wconf 87' lang='lat' dir='ltr'><strong>et</strong></span> 
     </span>
     <span class='ocr_line' id='line_1_4' title="bbox 353 677 1463 765; baseline 0 -21"><span class='ocrx_word' id='word_1_20' title='bbox 353 677 528 745; x_wconf 86' lang='lat' dir='ltr'><strong>Ladiulaus</strong></span> <span class='ocrx_word' id='word_1_21' title='bbox 559 678 696 745; x_wconf 88' lang='lat' dir='ltr'><strong>clericus</strong></span> <span class='ocrx_word' id='word_1_22' title='bbox 721 677 779 765; x_wconf 88' lang='lat' dir='ltr'><strong>filij</strong></span> <span class='ocrx_word' id='word_1_23' title='bbox 807 677 941 746; x_wconf 81' lang='lat' dir='ltr'><strong>Comitis</strong></span> <span class='ocrx_word' id='word_1_24' title='bbox 965 678 1147 764; x_wconf 86' lang='lat' dir='ltr'><strong>Ladizlay;</strong></span> <span class='ocrx_word' id='word_1_25' title='bbox 1179 679 1256 745; x_wconf 92' lang='lat' dir='ltr'><strong>item</strong></span> <span class='ocrx_word' id='word_1_26' title='bbox 1282 677 1463 745; x_wconf 78' lang='lat' dir='ltr'><strong>Benedictus</strong></span> 
     </span>
     <span class='ocr_line' id='line_1_5' title="bbox 353 785 1464 875; baseline -0.002 -22"><span class='ocrx_word' id='word_1_27' title='bbox 353 786 438 853; x_wconf 87' lang='lat' dir='ltr'><strong>filius</strong></span> <span class='ocrx_word' id='word_1_28' title='bbox 455 785 588 853; x_wconf 83' lang='lat' dir='ltr'><strong>Comitis</strong></span> <span class='ocrx_word' id='word_1_29' title='bbox 619 785 748 852; x_wconf 85' lang='lat' dir='ltr'><strong>Nicolai</strong></span> <span class='ocrx_word' id='word_1_30' title='bbox 763 785 805 852; x_wconf 92' lang='lat' dir='ltr'><strong>de</strong></span> <span class='ocrx_word' id='word_1_31' title='bbox 820 786 943 875; x_wconf 81' lang='lat' dir='ltr'><strong>Saagh,</strong></span> <span class='ocrx_word' id='word_1_32' title='bbox 976 787 1066 852; x_wconf 86' lang='lat' dir='ltr'><strong>Luca</strong></span> <span class='ocrx_word' id='word_1_33' title='bbox 1089 785 1176 852; x_wconf 88' lang='lat' dir='ltr'><strong>filius</strong></span> <span class='ocrx_word' id='word_1_34' title='bbox 1202 785 1343 852; x_wconf 90' lang='lat' dir='ltr'><strong>Dauidis</strong></span> <span class='ocrx_word' id='word_1_35' title='bbox 1360 787 1393 851; x_wconf 90' lang='lat' dir='ltr'><strong>io</strong></span> <span class='ocrx_word' id='word_1_36' title='bbox 1408 806 1464 872; x_wconf 91' lang='lat' dir='ltr'><strong>pre·</strong></span> 
     </span>
     <span class='ocr_line' id='line_1_6' title="bbox 354 892 1465 980; baseline -0.003 -18"><span class='ocrx_word' id='word_1_37' title='bbox 354 892 537 962; x_wconf 87' lang='lat' dir='ltr'><strong>senciarum</strong></span> <span class='ocrx_word' id='word_1_38' title='bbox 553 899 697 962; x_wconf 88' lang='lat' dir='ltr'><strong>astantes</strong></span> <span class='ocrx_word' id='word_1_39' title='bbox 713 893 897 960; x_wconf 90' lang='lat' dir='ltr'><strong>huiusmodi</strong></span> <span class='ocrx_word' id='word_1_40' title='bbox 922 894 1161 980; x_wconf 78' lang='lat' dir='ltr'><strong>permutationi</strong></span> <span class='ocrx_word' id='word_1_41' title='bbox 1178 901 1210 960; x_wconf 88' lang='lat' dir='ltr'><strong>et</strong></span> <span class='ocrx_word' id='word_1_42' title='bbox 1226 895 1412 960; x_wconf 88' lang='lat' dir='ltr'><strong>concambio</strong></span> <span class='ocrx_word' id='word_1_43' title='bbox 1426 914 1465 959; x_wconf 88' lang='lat' dir='ltr'><strong>as-</strong></span> 
     </span>
     <span class='ocr_line' id='line_1_7' title="bbox 357 1000 1465 1070; baseline -0.004 -1"><span class='ocrx_word' id='word_1_44' title='bbox 357 1021 490 1069; x_wconf 90' lang='lat' dir='ltr'><strong>sensum</strong></span> <span class='ocrx_word' id='word_1_45' title='bbox 501 1001 667 1067; x_wconf 87' lang='lat' dir='ltr'><strong>liberalem</strong></span> <span class='ocrx_word' id='word_1_46' title='bbox 677 1009 710 1067; x_wconf 91' lang='lat' dir='ltr'><strong>et</strong></span> <span class='ocrx_word' id='word_1_47' title='bbox 724 1021 915 1070; x_wconf 88' lang='lat' dir='ltr'><strong>consensum</strong></span> <span class='ocrx_word' id='word_1_48' title='bbox 949 1002 1134 1070; x_wconf 90' lang='lat' dir='ltr'><strong>beniuolum</strong></span> <span class='ocrx_word' id='word_1_49' title='bbox 1159 1000 1374 1068; x_wconf 70' lang='lat' dir='ltr'><strong>attribuentes</strong></span> <span class='ocrx_word' id='word_1_50' title='bbox 1389 1001 1465 1068; x_wconf 82' lang='lat' dir='ltr'><strong>dede·</strong></span> 
     </span>
     <span class='ocr_line' id='line_1_8' title="bbox 352 1106 1463 1195; baseline -0.004 -19"><span class='ocrx_word' id='word_1_51' title='bbox 352 1117 438 1195; x_wconf 89' lang='lat' dir='ltr'><strong>runt,</strong></span> <span class='ocrx_word' id='word_1_52' title='bbox 455 1106 656 1192; x_wconf 87' lang='lat' dir='ltr'><strong>eundemque</strong></span> <span class='ocrx_word' id='word_1_53' title='bbox 671 1109 851 1176; x_wconf 89' lang='lat' dir='ltr'><strong>Johannem</strong></span> <span class='ocrx_word' id='word_1_54' title='bbox 869 1109 969 1174; x_wconf 89' lang='lat' dir='ltr'><strong>tilium</strong></span> <span class='ocrx_word' id='word_1_55' title='bbox 985 1109 1096 1176; x_wconf 89' lang='lat' dir='ltr'><strong>Becha</strong></span> <span class='ocrx_word' id='word_1_56' title='bbox 1110 1109 1143 1174; x_wconf 92' lang='lat' dir='ltr'><strong>in</strong></span> <span class='ocrx_word' id='word_1_57' title='bbox 1160 1109 1423 1175; x_wconf 83' lang='lat' dir='ltr'><strong>conterminalem</strong></span> <span class='ocrx_word' id='word_1_58' title='bbox 1440 1117 1463 1173; x_wconf 86' lang='lat' dir='ltr'><strong>et</strong></span> 
     </span>
     <span class='ocr_line' id='line_1_9' title="bbox 350 1217 1462 1305; baseline 0 -23"><span class='ocrx_word' id='word_1_59' title='bbox 350 1217 490 1283; x_wconf 87' lang='lat' dir='ltr'><strong>vicinum</strong></span> <span class='ocrx_word' id='word_1_60' title='bbox 506 1217 699 1303; x_wconf 75' lang='lat' dir='ltr'><strong>recipientes</strong></span> <span class='ocrx_word' id='word_1_61' title='bbox 726 1225 937 1303; x_wconf 89' lang='lat' dir='ltr'><strong>susceperunt</strong></span> <span class='ocrx_word' id='word_1_62' title='bbox 962 1223 1129 1301; x_wconf 82' lang='lat' dir='ltr'><strong>gratanter</strong></span> <span class='ocrx_word' id='word_1_63' title='bbox 1150 1225 1182 1284; x_wconf 90' lang='lat' dir='ltr'><strong>et</strong></span> <span class='ocrx_word' id='word_1_64' title='bbox 1198 1217 1343 1305; x_wconf 88' lang='lat' dir='ltr'><strong>iocunde,</strong></span> <span class='ocrx_word' id='word_1_65' title='bbox 1361 1218 1462 1283; x_wconf 90' lang='lat' dir='ltr'><strong>libera-</strong></span> 
     </span>
     <span class='ocr_line' id='line_1_10' title="bbox 348 1325 1463 1411; baseline 0 -21"><span class='ocrx_word' id='word_1_66' title='bbox 348 1325 425 1391; x_wconf 92' lang='lat' dir='ltr'><strong>liter</strong></span> <span class='ocrx_word' id='word_1_67' title='bbox 441 1331 475 1391; x_wconf 89' lang='lat' dir='ltr'><strong>et</strong></span> <span class='ocrx_word' id='word_1_68' title='bbox 489 1325 638 1392; x_wconf 89' lang='lat' dir='ltr'><strong>libenter.</strong></span> <span class='ocrx_word' id='word_1_69' title='bbox 656 1326 693 1391; x_wconf 93' lang='lat' dir='ltr'><strong>ln</strong></span> <span class='ocrx_word' id='word_1_70' title='bbox 718 1326 809 1392; x_wconf 90' lang='lat' dir='ltr'><strong>onius</strong></span> <span class='ocrx_word' id='word_1_71' title='bbox 826 1327 873 1393; x_wconf 90' lang='lat' dir='ltr'><strong>rei</strong></span> <span class='ocrx_word' id='word_1_72' title='bbox 893 1325 1081 1392; x_wconf 87' lang='lat' dir='ltr'><strong>memoriam</strong></span> <span class='ocrx_word' id='word_1_73' title='bbox 1098 1331 1266 1411; x_wconf 85' lang='lat' dir='ltr'><strong>presentes</strong></span> <span class='ocrx_word' id='word_1_74' title='bbox 1282 1325 1407 1393; x_wconf 84' lang='lat' dir='ltr'><strong>litteras</strong></span> <span class='ocrx_word' id='word_1_75' title='bbox 1420 1346 1463 1391; x_wconf 94' lang='lat' dir='ltr'><strong>no-</strong></span> 
     </span>
     <span class='ocr_line' id='line_1_11' title="bbox 347 1431 1463 1516; baseline -0.004 -14"><span class='ocrx_word' id='word_1_76' title='bbox 347 1441 414 1502; x_wconf 86' lang='lat' dir='ltr'><strong>stro</strong></span> <span class='ocrx_word' id='word_1_77' title='bbox 430 1431 544 1516; x_wconf 81' lang='lat' dir='ltr'><strong>sigillo</strong></span> <span class='ocrx_word' id='word_1_78' title='bbox 559 1433 777 1500; x_wconf 87' lang='lat' dir='ltr'><strong>concessimus</strong></span> <span class='ocrx_word' id='word_1_79' title='bbox 794 1435 973 1500; x_wconf 87' lang='lat' dir='ltr'><strong>roboratas.</strong></span> <span class='ocrx_word' id='word_1_80' title='bbox 989 1437 1103 1499; x_wconf 87' lang='lat' dir='ltr'><strong>Actum</strong></span> <span class='ocrx_word' id='word_1_81' title='bbox 1115 1453 1200 1498; x_wconf 90' lang='lat' dir='ltr'><strong>anno</strong></span> <span class='ocrx_word' id='word_1_82' title='bbox 1210 1433 1341 1500; x_wconf 91' lang='lat' dir='ltr'><strong>Domini</strong></span> <span class='ocrx_word' id='word_1_83' title='bbox 1357 1433 1463 1500; x_wconf 80' lang='lat' dir='ltr'><strong>M⁰GO⁰</strong></span> 
     </span>
     <span class='ocr_line' id='line_1_12' title="bbox 348 1539 1461 1626; baseline -0.001 -21"><span class='ocrx_word' id='word_1_84' title='bbox 348 1541 560 1625; x_wconf 85' lang='lat' dir='ltr'><strong>nonagesimo</strong></span> <span class='ocrx_word' id='word_1_85' title='bbox 577 1545 669 1608; x_wconf 85' lang='lat' dir='ltr'><strong>sexto</strong></span> <span class='ocrx_word' id='word_1_86' title='bbox 685 1561 793 1607; x_wconf 89' lang='lat' dir='ltr'><strong>mense</strong></span> <span class='ocrx_word' id='word_1_87' title='bbox 810 1542 951 1626; x_wconf 86' lang='lat' dir='ltr'><strong>Marcio;</strong></span> <span class='ocrx_word' id='word_1_88' title='bbox 973 1541 1141 1626; x_wconf 85' lang='lat' dir='ltr'><strong>Stephano</strong></span> <span class='ocrx_word' id='word_1_89' title='bbox 1160 1539 1323 1625; x_wconf 74' lang='lat' dir='ltr'><strong>(lentore,</strong></span> <span class='ocrx_word' id='word_1_90' title='bbox 1338 1543 1461 1609; x_wconf 87' lang='lat' dir='ltr'><strong>Nicolao</strong></span> 
     </span>
     <span class='ocr_line' id='line_1_13' title="bbox 350 1646 1461 1737; baseline -0.004 -21"><span class='ocrx_word' id='word_1_91' title='bbox 350 1646 502 1736; x_wconf 78' lang='lat' dir='ltr'><strong>Custode,</strong></span> <span class='ocrx_word' id='word_1_92' title='bbox 519 1650 622 1715; x_wconf 88' lang='lat' dir='ltr'><strong>altero</strong></span> <span class='ocrx_word' id='word_1_93' title='bbox 640 1648 775 1716; x_wconf 88' lang='lat' dir='ltr'><strong>Nicolao</strong></span> <span class='ocrx_word' id='word_1_94' title='bbox 791 1650 935 1737; x_wconf 86' lang='lat' dir='ltr'><strong>Decano,</strong></span> <span class='ocrx_word' id='word_1_95' title='bbox 954 1651 1135 1732; x_wconf 85' lang='lat' dir='ltr'><strong>ceterisque</strong></span> <span class='ocrx_word' id='word_1_96' title='bbox 1151 1650 1391 1736; x_wconf 85' lang='lat' dir='ltr'><strong>quampluribus</strong></span> <span class='ocrx_word' id='word_1_97' title='bbox 1415 1649 1461 1713; x_wconf 92' lang='lat' dir='ltr'><strong>ibi-</strong></span> 
     </span>
     <span class='ocr_line' id='line_1_14' title="bbox 346 1753 1462 1844; baseline 0.003 -25"><span class='ocrx_word' id='word_1_98' title='bbox 346 1753 421 1820; x_wconf 87' lang='lat' dir='ltr'><strong>dem</strong></span> <span class='ocrx_word' id='word_1_99' title='bbox 438 1755 661 1822; x_wconf 83' lang='lat' dir='ltr'><strong>existentibus.</strong></span> <span class='ocrx_word' id='word_1_100' title='bbox 688 1755 810 1823; x_wconf 91' lang='lat' dir='ltr'><strong>Datum</strong></span> <span class='ocrx_word' id='word_1_101' title='bbox 835 1778 893 1844; x_wconf 92' lang='lat' dir='ltr'><strong>per</strong></span> <span class='ocrx_word' id='word_1_102' title='bbox 917 1777 1033 1824; x_wconf 91' lang='lat' dir='ltr'><strong>manus</strong></span> <span class='ocrx_word' id='word_1_103' title='bbox 1058 1756 1208 1843; x_wconf 82' lang='lat' dir='ltr'><strong>Magistri</strong></span> <span class='ocrx_word' id='word_1_104' title='bbox 1225 1757 1314 1823; x_wconf 79' lang='lat' dir='ltr'><strong>Galli</strong></span> <span class='ocrx_word' id='word_1_105' title='bbox 1330 1758 1462 1824; x_wconf 86' lang='lat' dir='ltr'><strong>Lectoris</strong></span> 
     </span>
     <span class='ocr_line' id='line_1_15' title="bbox 348 1862 716 1946; baseline -0.003 -16"><span class='ocrx_word' id='word_1_106' title='bbox 348 1862 716 1946; x_wconf 85' lang='lat' dir='ltr'><strong>Quinqueecolesiensis.</strong></span> 
     </span>
    </p>
   </div>
   <div class='ocr_carea' id='block_1_3' title="bbox 343 2025 1461 2364">
    <p class='ocr_par' dir='ltr' id='par_1_3' title="bbox 343 2025 1461 2364">
     <span class='ocr_line' id='line_1_16' title="bbox 345 2025 1460 2098; baseline 0.002 -20"><span class='ocrx_word' id='word_1_107' title='bbox 345 2025 379 2092; x_wconf 81' lang='lat' dir='ltr'><strong>(A</strong></span> <span class='ocrx_word' id='word_1_108' title='bbox 392 2025 467 2094; x_wconf 73' lang='lat' dir='ltr'><strong>pecsi</strong></span> <span class='ocrx_word' id='word_1_109' title='bbox 481 2025 670 2094; x_wconf 75' lang='lat' dir='ltr'><strong>kdptalannak</strong></span> <span class='ocrx_word' id='word_1_110' title='bbox 686 2027 764 2082; x_wconf 72' lang='grc'><strong>1346,</strong></span> <span class='ocrx_word' id='word_1_111' title='bbox 789 2032 893 2096; x_wconf 81' lang='lat' dir='ltr'><strong>„torcio</strong></span> <span class='ocrx_word' id='word_1_112' title='bbox 907 2030 952 2081; x_wconf 89' lang='lat' dir='ltr'><strong>die</strong></span> <span class='ocrx_word' id='word_1_113' title='bbox 970 2031 1032 2080; x_wconf 84' lang='lat' dir='ltr'><strong>testi</strong></span> <span class='ocrx_word' id='word_1_114' title='bbox 1055 2029 1259 2098; x_wconf 82' lang='lat' dir='ltr'><strong>Assumpclonis</strong></span> <span class='ocrx_word' id='word_1_115' title='bbox 1274 2031 1393 2097; x_wconf 82' lang='lat' dir='ltr'><strong>Virginis</strong></span> <span class='ocrx_word' id='word_1_116' title='bbox 1404 2029 1460 2080; x_wconf 86' lang='lat' dir='ltr'><strong>Glo-</strong></span> 
     </span>
     <span class='ocr_line' id='line_1_17' title="bbox 343 2115 1461 2184; baseline 0 -18"><span class='ocrx_word' id='word_1_117' title='bbox 343 2115 430 2168; x_wconf 80' lang='lat' dir='ltr'><strong>riose“</strong></span> <span class='ocrx_word' id='word_1_118' title='bbox 448 2119 615 2182; x_wconf 80' lang='lat' dir='ltr'><strong>„Demetrius</strong></span> <span class='ocrx_word' id='word_1_119' title='bbox 638 2117 710 2168; x_wconf 88' lang='lat' dir='ltr'><strong>filius</strong></span> <span class='ocrx_word' id='word_1_120' title='bbox 735 2117 869 2169; x_wconf 82' lang='lat' dir='ltr'><strong>Johannis</strong></span> <span class='ocrx_word' id='word_1_121' title='bbox 896 2116 947 2182; x_wconf 84' lang='lat' dir='ltr'><strong>filij</strong></span> <span class='ocrx_word' id='word_1_122' title='bbox 962 2119 1052 2170; x_wconf 90' lang='lat' dir='ltr'><strong>Boche</strong></span> <span class='ocrx_word' id='word_1_123' title='bbox 1065 2119 1097 2170; x_wconf 92' lang='lat' dir='ltr'><strong>de</strong></span> <span class='ocrx_word' id='word_1_124' title='bbox 1112 2119 1283 2184; x_wconf 82' lang='lat' dir='ltr'><strong>Zoweybolu“</strong></span> <span class='ocrx_word' id='word_1_125' title='bbox 1300 2117 1415 2170; x_wconf 74' lang='lat' dir='ltr'><strong>kdrdsdro</strong></span> <span class='ocrx_word' id='word_1_126' title='bbox 1427 2119 1461 2168; x_wconf 86' lang='lat' dir='ltr'><strong>lui·</strong></span> 
     </span>
     <span class='ocr_line' id='line_1_18' title="bbox 347 2201 1460 2274; baseline 0.002 -20"><span class='ocrx_word' id='word_1_127' title='bbox 347 2205 424 2255; x_wconf 89' lang='lat' dir='ltr'><strong>adott</strong></span> <span class='ocrx_word' id='word_1_128' title='bbox 435 2201 599 2268; x_wconf 66' lang='lat' dir='ltr'><strong>atiratdbbh</strong></span> <span class='ocrx_word' id='word_1_129' title='bbox 613 2208 686 2272; x_wconf 83' lang='lat' dir='ltr'><strong>mely</strong></span> <span class='ocrx_word' id='word_1_130' title='bbox 698 2207 843 2274; x_wconf 80' lang='lat' dir='ltr'><strong>Zsigmond</strong></span> <span class='ocrx_word' id='word_1_131' title='bbox 856 2205 1004 2273; x_wconf 79' lang='lat' dir='ltr'><strong>lrirdlynak</strong></span> <span class='ocrx_word' id='word_1_132' title='bbox 1018 2207 1291 2274; x_wconf 80' lang='lat' dir='ltr'><strong>„Quinqnescclesijs</strong></span> <span class='ocrx_word' id='word_1_133' title='bbox 1301 2207 1369 2259; x_wconf 80' lang='lat' dir='ltr'><strong>seria</strong></span> <span class='ocrx_word' id='word_1_134' title='bbox 1377 2210 1460 2274; x_wconf 86' lang='lat' dir='ltr'><strong>quinta</strong></span> 
     </span>
     <span class='ocr_line' id='line_1_19' title="bbox 345 2292 1459 2364; baseline 0.002 -20"><span class='ocrx_word' id='word_1_135' title='bbox 345 2295 468 2359; x_wconf 85' lang='lat' dir='ltr'><strong>proxima</strong></span> <span class='ocrx_word' id='word_1_136' title='bbox 480 2299 540 2360; x_wconf 89' lang='lat' dir='ltr'><strong>post</strong></span> <span class='ocrx_word' id='word_1_137' title='bbox 554 2292 653 2347; x_wconf 80' lang='lat' dir='ltr'><strong>testum</strong></span> <span class='ocrx_word' id='word_1_138' title='bbox 666 2298 747 2348; x_wconf 87' lang='lat' dir='ltr'><strong>Beati</strong></span> <span class='ocrx_word' id='word_1_139' title='bbox 767 2296 868 2362; x_wconf 88' lang='lat' dir='ltr'><strong>Briocij</strong></span> <span class='ocrx_word' id='word_1_140' title='bbox 892 2299 1021 2364; x_wconf 81' lang='lat' dir='ltr'><strong>Episcopi</strong></span> <span class='ocrx_word' id='word_1_141' title='bbox 1040 2303 1068 2350; x_wconf 90' lang='lat' dir='ltr'><strong>et</strong></span> <span class='ocrx_word' id='word_1_142' title='bbox 1094 2299 1280 2350; x_wconf 81' lang='lat' dir='ltr'><strong>Contessoris“</strong></span> <span class='ocrx_word' id='word_1_143' title='bbox 1308 2300 1384 2348; x_wconf 74' lang='lat' dir='ltr'><strong>laos.</strong></span> <span class='ocrx_word' id='word_1_144' title='bbox 1398 2299 1459 2358; x_wconf 79' lang='lat' dir='ltr'><strong>¹‚lla-</strong></span> 
     </span>
    </p>
   </div>
   <div class='ocr_carea' id='block_1_4' title="bbox 345 2381 1541 2452">
    <p class='ocr_par' dir='ltr' id='par_1_4' title="bbox 345 2381 1541 2452">
     <span class='ocr_line' id='line_1_20' title="bbox 345 2381 1541 2452; baseline 0.001 -18"><span class='ocrx_word' id='word_1_145' title='bbox 345 2382 544 2450; x_wconf 77' lang='lat' dir='ltr'><strong>giaterBakow</strong></span> <span class='ocrx_word' id='word_1_146' title='bbox 571 2382 644 2434; x_wconf 85' lang='lat' dir='ltr'><strong>lilius</strong></span> <span class='ocrx_word' id='word_1_147' title='bbox 658 2384 735 2435; x_wconf 89' lang='lat' dir='ltr'><strong>Petri</strong></span> <span class='ocrx_word' id='word_1_148' title='bbox 760 2385 793 2435; x_wconf 90' lang='lat' dir='ltr'><strong>de</strong></span> <span class='ocrx_word' id='word_1_149' title='bbox 807 2385 983 2451; x_wconf 79' lang='lat' dir='ltr'><strong>Gnoyuioho“</strong></span> <span class='ocrx_word' id='word_1_150' title='bbox 1001 2383 1153 2437; x_wconf 75' lang='lat' dir='ltr'><strong>nertstnck</strong></span> <span class='ocrx_word' id='word_1_151' title='bbox 1180 2382 1288 2452; x_wconf 81' lang='lat' dir='ltr'><strong>solyttn</strong></span> <span class='ocrx_word' id='word_1_152' title='bbox 1302 2388 1358 2438; x_wconf 84' lang='lat' dir='ltr'><strong>kalt</strong></span> <span class='ocrx_word' id='word_1_153' title='bbox 1378 2401 1460 2452; x_wconf 84' lang='lat' dir='ltr'><strong>paran-</strong></span> <span class='ocrx_word' id='word_1_154' title='bbox 1540 2381 1541 2388; x_wconf 71' lang='grc'>’</span> 
     </span>
    </p>
   </div>
   <div class='ocr_carea' id='block_1_5' title="bbox 346 2469 1459 2544">
    <p class='ocr_par' dir='ltr' id='par_1_5' title="bbox 346 2469 1459 2544">
     <span class='ocr_line' id='line_1_21' title="bbox 346 2469 1459 2544; baseline -0.001 -18"><span class='ocrx_word' id='word_1_155' title='bbox 346 2469 442 2534; x_wconf 62' lang='lat' dir='ltr'><strong>osdra,</strong></span> <span class='ocrx_word' id='word_1_156' title='bbox 456 2471 556 2536; x_wconf 79' lang='lat' dir='ltr'><strong>melyet</strong></span> <span class='ocrx_word' id='word_1_157' title='bbox 571 2471 739 2538; x_wconf 81' lang='lat' dir='ltr'><strong>„Stephanus</strong></span> <span class='ocrx_word' id='word_1_158' title='bbox 753 2475 826 2526; x_wconf 84' lang='lat' dir='ltr'><strong>tilius</strong></span> <span class='ocrx_word' id='word_1_159' title='bbox 840 2475 912 2526; x_wconf 86' lang='lat' dir='ltr'><strong>Galli</strong></span> <span class='ocrx_word' id='word_1_160' title='bbox 923 2475 956 2526; x_wconf 87' lang='lat' dir='ltr'><strong>de</strong></span> <span class='ocrx_word' id='word_1_161' title='bbox 966 2477 1089 2541; x_wconf 75' lang='lat' dir='ltr'><strong>Posega¹‘</strong></span> <span class='ocrx_word' id='word_1_162' title='bbox 1106 2476 1281 2536; x_wconf 84' lang='lat' dir='ltr'><strong>folmutatott,</strong></span> <span class='ocrx_word' id='word_1_163' title='bbox 1291 2491 1308 2526; x_wconf 88' lang='lat' dir='ltr'><strong>a</strong></span> <span class='ocrx_word' id='word_1_164' title='bbox 1321 2474 1391 2544; x_wconf 75' lang='lat' dir='ltr'><strong>pessi</strong></span> <span class='ocrx_word' id='word_1_165' title='bbox 1402 2473 1459 2542; x_wconf 81' lang='lat' dir='ltr'><strong>lrlp·</strong></span> 
     </span>
    </p>
   </div>
   <div class='ocr_carea' id='block_1_6' title="bbox 348 2562 1459 2631">
    <p class='ocr_par' dir='ltr' id='par_1_6' title="bbox 348 2562 1459 2631">
     <span class='ocr_line' id='line_1_22' title="bbox 348 2562 1459 2631; baseline 0.003 -18"><span class='ocrx_word' id='word_1_166' title='bbox 348 2563 424 2616; x_wconf 85' lang='lat' dir='ltr'><strong>talan</strong></span> <span class='ocrx_word' id='word_1_167' title='bbox 437 2562 506 2616; x_wconf 75' lang='lat' dir='ltr'><strong>altat</strong></span> <span class='ocrx_word' id='word_1_168' title='bbox 523 2567 599 2618; x_wconf 78' lang='lat' dir='ltr'><strong>tuoe.</strong></span> <span class='ocrx_word' id='word_1_169' title='bbox 615 2567 751 2621; x_wconf 85' lang='lat' dir='ltr'><strong>l-decinra</strong></span> <span class='ocrx_word' id='word_1_170' title='bbox 764 2567 896 2619; x_wconf 81' lang='lat' dir='ltr'><strong>kalendas</strong></span> <span class='ocrx_word' id='word_1_171' title='bbox 909 2571 1009 2618; x_wconf 88' lang='lat' dir='ltr'><strong>mensis</strong></span> <span class='ocrx_word' id='word_1_172' title='bbox 1033 2569 1193 2618; x_wconf 83' lang='lat' dir='ltr'><strong>Decembris</strong></span> <span class='ocrx_word' id='word_1_173' title='bbox 1207 2567 1284 2631; x_wconf 81' lang='lat' dir='ltr'><strong>njbdl</strong></span> <span class='ocrx_word' id='word_1_174' title='bbox 1298 2566 1427 2628; x_wconf 59' lang='lat' dir='ltr'><strong>adratum</strong></span> <span class='ocrx_word' id='word_1_175' title='bbox 1445 2581 1459 2616; x_wconf 89' lang='lat' dir='ltr'><strong>a</strong></span> 
     </span>
    </p>
   </div>
   <div class='ocr_carea' id='block_1_7' title="bbox 633 2654 1173 2725">
    <p class='ocr_par' dir='ltr' id='par_1_7' title="bbox 633 2654 1173 2725">
     <span class='ocr_line' id='line_1_23' title="bbox 633 2654 1173 2725; baseline 0.004 -18"><span class='ocrx_word' id='word_1_176' title='bbox 633 2657 716 2709; x_wconf 85' lang='lat' dir='ltr'><strong>budai</strong></span> <span class='ocrx_word' id='word_1_177' title='bbox 731 2654 833 2725; x_wconf 68' lang='lat' dir='ltr'><strong>kirtlyi</strong></span> <span class='ocrx_word' id='word_1_178' title='bbox 848 2659 971 2710; x_wconf 76' lang='lat' dir='ltr'><strong>kamaraci</strong></span> <span class='ocrx_word' id='word_1_179' title='bbox 983 2655 1173 2723; x_wconf 75' lang='lat' dir='ltr'><strong>levdltdrban.)</strong></span> 
     </span>
    </p>
   </div>
   <div class='ocr_carea' id='block_1_8' title="bbox 344 3534 1458 3623">
    <p class='ocr_par' dir='ltr' id='par_1_8' title="bbox 344 3534 1458 3623">
     <span class='ocr_line' id='line_1_24' title="bbox 344 3534 1458 3623; baseline 0.002 -23"><span class='ocrx_word' id='word_1_180' title='bbox 344 3534 375 3600; x_wconf 87' lang='lat' dir='ltr'><strong><em>A</em></strong></span> <span class='ocrx_word' id='word_1_181' title='bbox 392 3538 484 3602; x_wconf 72' lang='lat' dir='ltr'><strong>oduei</strong></span> <span class='ocrx_word' id='word_1_182' title='bbox 508 3537 734 3622; x_wconf 73' lang='lat' dir='ltr'><strong>keptalauuak</strong></span> <span class='ocrx_word' id='word_1_183' title='bbox 760 3537 1025 3622; x_wconf 74' lang='lat' dir='ltr'><strong>bizouyadpleoele</strong></span> <span class='ocrx_word' id='word_1_184' title='bbox 1033 3585 1043 3618; x_wconf 86' lang='lat'><em>,</em></span> <span class='ocrx_word' id='word_1_185' title='bbox 1075 3541 1158 3623; x_wconf 72' lang='lat' dir='ltr'><strong>boqy</strong></span> <span class='ocrx_word' id='word_1_186' title='bbox 1175 3537 1294 3603; x_wconf 69' lang='lat' dir='ltr'><strong>satuti</strong></span> <span class='ocrx_word' id='word_1_187' title='bbox 1309 3539 1458 3620; x_wconf 63' lang='lat' dir='ltr'><strong>Milddm</strong></span> 
     </span>
    </p>
   </div>
   <div class='ocr_carea' id='block_1_9' title="bbox 537 3753 1279 3842">
    <p class='ocr_par' dir='ltr' id='par_1_9' title="bbox 537 3753 1279 3842">
     <span class='ocr_line' id='line_1_25' title="bbox 537 3753 1279 3842; baseline 0.005 -26"><span class='ocrx_word' id='word_1_188' title='bbox 537 3754 700 3818; x_wconf 77' lang='lat' dir='ltr'><strong>odluaatott</strong></span> <span class='ocrx_word' id='word_1_189' title='bbox 715 3753 847 3842; x_wconf 72' lang='lat' dir='ltr'><strong>birdsdy</strong></span> <span class='ocrx_word' id='word_1_190' title='bbox 862 3755 934 3819; x_wconf 84' lang='lat' dir='ltr'><strong>eldtt</strong></span> <span class='ocrx_word' id='word_1_191' title='bbox 949 3755 1161 3838; x_wconf 74' lang='lat' dir='ltr'><strong>eqyezluedtek.</strong></span> <span class='ocrx_word' id='word_1_192' title='bbox 1180 3753 1279 3820; x_wconf 84' lang='lat'><strong><em>1296.</em></strong></span> 
     </span>
    </p>
   </div>
   <div class='ocr_carea' id='block_1_10' title="bbox 258 3909 1458 4648">
    <p class='ocr_par' dir='ltr' id='par_1_10' title="bbox 340 3909 1458 4415">
     <span class='ocr_line' id='line_1_26' title="bbox 452 3909 1458 3997; baseline 0.003 -21"><span class='ocrx_word' id='word_1_193' title='bbox 452 3909 636 3997; x_wconf 80' lang='lat' dir='ltr'><strong>Capitulum</strong></span> <span class='ocrx_word' id='word_1_194' title='bbox 652 3914 800 3982; x_wconf 82' lang='lat' dir='ltr'><strong>Ecclesia</strong></span> <span class='ocrx_word' id='word_1_195' title='bbox 817 3915 857 3978; x_wconf 86' lang='lat' dir='ltr'>W</span> <span class='ocrx_word' id='word_1_196' title='bbox 858 3914 1000 3980; x_wconf 88' lang='lat' dir='ltr'><strong>aciensis</strong></span> <span class='ocrx_word' id='word_1_197' title='bbox 1016 3914 1166 3980; x_wconf 90' lang='lat' dir='ltr'><strong>omnibus</strong></span> <span class='ocrx_word' id='word_1_198' title='bbox 1183 3914 1303 3982; x_wconf 82' lang='lat' dir='ltr'><strong>Christi</strong></span> <span class='ocrx_word' id='word_1_199' title='bbox 1320 3915 1458 3983; x_wconf 87' lang='lat' dir='ltr'><strong>fidelibus</strong></span> 
     </span>
     <span class='ocr_line' id='line_1_27' title="bbox 342 4017 1458 4104; baseline 0.001 -20"><span class='ocrx_word' id='word_1_200' title='bbox 342 4017 460 4102; x_wconf 88' lang='lat' dir='ltr'><strong>quibus</strong></span> <span class='ocrx_word' id='word_1_201' title='bbox 475 4027 644 4104; x_wconf 88' lang='lat' dir='ltr'><strong>presentes</strong></span> <span class='ocrx_word' id='word_1_202' title='bbox 675 4022 889 4089; x_wconf 88' lang='lat' dir='ltr'><strong>ostenduntur</strong></span> <span class='ocrx_word' id='word_1_203' title='bbox 920 4022 1057 4088; x_wconf 87' lang='lat' dir='ltr'><strong>salutem</strong></span> <span class='ocrx_word' id='word_1_204' title='bbox 1088 4025 1122 4087; x_wconf 88' lang='lat' dir='ltr'><strong>in</strong></span> <span class='ocrx_word' id='word_1_205' title='bbox 1140 4023 1281 4089; x_wconf 89' lang='lat' dir='ltr'><strong>omuiunr</strong></span> <span class='ocrx_word' id='word_1_206' title='bbox 1297 4028 1458 4092; x_wconf 87' lang='lat' dir='ltr'><strong>saluatoro.</strong></span> 
     </span>
     <span class='ocr_line' id='line_1_28' title="bbox 342 4122 1458 4216; baseline 0.005 -28"><span class='ocrx_word' id='word_1_207' title='bbox 342 4122 394 4188; x_wconf 79' lang='lat' dir='ltr'><strong>Ad</strong></span> <span class='ocrx_word' id='word_1_208' title='bbox 410 4126 632 4194; x_wconf 89' lang='lat' dir='ltr'><strong>uniuersorum</strong></span> <span class='ocrx_word' id='word_1_209' title='bbox 648 4130 803 4195; x_wconf 87' lang='lat' dir='ltr'><strong>noticiam</strong></span> <span class='ocrx_word' id='word_1_210' title='bbox 830 4135 942 4197; x_wconf 88' lang='lat' dir='ltr'><strong>tenore</strong></span> <span class='ocrx_word' id='word_1_211' title='bbox 966 4130 1170 4215; x_wconf 88' lang='lat' dir='ltr'><strong>presencium</strong></span> <span class='ocrx_word' id='word_1_212' title='bbox 1195 4130 1345 4199; x_wconf 84' lang='lat' dir='ltr'><strong>uolumus</strong></span> <span class='ocrx_word' id='word_1_213' title='bbox 1360 4150 1458 4216; x_wconf 79' lang='lat' dir='ltr'><strong>perne</strong></span> 
     </span>
     <span class='ocr_line' id='line_1_29' title="bbox 340 4232 1458 4322; baseline 0.004 -25"><span class='ocrx_word' id='word_1_214' title='bbox 340 4232 430 4298; x_wconf 87' lang='lat' dir='ltr'><strong>nire:</strong></span> <span class='ocrx_word' id='word_1_215' title='bbox 447 4236 532 4318; x_wconf 88' lang='lat' dir='ltr'><strong>quod</strong></span> <span class='ocrx_word' id='word_1_216' title='bbox 542 4236 663 4304; x_wconf 89' lang='lat' dir='ltr'><strong>nobilis</strong></span> <span class='ocrx_word' id='word_1_217' title='bbox 674 4237 724 4304; x_wconf 87' lang='lat' dir='ltr'><strong>vir</strong></span> <span class='ocrx_word' id='word_1_218' title='bbox 734 4238 888 4321; x_wconf 83' lang='lat' dir='ltr'><strong>Magister</strong></span> <span class='ocrx_word' id='word_1_219' title='bbox 898 4237 1047 4304; x_wconf 80' lang='lat' dir='ltr'><strong>Andreas</strong></span> <span class='ocrx_word' id='word_1_220' title='bbox 1064 4238 1148 4304; x_wconf 89' lang='lat' dir='ltr'><strong>filius</strong></span> <span class='ocrx_word' id='word_1_221' title='bbox 1162 4237 1290 4306; x_wconf 86' lang='lat' dir='ltr'><strong>Nicolai</strong></span> <span class='ocrx_word' id='word_1_222' title='bbox 1310 4239 1351 4306; x_wconf 92' lang='lat' dir='ltr'><strong>de</strong></span> <span class='ocrx_word' id='word_1_223' title='bbox 1361 4237 1458 4322; x_wconf 85' lang='lat' dir='ltr'><strong>Soyud</strong></span> 
     </span>
     <span class='ocr_line' id='line_1_30' title="bbox 342 4338 1404 4415; baseline 0.006 -9"><span class='ocrx_word' id='word_1_224' title='bbox 342 4338 489 4408; x_wconf 85' lang='lat' dir='ltr'><strong>exhibuit</strong></span> <span class='ocrx_word' id='word_1_225' title='bbox 514 4343 607 4409; x_wconf 90' lang='lat' dir='ltr'><strong>nobis</strong></span> <span class='ocrx_word' id='word_1_226' title='bbox 623 4343 751 4412; x_wconf 86' lang='lat' dir='ltr'><strong>litteras</strong></span> <span class='ocrx_word' id='word_1_227' title='bbox 767 4351 897 4412; x_wconf 89' lang='lat' dir='ltr'><strong>nostras</strong></span> <span class='ocrx_word' id='word_1_228' title='bbox 912 4345 996 4414; x_wconf 90' lang='lat' dir='ltr'><strong>hunc</strong></span> <span class='ocrx_word' id='word_1_229' title='bbox 1012 4353 1157 4414; x_wconf 90' lang='lat' dir='ltr'><strong>tenorem</strong></span> <span class='ocrx_word' id='word_1_230' title='bbox 1187 4349 1404 4415; x_wconf 89' lang='lat' dir='ltr'><strong>continentes:</strong></span> 
     </span>
    </p>

    <p class='ocr_par' dir='ltr' id='par_1_11' title="bbox 258 4449 1458 4648">
     <span class='ocr_line' id='line_1_31' title="bbox 429 4449 1458 4544; baseline 0.006 -32"><span class='ocrx_word' id='word_1_231' title='bbox 429 4449 496 4516; x_wconf 87' lang='lat' dir='ltr'><strong>Nos</strong></span> <span class='ocrx_word' id='word_1_232' title='bbox 507 4451 689 4537; x_wconf 82' lang='lat' dir='ltr'><strong>Capitulum</strong></span> <span class='ocrx_word' id='word_1_233' title='bbox 700 4453 844 4521; x_wconf 84' lang='lat' dir='ltr'><strong>lloclesie</strong></span> <span class='ocrx_word' id='word_1_234' title='bbox 856 4453 1037 4521; x_wconf 88' lang='lat' dir='ltr'><strong>Waoicnsis</strong></span> <span class='ocrx_word' id='word_1_235' title='bbox 1049 4461 1109 4522; x_wconf 88' lang='lat' dir='ltr'><strong>eto.</strong></span> <span class='ocrx_word' id='word_1_236' title='bbox 1122 4455 1335 4544; x_wconf 79' lang='lat' dir='ltr'><strong>(kbuetlueailr</strong></span> <span class='ocrx_word' id='word_1_237' title='bbox 1348 4449 1458 4524; x_wconf 79' lang='lat' dir='ltr'><strong>autori</strong></span> 
     </span>
     <span class='ocr_line' id='line_1_32' title="bbox 258 4555 1458 4648; baseline 0.007 -28"><span class='ocrx_word' id='word_1_238' title='bbox 258 4615 263 4620; x_wconf 90' lang='lat'>.</span> <span class='ocrx_word' id='word_1_239' title='bbox 341 4555 568 4640; x_wconf 79' lang='lat' dir='ltr'><strong>lrtptalannak</strong></span> <span class='ocrx_word' id='word_1_240' title='bbox 588 4560 721 4627; x_wconf 70' lang='lat' dir='ltr'><strong>teau-kt</strong></span> <span class='ocrx_word' id='word_1_241' title='bbox 738 4559 1037 4648; x_wconf 81' lang='lat' dir='ltr'><strong>bizonystgleuele,</strong></span> <span class='ocrx_word' id='word_1_242' title='bbox 1048 4565 1131 4630; x_wconf 91' lang='lat' dir='ltr'><strong>mint</strong></span> <span class='ocrx_word' id='word_1_243' title='bbox 1141 4563 1360 4635; x_wconf 73' lang='lat' dir='ltr'><strong>tentabiles.</strong></span> <span class='ocrx_word' id='word_1_244' title='bbox 1370 4585 1410 4632; x_wconf 83' lang='lat' dir='ltr'><strong>sa.</strong></span> <span class='ocrx_word' id='word_1_245' title='bbox 1419 4557 1458 4646; x_wconf 87' lang='lat' dir='ltr'><strong>a.)</strong></span> 
     </span>
    </p>
   </div>
   <div class='ocr_carea' id='block_1_11' title="bbox 342 3639 1457 3730">
    <p class='ocr_par' dir='ltr' id='par_1_12' title="bbox 342 3575 1536 3750">
     <span class='ocr_line' id='line_1_33' title="bbox 342 3639 1457 3730; baseline 0.003 -26"><span class='ocrx_word' id='word_1_246' title='bbox 342 3639 467 3708; x_wconf 80' lang='lat' dir='ltr'><strong>Koodri</strong></span> <span class='ocrx_word' id='word_1_247' title='bbox 482 3644 603 3710; x_wconf 70' lang='lat' dir='ltr'><strong>Mittor</strong></span> <span class='ocrx_word' id='word_1_248' title='bbox 634 3647 665 3709; x_wconf 69' lang='lat' dir='ltr'><strong>ta</strong></span> <span class='ocrx_word' id='word_1_249' title='bbox 682 3640 858 3710; x_wconf 80' lang='lat' dir='ltr'><strong>Caulamiao&#39;</strong></span> <span class='ocrx_word' id='word_1_250' title='bbox 874 3645 952 3709; x_wconf 75' lang='lat' dir='ltr'><strong>Eleia</strong></span> <span class='ocrx_word' id='word_1_251' title='bbox 983 3647 1166 3730; x_wconf 72' lang='lat' dir='ltr'><strong>Koodrozey</strong></span> <span class='ocrx_word' id='word_1_252' title='bbox 1197 3645 1360 3712; x_wconf 80' lang='lat' dir='ltr'><strong>birtolcdro</strong></span> <span class='ocrx_word' id='word_1_253' title='bbox 1376 3650 1457 3713; x_wconf 73' lang='lat' dir='ltr'><strong>utros</strong></span> 
     </span>
    </p>
   </div>
   <div class='ocr_carea' id='block_1_12' title="bbox 0 0 1554 5172">
    <p class='ocr_par' dir='ltr' id='par_1_13' title="bbox 0 0 1554 5172">
     <span class='ocr_line' id='line_1_34' title="bbox 0 0 1554 5172; baseline 0 4"><span class='ocrx_word' id='word_1_254' title='bbox 0 0 1554 5172; x_wconf 95' lang='lat' dir='ltr'><strong> </strong></span> 
     </span>
    </p>
   </div>
  </div>
 </body>
</html>
