3098 5172
564 315 724 416 Q

80 509 139 576 sito
156 517 190 576 et
207 509 390 578 Ganuentui
407 509 447 578 de
463 511 552 596 Saag
569 513 708 580 sulutem
727 517 760 578 et
785 511 1105 596 graciam.'Andreas
1120 517 1206 586 iilius

80 618 212 686 Nicolai
230 619 272 686 tle
289 618 398 706 Scyud
426 653 466 667 -
484 657 529 668 -
551 658 588 669 κ
610 621 653 687 ad
679 625 823 689 nostram
834 621 995 690 accedens
1005 624 1208 709 presenciam

79 727 275 810 significauit
291 727 396 816 nobis,
414 727 500 814 quod
516 736 602 796 mete
626 737 712 797 terre
728 751 784 798 sue
800 730 952 816 Kuarzeg
968 751 1026 816 per
1043 732 1206 800 dominum

79 834 112 902 B.
128 834 252 918 Regem
270 835 401 919 collate,
417 856 475 921 per
494 837 651 920 quosdam
679 837 843 903 destructe
860 845 977 906 essent.
993 838 1113 906 Vomm
1129 840 1207 924 quia

80 940 116 1006 de
146 943 307 1026 qualitate
324 951 358 1011 et
373 944 556 1029 quantitate
572 946 677 1031 ipsius
704 952 787 1013 torre
803 946 896 1013 nobis
911 947 1036 1014 veritas
1052 968 1117 1013 non
1133 965 1206 1013 oon-

80 1056 189 1136 staret,
206 1050 358 1118 fidelitati
383 1061 491 1121 vestre
508 1053 716 1141 precipiendo
743 1054 937 1120 mandamus
948 1105 956 1139 ,
981 1062 1139 1137 quatenus
1153 1075 1208 1122 ve·

80 1164 180 1223 strum
198 1159 335 1225 mittatis
367 1159 613 1246 bominempro
646 1161 852 1245 testimonio,
884 1180 993 1226 coram
1010 1182 1073 1245 quo
1091 1159 1206 1228 (loures
1251 1149 1254 1160 '

79 1265 260 1351 Stephanus
278 1265 319 1332 de
338 1267 479 1335 Dolmod
503 1270 638 1353 iobagio
670 1268 814 1337 eiusdem
841 1269 947 1334 Casiri
964 1271 1084 1358 nostri,
1110 1291 1206 1354 quem

84 1374 309 1460 principaliter
324 1373 367 1438 ad
386 1376 652 1444 reambnlandam
669 1382 787 1442 terram
813 1376 1061 1463 transmisimus,
1077 1397 1209 1464 presen-

86 1481 170 1549 tibus
186 1483 417 1551 commetaneis
435 1490 467 1550 et
489 1485 606 1551 uicinis
622 1484 804 1551 reambulet
828 1490 861 1550 et
870 1471 997 1551 'stamar
1024 1483 1128 1554 eidem
1147 1486 1212 1552 Ma-

87 1589 188 1672 gistro
204 1589 346 1678 Andree,
362 1610 466 1658 nouas
477 1599 581 1659 metas
592 1593 684 1658 iuxta
700 1598 824 1660 ueteres
841 1592 1007 1678 erigendo,
1024 1593 1053 1660 si
1070 1613 1133 1658 non
1144 1592 1212 1659 lue·

86 1696 125 1761 rit
159 1697 413 1783 contradictum
447 1699 711 1786 contradictores,
743 1701 771 1768 si
790 1700 845 1784 qui
876 1699 1014 1784 luerint,
1033 1700 1161 1768 eosdem
1177 1702 1212 1766 in

86 1809 227 1870 nostram
245 1805 325 1870 citet
340 1807 548 1873 Presenciam
579 1808 621 1874 ad
647 1807 825 1873 terminum
838 1813 1074 1894 conpetentem,
1092 1813 1214 1892 etpost

86 1911 146 1976 boo
162 1911 247 1978 diem
264 1913 446 1998 citationis,
472 1915 604 1981 nomina
619 1913 910 2000 contradictorum,
941 1915 1115 1982 terminum
1131 1914 1212 1982 assi·

87 2025 229 2104 gnatum,
248 2021 441 2102 qualitatem
457 2031 488 2088 et
504 2023 720 2104 quantitatem
748 2024 834 2089 dicte
850 2029 947 2110 terre,
963 2043 1003 2088 ac
1019 2042 1131 2090 cursus
1147 2043 1212 2089 me-

87 2133 191 2192 tarum
209 2126 305 2194 nobis
320 2127 459 2196 fideliter
479 2131 676 2198 rescribatis.
703 2133 825 2197 Datum
853 2129 944 2197 Bnde
969 2127 1018 2218 (in
1035 2127 1212 2218 dominica)

86 2232 164 2299 Fsto
180 2233 271 2300 Mihi.

192 2343 261 2410 Nos
277 2343 390 2427 itaque
405 2346 508 2428 Regio
526 2346 679 2414 mandato
698 2349 884 2432 cupientes,
912 2351 948 2411 ut
963 2351 1110 2412 tenemur
1126 2345 1214 2429 (obo-

87 2448 180 2540 dire),
195 2473 269 2520 cum
286 2452 434 2539 predicto
466 2454 597 2522 homine
613 2461 719 2524 vestro
751 2462 899 2522 nostrum
915 2455 1076 2522 hominem
1093 2476 1152 2540 pro
1167 2461 1214 2521 te·

86 2563 237 2629 stimonio
253 2561 298 2628 ad
315 2563 520 2631 statuendam
541 2570 749 2632 memoratam
768 2571 889 2630 terram
913 2553 1099 2632 'curarimus
1115 2562 1213 2630 desti·

88 2689 184 2755 nare;
200 2671 255 2754 qui
272 2671 400 2737 demum
418 2673 539 2758 pariter
555 2672 597 2739 ad
614 2693 674 2740 nos
699 2673 819 2740 reuersi
843 2671 938 2738 nobis
954 2671 1152 2738 concorditer
1167 2689 1215 2736 re·

88 2779 246 2844 tulerunt:
265 2779 439 2864 quodcum
456 2781 633 2848 adfaciem
650 2781 736 2848 dicte
754 2786 840 2848 terre
851 2782 1080 2864 accessissent,
1096 2785 1129 2846 et
1139 2799 1214 2846 ean·

88 2884 159 2951 dem
176 2886 335 2971 Magistro
352 2889 484 2954 Andree
499 2895 641 2956 statuere
673 2889 876 2973 uoluissent,
894 2889 1063 2954 venientes
1078 2885 1214 2972 Stepha-

86 3013 148 3058 nus
172 2995 257 3062 filius
289 2995 435 3081 Nicolai,
470 3009 503 3064 et
534 2997 648 3065 Comes
665 2997 838 3064 Paznanus
855 2995 894 3062 de
912 2993 1094 3080 Chalamia,
1114 2994 1216 3060 vicini

88 3101 244 3191 ciusdem,
261 3100 485 3190 (consen)sum
511 3106 587 3172 huic
602 3106 738 3188 negocio
755 3103 982 3190 prebuissent,
1008 3100 1085 3166 item
1102 3099 1216 3167 (lomes

86 3209 241 3276 Nicotaus
259 3210 300 3276 de
317 3211 418 3298 Kuar,
437 3211 575 3278 Alexius
590 3213 674 3279 filius
700 3209 880 3290 Felicitani,
899 3216 932 3274 et
947 3207 1115 3275 Jchannes
1130 3205 1215 3274 filius

85 3316 262 3384 Laurencii
279 3317 320 3384 de
337 3316 510 3385 Chalamia
520 3372 530 3407 ,
547 3339 620 3386 esse
635 3324 754 3386 terram
782 3317 889 3384 Oastri
906 3317 1140 3398 affirmassent;
1157 3311 1217 3381 sed

85 3425 303 3492 astatncione
321 3425 465 3493 eiusdem
481 3433 566 3493 terre
582 3428 710 3512 penitus
721 3423 852 3492 eosdem
869 3423 1089 3511 prohibentes,
1107 3427 1139 3488 et
1149 3440 1217 3488 eos-

85 3533 175 3619 dem,
190 3535 341 3602 ridelieet
356 3535 544 3622 Nicolaum,
575 3534 726 3602 Alexium
742 3539 774 3603 et
799 3533 982 3603 Johannem
1007 3531 1169 3617 predictos
1182 3529 1218 3595 in

85 3643 212 3710 octaris
230 3643 386 3709 Oinerum
404 3644 447 3710 ad
470 3645 674 3730 presenciam
699 3643 814 3710 Vestre
830 3641 1033 3708 Excellencie
1050 3639 1218 3723 citassent,

84 3755 222 3818 octenas
239 3751 339 3818 medii
356 3753 479 3817 Xh-mc
505 3757 755 3818 nuncventuras
773 3749 894 3816 eisdem
912 3768 970 3834 pro
987 3747 1123 3813 termino
1139 3745 1216 3812 assi-

86 3857 231 3942 gnando.
248 3860 368 3926 Datum
387 3865 503 3943 quarta
526 3859 607 3925 feria
622 3858 772 3946 proxima
787 3865 860 3945 post
877 3857 962 3924 diem
978 3855 1157 3922 citacionis.

195 3967 305 4034 Tenon
321 3985 396 4032 vero
413 3966 577 4051 priuilegij
596 3966 718 4033 domini
744 3967 821 4032 Bele
837 3965 938 4049 Regis
954 3963 1029 4029 talis
1046 3968 1120 4028 est:

195 4077 276 4142 Bela
292 4075 344 4142 dei
362 4077 475 4158 gracia
501 4077 571 4141 Rex
603 4075 837 4160 primogenitus
854 4072 916 4140 stb.
937 4069 1147 4160 (kbretkezik
1163 4070 1218 4136 IV.

84 4184 171 4250 Bela
186 4183 367 4270 kirtlynak
386 4185 523 4250 lete-ki
540 4183 733 4268 adomsnys,
750 4181 832 4248 mint
852 4179 1135 4268 gytljtcmenyttnk
1146 4175 1218 4244 vn.

83 4293 206 4378 vagyis
222 4312 243 4357 a
260 4289 411 4359 mtsodik
428 4293 552 4378 folyam
569 4291 611 4356 Il.
631 4291 809 4359 ktttcteben
828 4291 902 4359 163.
920 4286 958 4373 Ι.)

196 4400 288 4470 ldem
313 4401 417 4468 eciam
444 4400 601 4484 Magister
625 4400 774 4466 Andreas
806 4397 951 4466 exhibuit
976 4393 1068 4463 nobis
1094 4391 1220 4462 litteras

84 4512 211 4579 domini
228 4511 329 4595 Regis
345 4509 431 4576 hunc
448 4515 592 4576 tenorem
610 4509 833 4574 continentes:

197 4621 316 4687 Datum
333 4638 392 4701 pro
417 4619 590 4703 memoria,
616 4614 701 4700 quod
717 4615 874 4700 Magister
905 4611 1090 4680 Demetrius
1107 4609 1221 4681 Comes
