3132 5162
796 188 954 288 L

312 400 424 459 contra
442 388 606 457 libertum
632 387 757 452 Dnaem
773 385 920 470 niustria,
939 383 1041 453 lilium
1066 386 1165 470 Regis
1181 387 1366 469 Romamn,
1380 408 1439 474 pro

311 498 429 566 iniuria
446 497 540 566 uobis
554 497 647 562 illata
663 500 810 562 nostrum
842 494 1015 561 exercitum
1032 494 1263 578 mouissemus,
1281 502 1313 560 et
1329 495 1372 561 ad
1388 516 1428 562 ve

311 605 487 673 uerabilem
503 603 681 672 Ecclesiam
698 607 842 671 nostram
867 602 1042 669 Albensem
1066 622 1125 688 pro
1142 602 1302 670 elenando
1319 604 1438 672 vexillo

311 719 421 782 nostro
438 711 704 796 accessissemus,
722 713 878 794 Magister
893 709 1084 777 Theodorus
1093 709 1283 794 Prepositns
1293 711 1437 779 eiusdem

312 822 467 908 Ecclesie,
482 821 559 889 aule
574 829 683 888 nostre
699 820 778 886 Vice
803 816 1035 903 cancellariae,
1053 815 1167 887 Comes
1182 818 1359 902 Ladizlans
1375 822 1439 888 fra

312 937 362 999 ter
379 927 522 997 eiusdem
538 929 701 1016 Prepesiti
710 980 719 1014 ,
744 935 777 994 et
793 927 948 996 Nicolaus
963 927 1048 996 filius
1064 929 1213 1015 Nycolai,
1231 930 1314 998 tilius
1331 929 1439 996 fratris

313 1040 497 1125 eorundem,
524 1037 635 1104 dilecti
662 1045 693 1104 et
708 1036 822 1104 fideles
846 1039 948 1104 nostri
966 1037 1182 1105 exhibuerunt
1197 1038 1291 1105 uobis
1306 1038 1438 1124 priuile-

311 1148 401 1231 gium
418 1143 541 1210 domiui
555 1141 705 1211 Ladizlai
720 1143 830 1228 Regis,
853 1142 1020 1210 karissimi
1036 1141 1145 1211 fratris
1162 1145 1263 1211 nostri
1278 1146 1438 1230 patruelis

310 1254 425 1328 inclite
439 1251 689 1338 recordacionis,
705 1273 804 1338 snper
818 1252 1028 1319 collacionem
1054 1249 1141 1340 (lgy)
1157 1253 1240 1320 te'rre
1257 1251 1439 1340 (ihuefeldy

314 1368 438 1449 uocate,
457 1367 604 1446 petentes
620 1381 692 1428 cum
717 1360 888 1447 instancia,
907 1367 941 1426 ut
965 1359 1071 1446 ipsum
1096 1359 1306 1446 priuilegium
1323 1380 1438 1447 appro-

313 1473 400 1557 bare,
426 1471 589 1538 ratificare
614 1476 646 1536 et
670 1474 778 1538 nostro
810 1469 1020 1554 dignaremur
1045 1469 1220 1554 priuilegio
1237 1471 1436 1538 confirmare.
1559 1563 1560 1568 ἵ

311 1579 410 1646 (luins
428 1577 557 1662 quidem
574 1577 739 1663 priuilegij
758 1585 851 1644 tenor
867 1577 942 1644 talis
959 1583 1028 1644 est:

420 1686 594 1753 Ladizlaus
609 1687 650 1751 Ι).
668 1706 713 1769 gr.
729 1687 897 1769 Hungarie
913 1687 973 1753 stb.
991 1688 1059 1753 Rex
1073 1687 1135 1753 stb.
1154 1685 1367 1774 (kevetkezilr
1382 1688 1438 1754 lv.

311 1795 427 1860 Ltsultl
443 1792 623 1879 kirtlyusk
642 1792 778 1859 rste-ki
788 1791 1057 1878 adomanylevele
1067 1793 1148 1860 mint
1158 1795 1439 1882 gylijtemenytlulr

310 1899 369 1968 IX.
387 1903 503 1986 vsgyis
519 1922 539 1966 a
556 1899 705 1966 maeodilr
720 1900 844 1986 lolyam
861 1901 918 1966 IV.
935 1901 1119 1970 kttteteben.
1136 1907 1188 1971 66.
1215 1900 1253 1989 l.)

418 2010 487 2075 Nos
518 2009 629 2093 itaque
653 2009 869 2094 peticionibus
904 2008 1079 2076 eorundem
1105 2010 1274 2100 Prepesiti,
1302 2009 1439 2080 Comitis

311 2117 461 2184 Ladizlai
472 2125 504 2182 et
514 2117 653 2201 Nycolai
668 2117 762 2184 iustis
774 2123 806 2182 et
816 2117 973 2201 legitimis
984 2117 1211 2185 fauorabiliter
1221 2121 1381 2209 inclinati,
1391 2121 1440 2208 ip-

310 2245 381 2291 sum
398 2225 604 2310 priuilegium
621 2223 743 2291 domini
759 2225 908 2292 Ladizlai
924 2227 1023 2310 Regis
1039 2247 1102 2293 non
1120 2227 1346 2314 cancellatum,
1374 2249 1439 2295 non

316 2335 481 2416 abrasum,
497 2353 560 2398 non
578 2332 788 2418 diminutum,
809 2354 868 2400 neo
884 2334 917 2399 in
934 2335 1048 2418 aliqua
1079 2335 1130 2402 sui
1154 2340 1247 2421 perte
1272 2335 1441 2422 uiolatum,

295 2433 355 2506 ‘de
371 2439 469 2504 uerbo
486 2439 528 2506 ad
544 2437 678 2506 uerbum
694 2440 898 2524 presentibus
916 2441 1016 2508 inseri
1032 2439 1168 2509 lecimus
1185 2451 1218 2508 et
1237 2449 1347 2510 nostro
1376 2443 1440 2530 pri-

311 2545 432 2629 uilegio
448 2545 613 2614 comuniri.
637 2545 675 2614 In
702 2550 793 2616 cuius
820 2547 866 2614 rei
891 2550 1078 2616 memoriam
1104 2557 1361 2636 perpetuamque
1387 2551 1440 2616 fir-

311 2655 456 2720 mitatem
473 2661 637 2740 presentes
655 2657 872 2724 concessimus
888 2657 1014 2724 litteras
1032 2655 1196 2743 duppliois
1215 2659 1316 2744 sigilli
1334 2663 1440 2727 nostri

311 2760 487 2827 munimine
504 2761 683 2848 roboratas,
699 2763 811 2846 sigilla
826 2763 1063 2831 venerabilium
1079 2773 1217 2850 patrum,
1243 2765 1437 2833 dilectorum

312 2878 346 2938 et
360 2871 502 2938 fidelium
518 2879 708 2958 nostrorum,
724 2871 906 2958 Lodomerij
923 2874 985 2940 Dei
1000 2875 1115 2958 gracia
1133 2875 1378 2963 strigoniensis,
1406 2884 1443 2943 et

310 2977 469 3044 iohannis
489 2976 677 3046 colonensis
703 2978 1027 3066 Archiepiscoponum
1055 2981 1176 3066 apponi
1203 2981 1339 3048 lecimus
1364 2985 1442 3050 vbe-

311 3087 426 3153 riorom
443 3087 486 3153 ad
500 3091 673 3156 cantelam.
692 3089 811 3156 Datum
828 3111 886 3175 per
902 3109 1016 3156 manus
1028 3090 1164 3175 predicti
1177 3091 1324 3174 Magistri
1335 3087 1443 3158 Theo·
1563 3101 1564 3104 ’

310 3195 381 3262 dori
411 3197 582 3283 Propositi,
623 3198 699 3264 aule
730 3205 838 3265 nostre
868 3197 1156 3284 vioe-Ocnoellarij
1190 3219 1276 3266 anno
1308 3201 1445 3267 Domini

309 3307 429 3374 M⁰OO⁰
444 3306 655 3390 nonagesimo
672 3308 787 3392 primo,
814 3309 928 3392 quinto
954 3306 1066 3374 Nonas
1083 3307 1170 3394 Julii,
1196 3309 1301 3391 Regni
1325 3315 1442 3375 autem

309 3415 410 3483 nostri
429 3435 515 3480 anno
532 3415 645 3499 primo.
1221 3409 1224 3414 ’

309 3632 448 3697 (Ersdetie
473 3648 491 3686 a
515 3635 604 3699 Rumy
622 3629 714 3684 osello
750 3631 963 3697 lectitantibus,
986 3631 1120 3686 micolata
1141 3631 1449 3700 amagyarslrsdemia

776 3722 962 3792 iretttlrlbau.)

820 4013 854 4018 -...
864 4011 980 4020 .--ι-
