3098 5172
813 271 973 370 Q

325 469 402 534 dem
418 467 537 534 flumen
552 464 873 548 Kukenegurpothok
891 465 1110 540 nominatum
1141 460 1217 528 iude
1233 459 1389 544 egreditur
1400 461 1435 525 ad

327 576 535 660 aquilonem,
568 581 600 639 et
616 570 719 640 eundo
736 571 858 638 directe
889 573 996 654 iungit
1022 575 1121 655 caput
1136 565 1281 636 eiusdem
1296 567 1436 651 fluminis,

326 680 445 750 deindo
462 679 662 749 transeundo
679 685 814 762 montes,
832 678 937 744 eundo
950 678 1073 746 directe
1090 677 1180 742 cadit
1195 677 1229 742 in
1246 675 1374 743 fluuium
1388 675 1436 740 Po·

324 792 403 857 lona
434 795 605 872 vocatum,
623 797 655 854 et
682 807 740 872 per
756 794 896 854 meatum
922 786 1067 854 eiusdem
1093 787 1199 850 eundo
1231 781 1435 868 peruenietad

326 897 489 980 quendam
514 897 630 978 locum,
661 895 716 963 rbi
741 895 864 962 riuulus
890 893 1135 980 Wiwespothok
1152 899 1287 959 vocatus
1319 890 1435 956 caditin

326 1006 428 1090 ipsum
447 1005 566 1071 flumen
584 1002 727 1086 Polona;
746 1010 777 1067 et
794 1003 840 1068 ibi
859 1003 925 1068 exit
942 1000 981 1066 de
999 999 1124 1086 eodem,
1144 1009 1176 1066 et
1192 1001 1363 1066 reflectitur
1378 1019 1435 1063 oon·

327 1119 378 1179 tra
395 1119 535 1178 meatum
552 1112 654 1194 ipsios
670 1111 760 1194 fluuij
777 1110 1022 1195 Wlwespothok
1050 1109 1091 1174 ad
1109 1108 1286 1193 orientem,
1303 1115 1334 1174 et
1348 1105 1434 1173 eundo

325 1221 475 1304 peruenit
492 1217 536 1283 ad
553 1223 653 1302 caput
669 1217 833 1302 eiusdem,
853 1218 972 1283 deinde
983 1217 1104 1283 directe
1116 1215 1220 1282 eundo
1237 1216 1340 1298 iungit
1355 1221 1435 1298 caput

325 1324 495 1391 cuiusdam
519 1324 660 1390 fluminis
688 1325 846 1390 Nenefew
876 1323 1004 1410 rooati,
1028 1333 1060 1391 et
1085 1324 1130 1388 ibi
1148 1323 1323 1390 reflectitur
1341 1339 1435 1388 versus

328 1432 513 1510 meridiem3
546 1439 578 1498 et
604 1431 708 1497 eundo
741 1431 862 1498 directo
878 1433 984 1514 iungit
1015 1438 1118 1498 metas
1150 1438 1234 1498 terre
1252 1430 1373 1498 Andros
1387 1428 1432 1512 filij

323 1539 436 1606 Boduu
452 1538 639 1624 supradicti,
656 1545 687 1605 et
702 1538 748 1604 ibi
764 1540 964 1606 terminatur.
982 1539 1019 1602 Iu
1036 1541 1128 1604 cuius
1153 1558 1212 1622 rey
1228 1539 1429 1604 testimonium

323 1647 367 1712 ad
382 1647 577 1712 instanciam
595 1646 740 1730 parcium
756 1650 923 1730 presentes
940 1646 1132 1712 contulimus
1150 1645 1255 1730 sigilli
1272 1645 1367 1712 nostri
1382 1665 1436 1708 mu·

324 1753 446 1818 nimine
472 1753 651 1818 roboratas.
677 1753 887 1820 Prosentibus
912 1760 1020 1819 tamen
1046 1753 1203 1836 Magistro
1228 1753 1372 1819 Johanne
1385 1751 1432 1817 Le·

323 1868 422 1944 otone,
442 1859 572 1942 Mykow
589 1856 748 1934 Custode,
781 1860 920 1925 Martino
937 1859 979 1926 do
996 1861 1120 1945 Patha,
1147 1860 1243 1926 Petro
1261 1861 1301 1926 de
1317 1860 1432 1943 Komey,

322 1965 479 2049 Magistro
504 1965 652 2031 Johanne
685 1965 846 2032 defleres
878 1965 1134 2050 Archidiaoonis,
1167 1973 1198 2031 et
1214 1967 1292 2051 alijs
1322 1968 1431 2041 multis;

323 2093 408 2139 anno
425 2074 557 2139 Domini
573 2075 692 2142 ΜῡΟΟο
708 2077 920 2158 nonagesimo
945 2084 1044 2142 sexto.
1076 2076 1247 2158 Regnante
1263 2075 1386 2142 Andrea
1400 2075 1434 2140 ll-

323 2178 417 2246 lustri
434 2180 524 2262 Rege
540 2178 727 2264 Hungarie;
745 2180 937 2246 Lodonrerio
954 2181 1180 2266 Strigonieusi,
1197 2180 1344 2248 Johanno
1360 2179 1433 2246 Colo·

322 2286 411 2352 censi
426 2284 708 2373 Archiepisoopis;
727 2287 855 2354 domino
873 2299 984 2355 nostro
1001 2289 1183 2354 venerabili
1208 2299 1301 2375 petro
1320 2287 1433 2353 Andrea

322 2394 384 2460 Dei
400 2395 513 2478 gracia
528 2393 691 2480 Episcopo
707 2395 857 2479 Agrionsi
875 2397 1098 2463 existentibus.

322 2593 462 2660 (Ererietie
474 2592 647 2661 birhtrtyin,
661 2595 775 2662 melyro'l
787 2610 804 2646 a
816 2592 910 2663 peccet
922 2593 1071 2649 liele-striis
1090 2595 1315 2661 selycmzsinoron
1332 2597 1405 2662 ffigg3
1418 2607 1432 2643 a

484 2683 558 2739 malt.
572 2681 637 2737 bero
650 2683 766 2753 Parenyi
780 2682 873 2737 cealtd
886 2686 1072 2752 nagysaiilltisi
1085 2683 1293 2745 levtltsrtbant

832 3393 907 3464 154.

321 3589 352 3654 A
366 3593 455 3678 pessi
470 3589 691 3679 ka'ptaloonolr
708 3591 972 3676 bizoopadplcoele
990 3617 1010 3656 a
1026 3590 1153 3678 Scapti
1169 3594 1316 3661 Benedek
1338 3607 1431 3660 moster

321 3699 352 3762 e's
377 3698 498 3762 Beendt‘
528 3697 646 3763 Tomos
671 3709 781 3762 mester
805 3700 909 3772 tosti,
940 3697 1088 3785 Hidoeph
1113 3701 1270 3788 helysepot
1292 3705 1431 3791 tcirpyozo

545 3804 865 3890 eppenetteoatpckrtek
880 3806 1099 3872 elintezeseriil.
1116 3807 1213 3875 1296.

425 3997 579 4065 Nicolaus
605 3999 792 4085 Propositus
818 4007 849 4065 ct
875 3997 1061 4084 Capitulum
1087 4001 1434 4086 Quinqueeoclesiensis

317 4101 462 4171 Ecclesie
493 4104 642 4171 omnibus
669 4126 801 4190 presens
836 4105 993 4191 scriptum
1019 4111 1223 4176 cernentibus
1249 4111 1383 4178 salutem
1405 4112 1433 4176 in

316 4207 466 4277 Domino.
484 4211 534 4275 Ad
550 4213 776 4280 uniuersorum
793 4215 946 4280 noticiam
974 4216 1123 4282 volumus
1150 4221 1330 4304 peruenire,
1356 4215 1434 4303 quod

316 4334 389 4382 cum
420 4315 581 4400 Magister
612 4319 818 4406 Benedictus,
844 4321 930 4388 filius
960 4319 1094 4390 Comitis
1122 4323 1250 4392 Nicolai
1278 4325 1318 4392 de
1343 4325 1431 4406 Saag,

316 4424 481 4506 quandam
497 4429 737 4508 possessionem
763 4449 855 4496 suam
881 4449 1015 4496 vacuam
1027 4430 1326 4520 habitatoribusque
1350 4431 1433 4498 desti·

318 4537 419 4597 tutam
431 4533 473 4597 ab
492 4533 623 4617 unoquo
640 4535 673 4599 in
690 4555 754 4601 uno
770 4533 843 4604 loeo
860 4537 945 4605 ultra
961 4537 1119 4633 Drawam
1131 4538 1223 4606 iuxta
1251 4541 1375 4608 Karasu
1399 4537 1435 4602 si·
