3120 5172
633 395 788 493 gos-

142 600 241 666 ·ncbis
256 597 384 664 litteras
400 601 549 682 patentes
566 591 687 660 domini
702 592 851 660 Ladizlai
871 592 969 676 Regis
985 592 1153 676 Hungarie
1168 599 1273 665 karlo

144 708 219 775 simi
228 707 342 776 fratris
351 706 454 775 nostri
462 706 619 792 patruelis
630 723 727 791 super
736 703 916 771 collacione
925 705 1167 790 possessionum
1176 703 1267 772 Petri

132 815 196 898 ¹:iilij
213 813 294 880 Wza
310 835 369 900 pro
384 815 464 900 ipsis
480 812 643 881 sororibus
660 810 824 879 confectas
835 836 842 896 3
855 818 966 896 petens
983 831 1004 877 a
1020 812 1113 880 nobis
1125 832 1199 880 cum
1214 812 1265 877 in-

142 922 277 1008 stancia,
294 929 330 989 ut
345 942 404 988 nos
420 921 511 1006 ipsas
528 922 655 989 litteras
670 927 758 986 ratas
768 917 898 993 habere.
908 921 1070 987 etnostris
1080 921 1268 1004 patentibus

142 1029 261 1096 litteris
277 1029 487 1113 dignaremur
502 1028 700 1096 confirmare.
718 1025 860 1104 Quarum
876 1026 1005 1110 quidem
1022 1028 1203 1096 litterarum
1218 1034 1266 1096 te·

136 1155 201 1204 nor
216 1135 294 1202 talis
311 1143 380 1204 est:

250 1242 320 1310 Nos
335 1240 511 1309 Ladizlaus
527 1241 589 1308 Dei
605 1241 719 1328 gracia
734 1243 805 1308 Rex
834 1241 1003 1324 Huugarie
1018 1243 1079 1308 sib.
1096 1238 1268 1328 (kttvatke-

145 1351 199 1417 nik
215 1351 270 1416 IV.
286 1343 404 1418 Laszlo
435 1339 545 1438 lriraly
570 1348 820 1436 helybenhagyo
847 1349 1014 1434 okmlanya
1038 1351 1120 1416 mint
1138 1351 1271 1436 gylljte·

145 1459 313 1546 mtuytlnlr
329 1457 388 1524 IX.
405 1457 525 1542 vagyis
541 1455 854 1544 amasodikfolyam
872 1455 926 1524 IV.
943 1456 1116 1523 kuteteben
1136 1462 1210 1526 194.
1227 1454 1268 1543 1.)

252 1567 321 1633 Nos
338 1565 448 1649 itaque
464 1564 567 1652 ipsius
583 1564 691 1631 fratris
706 1563 871 1631 Dominioi
887 1563 978 1628 iustis
988 1563 1206 1646 peticionibus
1222 1565 1274 1630 in·

146 1673 267 1758 clinati,
286 1671 418 1738 easdem
434 1673 562 1740 litteras
578 1672 676 1755 Regis
686 1671 833 1737 Ladizlai
843 1670 1086 1743 considerantes
1097 1690 1162 1736 non
1172 1672 1267 1737 abra·

138 1801 211 1866 sas,
227 1801 292 1848 non
307 1765 518 1866 cancellatas,
545 1781 653 1847 necin
685 1779 796 1864 aliqua
819 1781 870 1845 sui
886 1787 979 1864 parte
995 1777 1131 1845 uiciatas
1140 1829 1148 1863 ,
1176 1786 1270 1845 ratas

149 1888 304 1955 habentes
322 1894 354 1954 et
372 1894 545 1973 acceptas,
577 1886 768 1953 auctoritate
798 1885 1002 1970 presencium
1035 1887 1272 1954 confirmamus.

141 1992 265 2062 Datum
282 1993 378 2061 Bude
396 2003 512 2078 quarto
536 1993 591 2062 die
607 1993 836 2061 Conuersionis
862 1994 974 2062 Sancti
999 1993 1094 2060 Pauli
1118 1994 1271 2080 Apostoli

149 2120 232 2166 anno
249 2101 384 2168 Domini
400 2099 521 2169 51000ο
536 2103 748 2186 nonagesimo
769 2110 895 2173 octauo.

141 2295 285 2361 ·(Eredotie
298 2295 476 2364 bllrhirtyrin,
490 2316 506 2351 a
518 2295 596 2350 hatul
609 2300 783 2363 odauyomott
801 2295 947 2364 paesetnsk
971 2297 1099 2352 teredilre
1116 2314 1242 2364 messan,
1255 2321 1273 2356 a

461 2389 544 2442 budai
558 2388 609 2438 lrir.
624 2389 747 2438 kamarai
757 2385 948 2455 levcltirban.)

679 3207 756 3276 lau.

158 3403 244 3468 VIII.
262 3403 424 3490 Bonifdcz
437 3409 528 3490 pcipe
543 3405 632 3470 Pe‘ter
646 3407 785 3490 spalatos'
815 3406 957 3472 ersekoalt
986 3407 1079 3474 soloti
1108 3429 1146 3472 uz
1175 3409 1281 3474 Iraaka‘

558 3513 740 3598 pullicmct.
765 3512 862 3578 1298.

258 3701 448 3771 Bonifacius
465 3703 645 3790 Episcopus
670 3725 783 3774 servus
809 3725 974 3776 servorum
990 3708 1181 3794 Deidilecto
1207 3707 1278 3777 filio

146 3809 245 3876 fratri
259 3811 357 3877 Petro
374 3811 488 3877 Electa
504 3809 693 3898 spalatensi
709 3814 845 3880 salutern
872 3821 904 3881 et
929 3815 1150 3901 Apostolieam
1176 3817 1276 3884 bene·

151 3915 335 3983 dictionem.
353 3916 433 3984 Cum
446 3919 598 4006 palleum,
615 3918 743 4004 insigne
767 3920 918 3988 videlicet
942 3923 1145 3990 Pontificalis
1170 3922 1278 4008 officii,

154 4028 300 4107 exparte
316 4023 503 4092 tualuisset
528 4047 549 4093 a
573 4026 667 4094 nobis
692 4048 749 4112 per
774 4028 925 4096 dilectum
951 4027 1052 4094 filium
1078 4024 1272 4114 Gregorium

146 4128 348 4199 Caranicum
364 4133 599 4222 spalatensem,
630 4137 778 4202 nuntium
802 4141 902 4222 tuum,
929 4157 1000 4203 eum
1028 4159 1068 4204 ea
1091 4158 1157 4222 qua
1182 4139 1276 4208 decet

150 4237 306 4306 instantia
321 4241 530 4328 postulatum,
555 4241 672 4310 vestris
698 4243 987 4328 supplicationibus
1012 4254 1203 4332 annuentes,
1228 4250 1280 4335 ip·

148 4365 219 4412 sam
235 4345 276 4412 de
292 4365 426 4432 corpore
441 4347 536 4414 Beati
552 4349 638 4414 Petri
654 4358 814 4437 sumptum
841 4371 900 4438 per
926 4353 1130 4422 venerabiles
1156 4355 1278 4425 iratres

150 4459 299 4518 nostros.
317 4502 325 4520 .
340 4501 348 4520 .
365 4453 618 4537 Traguriensem
635 4463 685 4522 et.
705 4505 737 4522 ..
763 4457 960 4524 Pharensern
986 4461 1176 4550 Episcopus,
1199 4461 1272 4529 Suf-

147 4557 325 4643 iraganeos
343 4565 415 4625 tuos
432 4561 665 4646 assignandum
682 4562 752 4651 tibi,
770 4583 827 4648 per
843 4565 979 4632 eundem
1003 4569 1151 4634 nuntium
1177 4565 1270 4634 duxl-

152 4685 224 4730 rnus
240 4664 539 4752 transmittendum
558 4673 593 4732 ut
607 4668 688 4734 illud
702 4669 761 4735 tibi
777 4672 947 4756 assignent
962 4673 1023 4740 sub
1039 4671 1154 4761 forma,
1175 4691 1277 4754 quana

201 4795 305 4835 nonus.
322 4797 404 4836 nuno.
422 4801 491 4848 msr.
510 4815 549 4825 -
568 4802 639 4838 oren.
659 4798 695 4841 lu.
1073 4783 1115 4846 20
