3098 5172
783 298 947 400 ..aa

293 510 353 558 we
368 489 480 556 situati
496 495 528 558 et
543 490 682 576 fundati,
694 491 832 573 queista
850 489 920 556 iure
940 491 1090 575 geniture
1106 491 1347 561 bereditariaue
1362 513 1432 562 sue-

301 599 446 667 cessione
461 597 542 685 ipris
558 598 714 684 Magistro
730 596 877 664 Jobauni
894 601 925 664 et
956 597 1111 668 fratribus
1132 581 1221 690 suis,
1236 601 1312 686 filijs
1328 603 1431 669 comi·

299 704 343 772 tis
358 704 507 771 Ladizlai
523 725 585 790 per
600 705 731 771 modum
764 704 935 772 diuisiouis
961 707 1079 774 cedere
1104 709 1286 793 debebant,
1318 709 1432 777 eodem

303 814 399 901 pleno
416 812 485 879 iure
516 813 708 880 dimiserunt
738 813 970 900 relinquentes,
1002 814 1036 879 in
1062 817 1283 884 concambium
1300 818 1433 885 alterius

302 919 529 1008 possessionis,
547 920 725 986 aliarumue
740 920 1088 1004 possessionum‚sicut
1105 923 1313 1009 exprimetur,
1330 931 1364 991 et
1382 924 1433 992 de·

303 1029 419 1094 derunt
435 1045 474 1092 ac
489 1024 696 1094 tradiderunt
708 1026 832 1092 eisdem
843 1026 1009 1111 Magistris
1025 1027 1216 1114 Laurencio,
1231 1031 1392 1116 Phylipus
1402 1039 1433 1099 et

302 1135 459 1202 Ladizlao
475 1134 551 1218 filijs
568 1133 717 1218 Magistri
742 1133 921 1220 Phylipus‚
953 1134 1016 1201 sibi
1033 1144 1066 1202 et
1081 1157 1140 1223 per
1156 1157 1211 1204 ecs
1226 1138 1293 1204 suis
1310 1138 1433 1206 beredi-

302 1245 363 1309 bus
380 1242 599 1327 heredumque
616 1263 744 1310 suorum
770 1243 1011 1310 successoribus
1037 1251 1069 1310 et
1095 1246 1340 1330 posteritatibus
1356 1246 1432 1314 irre-

302 1349 507 1434 fragabiliter
524 1357 557 1414 et
572 1343 852 1418 irretractabiliter
876 1350 1174 1420 irreuocabiliterue
1189 1353 1260 1419 iure
1277 1361 1432 1438 perpetuo

302 1457 532 1544 possidendas,
549 1458 709 1524 tenendas
735 1459 858 1544 pariter
875 1464 908 1523 et
923 1457 1102 1526 habendas.
1118 1458 1256 1545 Insuper
1279 1459 1349 1546 ipsc
1368 1461 1433 1527 Ma-

302 1564 586 1648 gisterlobaunes
603 1571 635 1631 et
650 1564 768 1632 iratres
785 1567 847 1653 sui,
863 1565 1041 1653 Phylipus,
1066 1567 1251 1634 Demetrius
1269 1573 1301 1634 et
1316 1568 1433 1634 Ladiz-

305 1674 379 1740 laus
394 1674 548 1740 uniuersa
564 1681 598 1738 et
613 1671 744 1756 singula
754 1672 896 1756 dampna
907 1692 1029 1758 eorum,
1044 1693 1107 1757 que
1123 1672 1165 1739 ad
1181 1679 1342 1743 trecentas
1353 1696 1435 1742 mar·

303 1801 360 1848 cas
378 1783 619 1866 computabant,
636 1780 719 1846 sicut
735 1781 930 1864 premittitur
944 1780 1075 1869 seriose,
1093 1788 1226 1866 propter
1240 1783 1359 1848 bonum
1376 1803 1434 1868 pa-

302 1889 359 1974 cis,
376 1889 545 1955 rationeue
575 1886 696 1972 prelati
728 1885 921 1972 concambij,
939 1885 1059 1955 eisdem
1090 1886 1243 1956 fratribus
1274 1889 1342 1956 suis
1356 1889 1435 1974 filijs

300 1993 453 2078 Magistri
470 1996 630 2083 Phylipus
647 1996 795 2080 plenarie
820 1997 1040 2080 relinquentes
1072 1995 1283 2077 dimiserunt,
1311 2002 1344 2063 et
1357 1995 1435 2063 irre-

301 2101 511 2168 tractabiliter
522 2123 580 2186 per
596 2101 707 2166 omnia
716 2101 915 2167 relaxarunt.
931 2103 958 2166 u
974 2109 1087 2168 contra
1103 2103 1166 2187 ipsi
1183 2101 1333 2186 Magistri
1349 2105 1434 2169 Lau·

301 2209 441 2295 raucius,
458 2209 617 2295 Phylipus
633 2214 666 2273 et
688 2208 864 2274 Ladizlaus
890 2209 949 2294 filij
966 2209 1117 2293 Magistri
1133 2210 1295 2297 Phylipus
1311 2209 1432 2276 ibidem

302 2315 335 2383 in
351 2319 591 2403 presenciarum
610 2322 756 2384 astantes
772 2316 968 2402 integralem
984 2317 1222 2384 dimidietatem
1238 2339 1299 2386 seu
1314 2319 1433 2385 medie

304 2429 404 2488 tatem
422 2423 530 2489 Oastri
548 2429 580 2488 et
611 2422 827 2510 possessionis
867 2421 1005 2510 Orrywa
1029 2430 1217 2490 vocatorum
1242 2425 1275 2490 in
1302 2425 1434 2509 Posoga

303 2531 493 2599 situatorum
510 2538 542 2597 et
568 2530 798 2612 existencium,
830 2551 902 2597 cum
934 2531 1084 2598 omnibus
1104 2533 1173 2598 suis
1190 2530 1387 2600 utilitatibus
1403 2540 1435 2598 et

301 2637 513 2726 pertinenciJs
524 2637 721 2724 quibuslibet
737 2659 778 2705 ac
793 2639 1050 2725 circumstancijs
1062 2639 1223 2706 uniuersis
1235 2665 1243 2716 ;
1256 2641 1336 2706 item
1352 2641 1434 2708 istas

302 2743 385 2811 duas
402 2751 507 2812 terras
523 2765 581 2812 seu
598 2746 824 2830 possessiones
840 2745 990 2832 Hothyas
1005 2751 1036 2810 et
1051 2746 1179 2813 Betbou
1195 2754 1334 2814 uocans
1350 2765 1436 2814 seor·

303 2872 375 2919 sum
392 2860 424 2920 et
440 2852 580 2938 diuisim,
598 2853 690 2920 iuxta
706 2853 839 2920 fluuium
857 2854 1000 2920 Drauwe
1015 2852 1192 2920 inmediate
1208 2853 1435 2921 etviclnauter

303 2958 513 3047 adiacentes;
529 2981 592 3046 que
608 2961 673 3028 ista
688 2961 799 3026 omnia
813 2961 883 3026 iure
898 2961 1047 3044 geniture
1057 2960 1299 3028 bereditariauc
1311 2981 1434 3030 succes·

301 3069 392 3135 sione
407 3088 466 3153 per
483 3067 612 3134 modum
629 3066 801 3134 diuisionis
819 3065 964 3134 eiusdem
983 3065 1069 3155 (lgy)
1085 3066 1164 3150 filijs
1180 3067 1334 3152 Magistri
1349 3069 1434 3154 Phy—

306 3176 391 3261 lipus
408 3174 522 3242 cedere
538 3173 711 3256 debebant,
729 3174 921 3242 dimiserunt
936 3174 1142 3259 reinqueutes
1159 3173 1193 3238 in
1205 3175 1434 3242 concambium

303 3281 443 3348 omnium
460 3280 701 3369 premissorum,
728 3281 812 3349 sicut
836 3281 1033 3366 premittitur
1059 3281 1191 3368 seriose,
1217 3288 1250 3348 et
1276 3280 1436 3350 dederuut

246 3453 250 3462 ,
303 3397 335 3454 et
350 3388 556 3456 tradiderunt
571 3389 747 3474 sepedictis
764 3388 921 3473 Magistro
937 3388 1090 3476 Jobanui,
1118 3388 1291 3478 Phylipus,
1317 3393 1436 3457 Deme·

303 3497 365 3563 trio
381 3503 414 3561 et
429 3494 599 3582 Ladizlao,
616 3495 692 3581 fllijs
709 3497 842 3562 Comitis
858 3495 1015 3584 Ladizlai,
1032 3496 1188 3564 fratribus
1205 3499 1274 3564 suis
1285 3498 1435 3563 irretrac-

302 3601 450 3670 tabiliter
466 3611 498 3668 ct
513 3603 772 3671 irreuocabiliter
787 3605 857 3670 iure
873 3609 1031 3691 perpetuo
1049 3604 1262 3692 possidenda,
1290 3603 1435 3672 tenenda

301 3710 423 3796 pariter
439 3719 471 3776 et
486 3711 648 3778 habenda.
666 3711 747 3778 Item
765 3717 902 3796 utraque
919 3731 995 3797 pars
1012 3731 1110 3796 super
1136 3712 1284 3778 omnibus
1310 3713 1436 3778 manci·

300 3818 366 3903 pijs
383 3835 492 3886 eorum
509 3818 611 3886 seruis
627 3826 659 3886 et
675 3819 804 3887 ancillis
821 3819 889 3886 suis
906 3819 1113 3904 quibuslibet,
1131 3819 1221 3885 illam
1239 3817 1378 3886 eandem
1389 3819 1436 3884 di-

300 3925 471 4012 uisionem,
491 3946 587 4010 quam
603 3926 645 3992 ab
662 3925 736 3993 olim
753 3925 837 3993 inter
853 3945 889 3993 se
905 3926 1097 4012 habuerunt,
1114 3927 1254 3994 confessi
1269 3927 1436 3993 suntuiua

301 4053 382 4100 uoce
398 4032 666 4120 irrefragabiliter
682 4041 715 4101 et
729 4055 816 4100 nuuc
833 4054 868 4102 se
883 4035 1034 4103 babendo
1051 4033 1288 4101 ratificaudove
1304 4053 1341 4099 se
1358 4034 1437 4100 reti-

302 4160 390 4222 nere,
408 4149 440 4206 et
454 4141 488 4208 in
515 4148 707 4229 perpetuum
732 4162 937 4210 conseruare.
963 4144 1046 4210 ltem
1070 4144 1148 4228 quia
1172 4141 1206 4208 in
1237 4139 1438 4227 supradictis

304 4247 429 4314 duobus
454 4251 587 4335 paribus
604 4248 848 4340 priuilegiprum
865 4256 1051 4318 nostrorum
1067 4269 1166 4335 super·
1183 4249 1270 4316 lacto
1297 4247 1434 4316 diuisio-

300 4354 352 4422 nis
368 4355 454 4422 inter
469 4363 581 4442 partes
597 4355 686 4442 prius
701 4357 813 4424 habite
828 4359 898 4425 siue
914 4358 1000 4426 lacte
1016 4357 1244 4445 confectorum,
1254 4357 1351 4424 ambe
1361 4373 1437 4440 par-

300 4468 349 4530 tes
365 4464 408 4530 ad
425 4465 681 4532 conseruandam
697 4465 889 4532 diuisionem
907 4464 1034 4551 judicio
1050 4467 1121 4534 siue
1131 4485 1219 4552 pena
1228 4464 1435 4550 singularum

289 4577 431 4636 »centum
447 4589 629 4638 marcarum
662 4577 797 4656 utroque
813 4571 988 4658 priuilegio
1003 4579 1116 4642 nostro
1142 4578 1371 4642 contentarum
1398 4587 1438 4636 se
