3132 5162
634 345 653 406 9

86 532 195 598 Bodow
214 535 339 600 litteras
356 536 578 622 priuilegiaies
596 538 793 604 venerabilis
805 538 945 624 Capituli
957 539 1201 624 strigoniensis,

85 661 145 706 cnm
164 641 282 724 quibus
300 642 422 710 eisdem
441 643 588 728 predicta
615 653 701 711 terra
726 666 783 730 per
815 648 952 713 Obuslru
979 648 1080 714 filium
1114 645 1203 714 Obns

85 747 180 814 inerat
196 747 359 816 deuolute.
376 755 628 835 Assumpse'runt
644 759 794 836 preterea
804 755 980 838 Romanus,
993 756 1151 822 Nicolaus
1168 761 1201 822 et

84 855 224 922 Andreas
241 855 360 924 iratres
377 858 428 923 sui
444 857 594 941 superins
611 859 772 926 nominati
791 861 899 945 sepius
916 861 1020 928 satum
1049 862 1204 929 Comitem

84 961 197 1030 Bodow
215 966 359 1049 ipsorum
376 965 513 1052 proprijs
540 967 721 1051 sumptibus
748 974 781 1033 et
807 969 960 1054 expensis
986 971 1027 1036 ab
1056 971 1206 1037 omnibus

81 1093 169 1156 super
184 1071 257 1158 ipsa
272 1083 360 1140 terra
376 1073 557 1157 inquietare
573 1075 758 1142 volentibus
779 1076 942 1162 expedire.
962 1079 1000 1144 In
1028 1081 1120 1146 cuius
1145 1099 1203 1164 rey

85 1180 296 1246 testimonium
314 1189 345 1247 et
361 1181 546 1253 memoriam
563 1191 729 1267 presentes
746 1191 874 1252 nostras
891 1185 1018 1252 litteras
1044 1187 1224 1254 concessi·
1307 1226 1308 1230 =

85 1307 148 1352 mus
163 1287 268 1371 sigilli
284 1289 388 1354 nostri
407 1289 581 1356 munimine
596 1291 776 1358 roboratas.
795 1293 916 1359 Datum
936 1294 966 1358 in
995 1294 1121 1360 octauis
1140 1294 1204 1360 Na·

84 1393 213 1460 tiuitatis
229 1395 331 1462 Beate
346 1395 447 1462 Marie
464 1417 549 1464 anno
566 1397 696 1463 Domini
721 1397 894 1466 millesimo
912 1399 1132 1484 ducentesimo
1148 1421 1203 1467 no·

84 1521 252 1584 nogesimo.

85 1701 214 1761 (Eredctic
227 1699 405 1768 biirhairtyaim
419 1717 437 1753 a
450 1701 562 1767 melyrb'l
576 1718 592 1752 a
605 1704 699 1769 peccet
725 1701 954 1772 hirtyuzsinsgen
978 1705 1066 1774 sugg3
1088 1722 1105 1756 a
1126 1705 1207 1755 budai

446 1791 498 1844 kir.
514 1790 638 1843 kamarai
660 1790 849 1858 leveltairban.)

85 2792 111 2859 A
126 2799 240 2882 ozopeai
255 2796 484 2883 kdptolannoic
501 2797 649 2884 Lucrinis,
668 2799 778 2864 Rokua
794 2803 825 2866 ἑο
852 2797 960 2886 Nyrer
986 2800 1210 2887 helyaepclmek

106 2909 329 2990 incommodant
345 2909 502 2988 idrqyazo
509 2907 660 2989 jeannae
676 2908 744 2970 III.
764 2907 873 2970 Eudae
888 2908 1069 2992 kimiiyizoz.
1090 2909 1186 2971 1290.

187 3099 467 3168 Excellentissimo
492 3101 621 3168 domino
637 3121 696 3169 suo
712 3099 843 3168 Andree
859 3103 920 3168 Dei
946 3101 1059 3186 gracia
1084 3100 1206 3168 Iliusrri

87 3207 162 3290 Regi
177 3207 343 3293 Hungarie
358 3209 544 3294 Capitulum
561 3207 707 3276 Ecclesia
723 3207 836 3276 Sancti
852 3207 980 3275 Martini
1007 3208 1048 3274 de
1080 3207 1204 3293 Scepus

86 3315 249 3382 oraciones
266 3316 300 3382 in
316 3315 456 3382 Domino
473 3315 600 3383 debitas
618 3323 650 3383 st
665 3315 813 3385 denotas.
831 3315 966 3384 Nouerit
993 3317 1110 3381 Vestra
1135 3315 1207 3384 Oel-

87 3423 197 3506 situdo,
212 3421 298 3508 qnod
308 3423 428 3492 litteris
444 3425 563 3490 vestris
572 3432 757 3493 reuerenter
767 3425 911 3510 acceptis
929 3443 993 3490 vna
1010 3443 1084 3490 cum
1101 3420 1208 3510 predi-

85 3537 132 3596 cto
149 3531 261 3599 Pouka
276 3533 407 3601 homine
420 3541 526 3600 vestro
537 3533 731 3618 Magistrum
744 3533 946 3618 Stephanum
957 3532 1079 3600 socium
1091 3540 1123 3598 et
1139 3552 1211 3598 eon-

85 3643 273 3709 ranonicum
291 3651 434 3709 nostrum
447 3642 489 3708 ad
500 3642 648 3728 predicta
659 3641 815 3707 mandata
827 3648 935 3708 vestra
947 3641 1096 3708 duximus
1114 3639 1213 3706 desti
1243 3715 1246 3721 .

85 3749 235 3818 nandum.
262 3749 324 3828 Qui
342 3751 472 3833 quidem
489 3757 594 3818 vester
615 3759 646 3816 et
662 3758 770 3815 noster
787 3749 934 3816 homines
951 3749 993 3815 ad
1010 3769 1068 3816 nos
1085 3741 1207 3813 'reuersi

87 3858 287 3925 concorditer
303 3859 398 3925 nobis
414 3859 608 3926 retulerunt:
625 3854 711 3942 quod
723 3855 888 3942 predictas
904 3857 1003 3922 villas
1019 3877 1075 3922 seu
1088 3873 1211 3940 posses·

86 3962 193 4031 siones
204 3972 235 4032 et
251 3965 354 4033 siluas
371 3973 402 4032 et
413 3985 522 4032 carum
535 3973 638 4034 metas
650 3965 839 4033 conuocatis
851 3963 1025 4050 sepedictis
1039 3967 1211 4029 commeta·

85 4073 153 4139 ucis
176 4075 351 4142 earundem
383 4076 646 4142 reambulassent
673 4083 704 4143 et
737 4075 928 4141 statuissent
944 4093 1021 4159 sepe
1048 4069 1213 4136 nominato

84 4177 320 4247 Andreenullo
337 4182 466 4268 penitus
499 4181 750 4251 contradicente.
784 4183 867 4248 Mete
885 4201 960 4248 vero
995 4177 1214 4264 predictarum

84 4288 323 4368 possessionum
340 4298 372 4359 et
388 4289 556 4373 siluarum,
582 4292 666 4358 sicut
682 4290 765 4357 idem
793 4289 889 4355 homo
915 4293 1024 4354 noster
1050 4293 1082 4352 et
1107 4292 1216 4352 vester

8 4429 9 4436 κ
85 4393 177 4462 nobis
197 4395 357 4484 dixerunt,
373 4397 435 4465 hoc
451 4397 562 4486 ordine
579 4397 816 4482 distinguntur:
845 4395 955 4461 Prima
972 4399 1068 4478 meta,
1084 4412 1147 4476 qne
1164 4397 1215 4458 est

85 4504 168 4570 inter
184 4503 320 4572 Landok
339 4513 372 4571 et
388 4505 510 4592 Rokrm,
528 4507 642 4592 incipit
659 4505 692 4571 in
710 4501 849 4587 quadam
868 4503 957 4568 valle
974 4500 1078 4585 Qnyci
1091 4505 1217 4582 vocata,

85 4629 146 4694 qus
163 4613 258 4681 vallis
276 4613 446 4682 descendit
463 4635 503 4682 ex
521 4616 618 4682 niuco
636 4621 743 4683 monte
768 4609 928 4696 usquead
955 4609 1087 4678 fluuium
1114 4607 1216 4690 Bela;
