3170 5166
621 289 781 388 Q

132 479 241 567 castri,
259 480 405 567 hospites
421 488 614 571 castrenses,
631 485 811 553 udwornici
828 493 860 553 et
875 486 986 572 populi
997 483 1273 570 domineRegine

130 585 321 656 Faroasium
339 587 398 676 (et)
415 589 518 659 Keted
532 591 747 678 filiosKeled,
760 601 793 660 et
804 591 886 661 duos
897 594 1070 660 seruitores
1087 595 1274 660 eorundem.

131 696 252 783 Blyam
268 703 301 762 et
316 697 409 766 Ylias
424 697 513 765 fures
529 697 688 784 dixerunt
707 707 740 766 et
756 700 816 786 filij
834 700 943 769 Wbed
968 699 1157 785 specialiter
1173 700 1263 766 dixe·

131 811 217 890 runt,
235 803 321 888 quod
338 804 494 872 baberent
510 807 635 874 litteras
650 806 800 891 Magistri
816 805 986 874 Benedicti
1002 827 1100 892 super
1116 827 1164 893 eo,
1176 806 1263 890 quod

133 929 243 978 coram
259 910 330 997 ipso
347 913 487 981 fuissent
502 913 588 980 idem
619 913 807 1002 Parnasius,
825 913 930 982 Keled
947 921 979 981 et
1004 914 1177 982 seruitores
1211 900 1263 982 sui

133 1018 284 1089 conuicti.
301 1019 394 1090 Vnde
409 1041 470 1089 nos
486 1041 596 1089 coram
613 1025 701 1090 omni
718 1025 839 1110 populo
856 1022 1007 1090 sedentes
1038 1025 1072 1090 in
1104 1021 1263 1090 tribunali
1369 1096 1373 1102 ¹

130 1129 349 1214 precepimus,
366 1130 451 1214 quod
468 1130 495 1196 si
511 1130 615 1196 iustos
632 1149 667 1197 se
683 1151 756 1198 esse
772 1132 888 1217 sciunt,
899 1137 1109 1218 compareant
1118 1128 1264 1198 secunda

130 1233 215 1326 feria
229 1243 303 1320 post
319 1249 456 1304 octabas
469 1235 662 1304 Natiuitatis
679 1237 816 1304 Domini
843 1257 950 1306 coram
967 1238 1060 1307 nobis
1094 1245 1126 1304 et
1157 1236 1264 1320 Magi-

132 1349 203 1409 stro
219 1340 406 1430 Benedict0‚
421 1363 458 1410 se
476 1345 506 1409 si
523 1344 648 1429 possint
664 1344 855 1430 purgaturi3
873 1345 1181 1434 alioquinssdecetcro
1191 1363 1266 1410 eas-

131 1449 207 1514 dem
222 1447 309 1538 (igy)
325 1451 481 1518 faciemus
496 1451 700 1536 proclamari.
717 1452 839 1519 Datum
854 1453 889 1518 in
906 1461 1013 1520 castro
1028 1453 1148 1518 Ferreo
1164 1450 1198 1516 in
1214 1451 1262 1516 ri·

132 1557 218 1641 gilia
234 1557 358 1626 Thomc
373 1558 533 1643 Apostoli.

243 1665 397 1733 flatui:
416 1667 537 1733 Contra
553 1666 636 1732 filios
654 1664 758 1733 Keted
769 1674 887 1734 etsuos
900 1667 1056 1753 furespro
1070 1663 1265 1750 dlijstet.

134 1862 275 1924 (Eradetie
293 1859 468 1928 bdrbdrtydn,
482 1863 609 1928 melynek
629 1859 715 1914 batdn
736 1879 768 1914 aa
789 1865 843 1914 oda
862 1873 986 1929 nyomott
1014 1863 1109 1930 pauset
1122 1859 1265 1914 maradvd·

244 1955 308 2016 nyai
326 1950 388 2018 mdg
419 1951 610 2018 megvaunak3
630 1967 647 2001 a
660 1969 746 2002 norun.
767 1968 891 2003 muzeurn
905 1949 1152 2018 kdzirattdrriban.)

592 2211 804 2224 *—

674 2659 751 2726 325.

138 2853 386 2939 Torvtcpieze'si
400 2858 579 2940 batdroaat,
595 2858 677 2940 moly
695 2859 778 2922 ditat
793 2879 833 2920 oz
849 2859 996 2922 Ebednelc
1004 2860 1072 2941 fiai
1087 2863 1118 2925 έε
1135 2860 1268 2926 Ροηίοῖι

265 2963 352 3029 aazia·
361 2963 478 3050 parem
495 2965 533 3048 uj
547 2964 709 3048 raramap
725 2961 919 3048 abaciacus.
935 2944 987 3030 rio
1003 2966 1124 3032 narrar.

152 3243 154 3248 ἲ
243 3161 350 3228 Datur
365 3179 424 3245 pro
440 3159 605 3226 memoria.
625 3159 713 3244 quod
737 3159 815 3226 licet
852 3156 975 3226 iactum
1005 3158 1142 3226 filiorum
1171 3160 1267 3228 Ebed

131 3266 222 3352 qnod
238 3265 358 3335 babent
373 3286 446 3334 cum
462 3265 595 3348 Ponicb,
613 3267 816 3335 ordinacioni
831 3273 864 3334 et
890 3266 1049 3335 decisioni
1065 3267 1274 3336 uenerabilis-

129 3373 239 3461 patris
254 3373 291 3439 P.
307 3374 459 3461 Episcopi
475 3373 728 3460 vesprimiensis
744 3373 818 3442 aule
833 3373 963 3441 domine
978 3375 1102 3459 Regina
1133 3371 1268 3442 (tanoal-

130 3480 219 3568 larij,
237 3489 270 3549 et
285 3481 435 3568 Magistri
453 3480 511 3549 cb.
527 3480 662 3549 Comitis
678 3479 886 3548 Zaladiensis
903 3481 994 3564 prius
1011 3480 1264 3566 comisissemus;

130 3592 247 3654 tamen
263 3587 351 3672 quod
366 3587 463 3672 ijdem
480 3589 628 3656 Berones
642 3590 819 3656 terminare
834 3608 899 3654 non
914 3593 1098 3674 potuerunt,
1115 3596 1147 3655 et
1178 3587 1259 3656 dicti

132 3695 197 3782 filij
212 3697 304 3766 Ebed
319 3703 451 3782 propter
466 3696 620 3765 diuersas
634 3695 784 3782 insidias,
801 3713 882 3781 quas
897 3695 960 3764 sibi
991 3716 1050 3780 per
1081 3697 1268 3780 generacio-

132 3823 210 3872 nem
227 3803 269 3872 de
284 3804 406 3872 Ponich
421 3803 547 3884 positas
563 3821 636 3872 esse
653 3804 814 3891 dixerunt,
832 3803 875 3870 ad
890 3803 1094 3888 presenciam
1109 3803 1269 3871 dictorum

133 3913 298 3979 Beronum
314 3909 420 3980 redire
434 3931 532 3998 super
547 3913 620 4000 ipso
637 3913 723 3981 facto
739 3933 804 3980 non
819 3909 994 3996 audebant,
1011 3911 1098 3978 dicto
1128 3911 1264 3999 Ponich,

119 4024 290 4104 presente
304 4017 435 4087 homine
449 4039 508 4091 suo
531 4019 665 4089 Nicolao
681 4020 722 4087 de
738 4018 839 4108 Ollar,
865 4037 960 4103 quem
990 4017 1034 4088 ad
1065 4020 1271 4104 presenciam

133 4129 280 4192 nostram
295 4123 339 4192 ad
355 4133 489 4194 octauas
504 4125 665 4194 Jobannis
681 4126 830 4214 Baptista
846 4132 960 4195 contra
975 4125 1061 4192 filios
1086 4124 1179 4191 Ebed
1210 4125 1269 4192 nri·

134 4237 235 4320 serat,
252 4233 381 4319 stipsis
396 4233 475 4319 filijs
492 4234 584 4304 Ebed
599 4235 842 4319 assignarimus
858 4253 915 4319 pro
932 4233 1070 4301 termino
1085 4237 1265 4318 perempto-

133 4337 184 4406 rio
201 4357 310 4407 coram
326 4339 420 4408 nobis
437 4340 650 4426 comparendi
666 4346 800 4409 octauam
816 4339 1008 4408 Natiuitatis
1032 4339 1134 4406 Beate
1164 4338 1270 4424 Virgi-

135 4445 199 4532 nis,
231 4451 268 4512 nt
283 4451 359 4514 tuno
374 4446 461 4516 idem
477 4447 602 4515 Ponich
626 4449 809 4517 omnimode
825 4453 1013 4534 compareat
1044 4452 1158 4515 contra
1188 4445 1283 4513 filios·

134 4551 238 4642 Ebed,
254 4553 428 4644 dilacione,
443 4555 614 4625 occasione
629 4563 661 4626 et
677 4557 874 4643 exceptione
889 4554 1086 4639 quibuslibet
1103 4555 1281 4638 relegatis„
