3120 5172
578 307 734 408 ,Ψ-

87 517 138 564 sue
154 497 287 567 racione
299 497 455 567 'Custodia
470 498 584 583 teneri,
615 506 647 566 et
664 499 792 567 diucius
818 499 903 568 inter
919 521 974 569 cos
990 503 1103 572 luisset
1119 504 1216 572 alter·

87 611 210 690 catum;
226 607 360 674 tanuen
385 614 496 692 partes
521 607 563 674 de
580 607 745 674 amicabili
772 607 1009 694 composicione
1041 611 1214 696 proborum

86 713 233 798 uirorum,
250 713 440 798 specialiter
471 715 585 782 Jacobi
602 714 763 802 Caulonis,
796 721 829 780 et
847 715 1049 799 quorundam
1075 717 1213 784 aliorum

86 843 122 889 cx
137 819 294 888 fratribus
310 823 440 910 nostris,
457 821 609 888 dixerunt
625 822 734 890 taliter
759 822 844 889 iuter
870 843 905 890 se
921 822 1069 890 extitisse
1086 823 1214 893 ordina·

86 936 167 1013 tum;
186 933 221 995 ut
234 928 421 1016 Ladiulaus,
449 929 626 1015 Gregorius
643 936 675 1025 qt
699 929 898 1018 Dominicus,
916 932 1136 1017 predictarum
1151 932 1212 1002 Ec·

86 1036 258 1104 cleriorum
273 1037 457 1124 presbiteri,
475 1039 529 1104 uel
548 1057 661 1105 eorum
688 1057 891 1106 successores
908 1041 941 1105 in
956 1038 1038 1125 ipsis
1055 1040 1211 1107 Eeclcsiis

86 1163 138 1230 pro
154 1148 300 1230 tempore
316 1146 492 1229 constituti,
521 1145 638 1215 amodo
670 1147 704 1211 in
720 1153 885 1232 posterum
917 1145 1037 1232 singuli
1068 1147 1211 1233 ipsorum

85 1251 178 1318 annis
196 1250 336 1334 singulis
354 1252 460 1318 eidem
477 1252 631 1320 Marcello
648 1252 801 1338 Custodi,
833 1254 885 1320 uel
904 1256 1085 1321 successori
1101 1275 1161 1322 suo
1177 1255 1211 1320 iu

84 1357 232 1426 Ecclesia
248 1365 358 1428 nostra
374 1360 601 1446 strigoniensi,
623 1380 681 1446 pro
697 1367 842 1446 temporo
858 1361 1007 1428 similiter
1024 1361 1211 1450 constituto,

84 1467 292 1554 quantitates,
309 1468 379 1538 siue
394 1467 541 1553 singulas
572 1468 715 1553 quinque
733 1487 914 1535 marcarum
931 1469 1088 1536 candelas
1097 1520 1107 1557 ,
1138 1470 1210 1538 sinc

84 1573 307 1661 reiragacioue
338 1577 483 1661 qualibet
498 1583 657 1663 perpetuo
667 1631 678 1666 ,
705 1577 841 1664 pacifice
873 1584 905 1644 et
920 1578 1066 1663 plenario
1082 1578 1160 1644 dare
1179 1583 1211 1643 et

84 1685 208 1752 soluere
224 1691 421 1752 tenerentur.
436 1683 559 1752 Datum
576 1683 732 1770 Strigonij
755 1686 789 1752 iu
805 1685 945 1754 crastino
956 1685 1051 1752 Beati
1061 1685 1209 1752 Wincen·

84 1789 122 1874 cij
146 1793 305 1877 martiris,
338 1810 424 1858 anuo
455 1790 587 1858 Domini
603 1791 648 1858 Μ0
666 1791 887 1861 ducentesimo
918 1793 1130 1876 nonagesimo
1161 1809 1209 1858 sc·

84 1897 193 1982 ptimo.
1135 1915 1139 1922 ·

163 2074 216 2143 (Aa
230 2075 334 2130 enudati
353 2073 426 2130 otiu
439 2077 536 2131 Kusnu
548 2073 668 2140 Maior,
680 2075 797 2144 itamar
810 2076 876 2130 Sion
888 2077 939 2129 111.
952 2077 1008 2131 kut.
1023 2079 1083 2130 uta.
1097 2077 1127 2146 l.)

611 2893 687 2964 lte.

82 3095 216 3160 Mortuo
230 3094 516 3180 aloruupbiro‘nat
525 3093 678 3179 biaocyon,
695 3097 808 3181 Durop
818 3093 993 3179 eapropter
1004 3095 1081 3177 troo,
1092 3093 1207 3158 birtolc·

80 3205 186 3268 re'szre
202 3203 377 3267 vonartozct
394 3200 620 3288 tliruccylcaaa‘ac'
635 3201 790 3265 condolete
806 3223 844 3264 aa
859 3202 1040 3285 cszwrpami
1049 3200 1207 3287 kdptolarr

283 3313 313 3372 aa
328 3332 350 3374 o
365 3309 555 3394 aquilenipcti
571 3308 795 3393 updcruzdrdo
810 3308 885 3372 lcllzt.
905 3305 990 3372 1297

166 3504 290 3571 Datum
306 3524 365 3589 pro
382 3503 549 3590 memoria,
559 3503 645 3587 quod
656 3522 728 3569 cum
739 3501 868 3570 dominc
880 3521 1006 3570 sorores
1017 3501 1205 3586 Monosterij

79 3607 1206 3697 BeateVirginisdelusula,proquibus00mesStephanusfiliusllhor·

77 3739 117 3803 go
128 3719 284 3786 officialis
304 3719 448 3804 ipsarum
465 3739 538 3787 oum
549 3719 724 3786 sufficienti
735 3718 955 3806 procuratorio
966 3719 1080 3804 astitit,
1096 3725 1209 3784 contra

78 3825 263 3910 Capitulum
280 3826 516 3912 Strigonieusc,
534 3826 705 3910 exquibus
722 3833 754 3894 ot
766 3847 822 3910 pro
834 3826 950 3910 quibus
969 3825 1085 3892 Petrus
1101 3826 1205 3892 Deca-

78 3954 137 4001 uus
147 3933 301 4002 similiter
317 3933 571 4002 cumsnfficienti
580 3933 800 4021 procuratorio
817 3932 928 4015 astitit,
950 3933 1074 3999 litteras
1094 3938 1208 4017 paten-

76 4051 125 4108 tes
141 4039 273 4108 domiuo
293 4042 330 4107 ll.
342 4041 506 4126 quondam
515 4042 640 4126 Regina
650 4039 818 4124 Hungarie
833 4060 930 4124 super
949 4038 1038 4106 lactc
1048 4037 1207 4122 particule

77 4156 163 4216 terre
180 4168 380 4234 quoquotum
398 4147 487 4238 (lgy)
503 4150 589 4217 iutra
604 4151 716 4233 Dorog
733 4149 905 4215 existentis
920 4147 953 4213 iu
969 4148 1075 4231 figura
1084 4145 1201 4232 judicij

78 4256 258 4325 cuibuisset
274 4277 383 4324 coram
399 4259 511 4344 nobis;
529 4265 561 4324 et
577 4259 654 4342 qnia
669 4259 702 4324 in
714 4256 838 4326 c'sdam
849 4255 966 4323 litteris
976 4255 1206 4342 comperimus,

78 4365 183 4450 ipsam
202 4365 395 4452 particulam
413 4372 499 4434 terre
514 4367 601 4432 intra
616 4367 728 4449 Dorog
744 4383 816 4433 esse
833 4363 969 4450 mixtim,
987 4362 1073 4448 quod
1092 4361 1206 4445 uulga-

80 4472 157 4540 riter
172 4474 235 4561 fyu
259 4471 396 4560 dicitur,
423 4475 596 4542 statuimus
622 4475 768 4558 partibus
794 4471 1096 4559 assumpmentiaus,
1122 4469 1207 4554 quod

79 4579 110 4645 lu
125 4580 295 4665 quindena
310 4579 505 4649 Natiuitatis
521 4581 634 4648 Sancti
649 4579 810 4648 Johannis
827 4579 985 4666 Baptista,
1009 4578 1142 4646 Andron
1165 4577 1209 4645 de
