3098 5172
141 512 311 582 dedissent
343 525 375 582 et
405 513 618 584 tradidissent
642 514 797 602 predictis
821 516 901 603 filijs
925 519 1062 606 Detriey
1093 525 1126 585 et
1150 518 1277 585 heredi·

142 621 203 690 bus
235 620 410 688 eorundem
435 628 593 709 perpetuo
624 623 857 707 possidendam
885 632 917 692 et
941 623 1135 694 habendam.
1166 627 1204 692 In
1221 645 1278 692 cu.

141 728 193 796 ius
227 729 453 796 concambium
484 729 585 816 ijdem
609 732 668 816 filij
702 732 841 819 Detricy
867 731 949 802 duas
974 733 1200 820 possessiones
1225 733 1275 818 ip·

142 856 252 905 sorum
271 836 457 924 emptieiaru
485 845 516 904 et
532 837 774 920 hereditariam,
791 839 936 907 Torkow
954 847 986 908 et
1001 842 1204 910 Weresalma
1220 861 1273 909 vo-

141 953 247 1034 catas,
263 949 352 1014 vltra
368 945 540 1030 indagines
557 948 591 1012 in
608 944 771 1015 comitatu
787 949 829 1014 dc
845 950 945 1016 Sarns
962 951 1153 1037 existentes,
1171 952 1275 1019 saluis

140 1055 268 1122 iuribus
285 1061 317 1121 et
333 1054 538 1139 pernionibus
559 1055 695 1122 aliorum
720 1057 857 1124 fratrum
873 1058 907 1124 in
925 1058 1045 1126 eisdem
1062 1060 1275 1143 possessioni-

141 1165 201 1229 bus
218 1162 348 1246 habitis,
364 1162 513 1230 similiter
529 1182 600 1228 cum
618 1163 776 1230 rniuersis
803 1165 995 1233 vtilitatibus
1013 1173 1044 1232 et
1059 1167 1271 1252 pertinenciis

141 1271 327 1358 earundem,
345 1273 441 1338 metis
458 1270 675 1357 infrascriptis
703 1275 746 1339 ab
763 1271 839 1356 alijs
859 1274 954 1340 terris
971 1283 1150 1362 separatas,
1165 1275 1272 1342 deda·

141 1391 216 1446 sent
234 1387 267 1446 et
283 1377 495 1446 tradidissent
511 1379 607 1446 dictis
624 1381 701 1465 filijs
717 1379 871 1467 Rykolph
888 1389 920 1448 et
933 1383 1002 1450 suis
1018 1383 1193 1451 heredibus
1204 1386 1276 1450 iore

141 1493 299 1572 perpetuo
316 1493 349 1552 et
365 1485 622 1554 irreserabiliter
642 1488 858 1573 possidendas
885 1494 917 1554 et
931 1490 1111 1558 habendas.
1138 1493 1180 1558 Et
1195 1491 1275 1576 quia

140 1594 368 1680 possessiones
394 1596 539 1680 ipsorum
565 1595 702 1662 liliorum
727 1597 863 1682 Detriey
894 1597 1058 1665 antedicto
1074 1599 1224 1666 meliores
1243 1606 1276 1665 et

142 1702 290 1770 rtiliorcs
310 1704 484 1769 extiterunt
500 1703 588 1770 dicta
612 1705 820 1790 possessione
838 1705 998 1792 Gybarth,
1019 1705 1117 1791 ijdem
1133 1705 1193 1790 filij
1209 1709 1274 1792 Ry-

140 1810 245 1897 kolph
262 1813 343 1899 ipsis
353 1812 430 1898 lilijs
446 1812 583 1899 Detricy
612 1813 922 1899 superaddidissent
952 1815 1131 1898 sexaginta
1146 1833 1275 1882 marcas

140 1921 199 1988 fini
215 1921 355 2008 argenti,
369 1939 451 2004 quas
467 1919 605 2006 predicti
621 1920 678 2005 filij
691 1920 824 2005 Detricy
845 1920 985 1988 confessi
1005 1928 1079 1988 sunt
1089 1941 1124 1988 se
1145 1922 1190 1988 ad
1205 1923 1273 2008 ple·

141 2049 218 2096 num
235 2029 399 2114 recepisse
410 2029 452 2094 ab
464 2025 594 2095 eisdem.
611 2029 653 2092 st
668 2023 778 2094 Dethk
789 2027 1041 2113 frateripsorum
1054 2029 1192 2095 liliorum
1208 2031 1272 2096 De·

141 2136 226 2220 tricy
243 2157 304 2223 pro
321 2157 366 2220 se,
385 2145 417 2202 et
433 2157 492 2222 pro
517 2135 683 2220 Stephano
715 2135 781 2200 filio
797 2135 956 2202 Dethmar
971 2135 1084 2202 fratris
1100 2139 1169 2216 sui;
1195 2136 1272 2204 item

140 2245 270 2330 Stephk
284 2243 370 2311 lilius
387 2243 503 2327 blohol,
521 2249 553 2310 et
569 2243 719 2309 Andreas
744 2243 830 2310 filius
846 2243 970 2321 Boduu,
991 2245 1223 2329 consanguinei
1239 2253 1271 2314 et

140 2353 357 2421 commetauei
382 2350 531 2418 similiter
556 2350 699 2435 ipsorum
724 2351 862 2418 filiorum
889 2353 1022 2438 Detricy
1050 2373 1158 2421 coram
1179 2353 1273 2423 nobis

139 2460 357 2547 personaliter
367 2459 542 2546 constituti,
553 2459 630 2526 lruic
645 2460 834 2527 concambio
852 2459 983 2546 plenum
1001 2479 1191 2528 consensum
1203 2481 1273 2546 pre·

137 2570 280 2636 buerunt
296 2577 328 2634 et
346 2587 526 2634 assensum.
553 2568 688 2652 Insuper
705 2568 890 2653 obligarunt
909 2588 945 2634 se
960 2577 1070 2656 partes
1087 2578 1120 2636 et
1135 2569 1272 2636 heredes

138 2696 218 2747 suos
235 2675 278 2742 ab
293 2675 443 2742 omnibus
460 2675 593 2742 racione
613 2673 774 2742 dictarum
790 2675 1032 2760 possessionum
1047 2695 1106 2762 per
1121 2695 1268 2742 concam·

137 2785 230 2850 bium
247 2781 312 2850 sibi
329 2781 522 2848 traditarum
539 2781 715 2848 molestare
746 2783 933 2867 nitentibus,
951 2803 987 2850 se
1002 2782 1145 2850 vicissim
1161 2781 1271 2848 defen·

141 2892 220 2958 dere
237 2899 270 2956 et
285 2889 438 2976 expedire
461 2890 604 2976 proprijs
630 2887 798 2976 laboribus
815 2899 847 2956 et
872 2891 1033 2975 expensis,
1052 2897 1085 2956 et
1100 2889 1134 2956 in
1150 2887 1273 2957 eisdem

13 3001 18 3012 '
140 3019 217 3069 sese
246 2998 382 3084 pacifice
398 3016 600 3064 conseruare.
611 2997 715 3065 Metus
731 3003 838 3064 autem
854 2997 957 3081 ipsius
974 2997 1191 3080 possessionis
1200 2998 1275 3063 We-

139 3107 285 3176 resalma
300 3112 414 3192 partes
430 3104 541 3172 taliter
563 3123 670 3171 coram
686 3105 781 3172 nobis
798 3113 1046 3188 expresserunt3
1064 3104 1150 3188 quod
1165 3106 1273 3190 prima

140 3223 231 3282 meta
247 3215 362 3300 incipit
379 3216 508 3297 aparte
524 3212 702 3295 aquilonali
719 3213 753 3278 in
769 3213 876 3296 eapite
892 3209 980 3294 fluuij
999 3211 1203 3278 Weresalma
1220 3231 1272 3280 vo-

140 3323 229 3407 cati,
261 3323 339 3388 inde
363 3319 528 3404 egreditur
544 3321 588 3385 ad
606 3322 779 3408 orientem,
799 3329 831 3386 et
847 3320 953 3388 eundo
979 3321 1085 3404 iungit
1110 3319 1272 3402 quendam

139 3433 252 3499 locum
268 3428 556 3516 Myhalhazatctey
581 3433 747 3513 vocatum3
774 3437 805 3496 et
820 3429 866 3496 ibi
891 3427 1063 3495 reflectitur
1080 3445 1192 3494 versus
1207 3448 1271 3495 me·

139 3539 261 3606 ridiem
277 3537 406 3621 iterato,
422 3537 452 3602 ei
469 3535 576 3602 eundo
593 3535 713 3602 directe
729 3534 955 3606 descendendo
972 3537 1012 3602 dc
1028 3539 1100 3622 ipso
1116 3537 1187 3603 loco
1202 3537 1273 3604 iun-

139 3649 190 3733 git
205 3646 373 3731 quandam
404 3645 569 3731 publicam
602 3652 759 3733 enatam,
790 3649 872 3714 etin
888 3647 962 3732 ipsa
980 3650 1082 3712 strata
1096 3645 1274 3714 reflectitur

137 3755 261 3824 iterato
271 3773 386 3822 versus
396 3755 552 3820 orientem
562 3778 570 3838 ;
582 3759 614 3820 et
624 3773 736 3836 parum
748 3755 852 3842 eundo
866 3776 924 3840 per
934 3754 1039 3838 ipsam
1056 3753 1122 3820 exit
1138 3754 1177 3820 de
1188 3755 1271 3841 ipsa,

137 3871 174 3934 et
190 3862 366 3930 reflectitur
381 3861 678 3931 versusmeridiem
703 3862 842 3946 iterat03
867 3869 899 3927 et
915 3861 1020 3928 eundo
1047 3861 1168 3928 directe
1184 3862 1273 3930 cadit

135 3975 174 4040 in
191 3970 326 4037 fluuium
342 3968 496 4054 Lythyne
513 3973 662 4034 vocatum
671 4019 680 4053 ,
708 3974 739 4035 et
761 3989 819 4054 per
844 3974 986 4034 meatum
1003 3967 1149 4034 ciusdem
1165 3968 1272 4035 eundo

136 4079 230 4148 cadit
245 4077 280 4144 in
296 4076 431 4143 fluuium
463 4067 633 4162 Tearoha,
665 4075 699 4141 in
715 4095 777 4160 quo
813 4083 926 4142 contra
953 4085 1093 4142 meatum
1125 4075 1271 4143 ciusdem

136 4185 248 4255 eundo
265 4183 437 4272 perueniet
462 4183 579 4250 iterato
611 4182 655 4250 ad
680 4182 812 4250 fluuium
828 4183 1034 4250 Weresalma
1049 4184 1251 4250 antedictum
1262 4207 1272 4268 ;¹

135 4303 174 4364 et
189 4293 297 4364 eundo
314 4293 348 4359 in
364 4292 436 4379 ipso
453 4297 566 4360 contra
581 4296 722 4358 meatum
739 4290 884 4357 eiusdem
915 4291 1083 4376 perueniet
1098 4289 1214 4357 iterato
1227 4291 1270 4358 ad

135 4409 240 4490 caput
255 4402 371 4488 ipsius,
398 4401 485 4467 vnde
510 4399 695 4486 inceperat,
726 4405 758 4466 et
783 4397 829 4464 ibi
845 4399 1043 4466 terminatur.
1074 4399 1178 4466 Metus
1194 4417 1270 4465 vero

133 4511 225 4580 dicte
241 4509 462 4597 possessionis
473 4508 612 4576 Torkow
624 4507 778 4575 similiter
788 4506 900 4574 eedem
911 4515 1022 4592 partes
1032 4505 1140 4572 taliter·
1156 4505 1265 4574 recita·

131 4627 233 4687 runt:
252 4617 342 4703 quod
353 4616 556 4701 primameta
573 4613 687 4702 incipit
702 4635 724 4681 a
733 4613 1044 4701 pertemeridionali
1060 4631 1157 4698 super
1173 4613 1273 4696 quod-

1039 4725 1081 4788 15
1093 4721 1111 4758 *
