3170 5166
580 287 742 386 Ab„

94 484 218 552 liberos
236 489 270 551 at
287 487 472 568 exemptam
490 481 532 550 ab
550 482 660 549 honuni
676 480 904 550 iurisdiooione
912 531 923 564 ,
939 482 1072 563 iudicio,
1089 483 1243 552 seruicia

97 591 242 657 omnium
256 587 494 674 Palatinornm,
513 585 792 673 castellanorum,
810 588 962 657 dudioum
971 640 981 676 ,
1007 589 1241 678 Subiudioum„

95 706 255 765 eteorum
271 696 360 764 vices
377 697 575 781 gerenoium,
603 716 664 763 neo
679 716 743 763 non
760 697 802 762 ab
819 695 1046 780 exigenoijset
1061 697 1231 764 solucioni·

93 805 158 870 bus
168 801 316 871 Polonioi
332 801 431 889 Juris,
444 819 637 888 quoeunque
652 805 783 872 nomine
793 811 998 874 censeantur.
1009 805 1060 871 Ita
1071 812 1105 871 ut
1120 805 1241 872 innole-

95 911 191 976 titnlo
207 909 292 976 diete
308 908 500 976 donacionis
520 928 585 976 non
607 909 753 998 nitentur,
771 931 830 978 neo
857 912 947 980 citati
971 912 1170 996 respondere
1183 919 1229 979 te·

94 1023 237 1084 neantnr
252 1017 287 1082 in
303 1035 494 1101 quacunque
520 1035 640 1102 eausa3
666 1017 730 1084 nisi
756 1005 865 1085 eoram
882 1017 968 1084 dieto
993 1017 1123 1085 domino
1138 1018 1231 1085 Duae

96 1126 152 1193 uel
168 1125 238 1192 eius
254 1121 444 1210 capitaneo,
461 1123 490 1190 si
506 1142 564 1210 per
580 1143 689 1191 eorum
715 1124 841 1192 litteras
865 1126 910 1190 ad
934 1124 1090 1193 iudicium
1106 1124 1235 1210 luerint

94 1229 287 1318 specialiter
302 1229 436 1298 enooati.
453 1232 577 1299 Damus
591 1231 724 1316 insuper
740 1231 844 1299 eidem
862 1233 980 1298 domiti
990 1234 1230 1320 auctoritatem,

97 1339 221 1406 dietum
238 1337 409 1424 nauigium
426 1339 658 1408 cumomnibus
674 1339 871 1408 utilitatibus
888 1350 921 1407 et
937 1341 1145 1428 pertinenoijs
1163 1343 1232 1408 vni-

96 1449 202 1516 uersis
218 1467 317 1533 posse
333 1445 423 1533 dare,
437 1445 560 1515 donare
569 1500 579 1535 ,
598 1448 755 1536 uendere,
772 1453 979 1534 commutare,
1000 1448 1147 1534 obligare
1162 1470 1243 1537 per»

93 1560 194 1640 petuo
211 1555 264 1622 uel
281 1550 325 1620 ad
341 1559 480 1644 tempus,
496 1563 594 1641 prout
611 1555 674 1623 sibi
702 1561 733 1624 et
749 1555 820 1624 suis
843 1556 984 1640 posteris
1009 1557 1118 1624 uisum
1134 1555 1233 1625 fuerit

95 1664 187 1750 utile,
205 1661 387 1749 expediens
399 1670 432 1730 et
447 1664 637 1732 consultum.
656 1662 866 1748 Indulgentes
883 1663 988 1731 eidem
1004 1681 1130 1731 omnem
1148 1665 1232 1730 solu·

97 1771 225 1837 aionem
242 1767 479 1858 mutilitatem,
502 1791 566 1855 que
582 1770 699 1838 exinde
725 1776 859 1856 possent
873 1771 1076 1854 inposterum
1091 1769 1233 1838 Duoatui

94 1875 280 1962 prouenire,
295 1881 328 1942 et
343 1895 425 1960 quas
440 1877 557 1944 habuit
574 1886 607 1944 et
621 1875 742 1944 habere
758 1877 865 1962 potuit
881 1877 916 1943 in
941 1875 1067 1942 eadem.
1087 1879 1126 1943 In
1142 1877 1250 1946 ouius*

98 1983 294 2052 donaoionis
310 1981 514 2052 euidenoiam
533 1984 712 2070 pleniorem
736 1991 906 2070 presentes
931 1981 1034 2066 sigilli
1059 1984 1160 2051 nostri
1177 2005 1245 2070 ap·-

98 2089 261 2180 pensione
276 2090 515 2175 consignamus
541 2091 658 2158 Aetam
676 2089 879 2158 Sandomirie
898 2090 1102 2176 presentibus
1117 2089 1169 2158 his
1186 2099 1232 2160 te·

99 2201 225 2267 stibus:
244 2195 371 2266 Gemite
385 2197 508 2282 Zegota
527 2197 738 2268 Graooniensi
748 2251 758 2287 ,
786 2199 869 2268 Oeta
883 2197 1034 2266 Palatino
1059 2197 1232 2266 Sandomi·

96 2305 215 2390 riensi,
230 2304 398 2372 Prandota
414 2304 540 2374 Gemite
555 2305 822 2392 Sandomiriensi,
840 2311 873 2373 et
886 2306 1036 2391 pluribus
1051 2305 1129 2391 alijs
1146 2303 1246 2373 testi--

98 2415 162 2480 bus
178 2411 300 2479 ibidem
316 2411 540 2482 existentibus.
557 2414 655 2482 Anno
665 2413 797 2480 Domini
813 2411 985 2482 millesimo
996 2413 1092 2482 000⁰
1106 2413 1249 2482 infesto-

97 2517 272 2587 Benedieti
287 2518 435 2588 Abbatis.

102 2715 248 2782 (Erodetis
263 2713 441 2782 bdrhdrtydn,
454 2716 584 2782 molynelr
597 2713 829 2784 hdrlyaasinagen
842 2717 951 2786 fliggbtt
963 2715 1082 2784 paosdtjo
1091 2716 1239 2772 elreszstt-

268 2817 285 2854 a
298 2801 373 2858 mels.
386 2801 454 2858 atro
463 2803 581 2872 Pordnyi
594 2804 688 2860 esaldd
700 2807 883 2876 nagysablldsi
895 2803 1108 2873 levtlttrtban.)

567 3086 777 3101 -Q

637 3625 715 3694 273.

90 3824 170 3892 ΙΙΙ.
188 3821 301 3889 Eadm
317 3823 427 3910 ltrotp
440 3845 616 3910 papauera,
640 3824 725 3911 bopy
750 3847 788 3888 aa
813 3825 899 3910 say-i
916 3825 948 3890 ds
965 3845 985 3885 a
993 3822 1127 3910 franca.
1145 3823 1255 3890 aaut·

90 3931 295 4001 kereskeddlt
319 3931 442 3999 Beana
468 3955 489 3998 a
504 3933 692 4018 opdlszipeti
716 3931 1013 4020 apaczazaalonat
1029 3931 1111 4016 jaind
1135 3933 1245 3998 ndntot'

418 4049 580 4126 poalosan
587 4040 733 4124 fiaessdlt.
750 4017 799 4105 liv
815 4037 933 4104 ullam.

215 4233 285 4302 Nos
300 4235 452 4304 Andreas
468 4234 530 4302 Dei
545 4231 658 4320 gracia
683 4237 752 4304 Rex
774 4233 942 4321 Hungarie
973 4233 1127 4300 memorie
1157 4253 1243 4300 oom-

90 4342 303 4414 mendantes
319 4341 539 4428 significamus
553 4343 726 4430 uniuersis,
743 4345 860 4430 quibus
879 4342 1019 4430 expedit,
1036 4341 1241 4428 praemium
1340 4433 1346 4440 ἢ

92 4473 164 4542 per
182 4459 329 4519 tenorem
344 4477 351 4518 :
367 4451 453 4546 quod
471 4471 542 4518 oum
551 4453 715 4536 religiosis
726 4453 919 4520 dominabus
936 4449 1257 4519 sanctimonialibus

91 4563 146 4630 de
162 4543 278 4628 insula
293 4558 397 4627 Beate
413 4557 558 4644 Virginis
583 4560 687 4628 Mario
704 4559 745 4630 de
761 4561 854 4629 Bada
876 4560 911 4625 in
926 4557 1012 4628 laeto
1028 4557 1139 4627 tributi
1154 4559 1259 4642 ipsa·-
