3170 5166
794 277 954 376 —Q
1014 307 1018 316 .

308 485 380 532 mus
396 467 649 534 rescribendum.
667 470 788 536 Datum
805 472 949 538 secunda
967 473 1049 540 lenia
1079 481 1153 559 post
1169 475 1286 543 festum
1318 479 1447 546 Ascen-

308 572 408 639 sionis
425 575 567 642 Domini.

416 682 568 748 Kivdl:
584 682 723 751 Domino
739 685 823 770 Regi
840 688 885 753 ad
901 688 1098 772 quindenam
1130 691 1316 758 residencic
1349 713 1441 760 exer-

309 787 392 854 citus
407 809 465 873 pro
481 789 640 875 Magistro
657 791 817 860 conrardo
834 801 950 863 contra
965 796 1136 864 Nicolaum
1162 798 1263 868 filium
1296 801 1442 867 Muren-

309 894 350 980 cij
369 895 522 965 Palatini.

306 1089 444 1156 (Eradetic
457 1092 631 1184 bdrhtrtysiu,
645 1095 964 1164 kivdlrdlodanyomott
977 1098 1196 1167 zdrpcosdttel,a
1218 1119 1253 1154 m.
1285 1103 1310 1154 b.
1336 1103 1440 1171 deay

723 1185 815 1240 caalatd
828 1186 1036 1256 levdltdrdban.)

765 1454 977 1465 --.-......

835 1719 913 1788 297.

308 1919 340 1982 Α
360 1921 492 1984 caecari
507 1917 731 2002 aspectamus
749 1917 1032 2004 bizoaysdpleoele,
1048 1925 1130 2006 liopy
1156 1920 1244 1986 Gelai
1259 1921 1374 1986 Iolcon
1390 1943 1444 1986 co-

307 2047 369 2090 mcs
385 2027 484 2091 Kaao
503 2023 683 2109 helyscpbeo
698 2024 764 2090 leod
780 2023 921 2090 linotet
938 2025 1019 2089 Imre
1036 2027 1211 2091 mesternek
1237 2027 1356 2094 eladio.
1385 2007 1439 2092 lio

805 2130 924 2196 oollae

614 2289 643 2352 A
859 2291 885 2354 Β
1102 2289 1126 2354 C

414 2449 482 2516 Nos
497 2450 653 2534 Magister
670 2450 710 2514 N.
727 2449 918 2535 Propositus
934 2457 966 2516 et
976 2447 1161 2534 Capitulum
1170 2451 1322 2518 Ecclesia
1337 2450 1441 2518 Sanc·

304 2557 328 2622 ti
344 2539 512 2625 Michaelis
529 2556 570 2624 dc
587 2556 701 2624 Castro
717 2559 836 2624 Ferrea
854 2563 967 2622 notum
994 2554 1131 2624 facimus
1162 2563 1272 2626 tenore
1303 2578 1438 2644 presen-

307 2665 392 2732 cium
407 2664 576 2748 uniuersis,
593 2663 678 2747 quod
694 2661 880 2748 Stephanus
896 2661 1012 2730 Comes
1028 2662 1113 2730 filius
1139 2665 1288 2748 Magistri
1319 2665 1438 2732 Jacobi

307 2769 348 2837 de
365 2771 445 2836 Gele
461 2789 569 2838 coram
585 2769 679 2836 uobis
695 2767 900 2854 constitutus,
921 2767 1086 2852 quandam
1116 2770 1313 2854 particulam
1347 2777 1437 2839 terre

303 2877 337 2942 in
353 2878 449 2944 Kaan
466 2880 667 2962 existentem,
683 2893 780 2957 quam
797 2875 944 2942 dominus
960 2875 1115 2944 Nicolaus
1132 2877 1299 2944 Palatinus
1315 2877 1436 2944 aluam

302 2987 367 3053 lilio
386 2985 511 3052 luanka
526 2985 612 3052 iusto
628 2981 806 3067 empcionis
832 2981 926 3048 titulo
956 2983 1065 3068 precio
1095 2990 1313 3070 compararat,
1341 2983 1437 3050 adia·

303 3100 428 3158 centem
444 3092 529 3159 inter
545 3091 650 3158 riuum
666 3090 796 3174 Churgo
812 3095 962 3155 uocatum
979 3098 1012 3156 et
1027 3090 1111 3157 inter
1136 3098 1257 3156 terram
1283 3090 1436 3158 ciusdem

282 3201 397 3290 ,luam
414 3219 471 3285 per
486 3205 592 3266 certas
609 3204 712 3265 metas
728 3205 916 3284 separatam
931 3217 971 3263 ao
987 3195 1187 3285 distinctam,
1203 3217 1266 3281 que
1281 3198 1345 3282 ipsi
1362 3197 1438 3264 Ste-

303 3307 411 3392 phano
427 3327 485 3392 per
502 3307 638 3374 eundem
654 3305 818 3372 dominum
834 3304 1004 3371 Nicolaum
1020 3305 1206 3372 Palatinum
1222 3306 1342 3371 collata
1358 3305 1434 3392 luit,

300 3419 413 3498 vigore
428 3414 609 3498 litteratum
626 3432 756 3481 suarum
772 3399 969 3500 patcucium,
985 3413 1068 3480 sicut
1083 3413 1177 3480 nobis
1209 3433 1266 3499 per
1297 3413 1432 3480 easdem

303 3521 411 3606 patuit
428 3522 605 3606 euidenter,
621 3519 768 3588 vendidit
784 3520 942 3604 Magistro
957 3519 1105 3608 Emepico
1121 3541 1180 3607 pro
1194 3526 1334 3604 quatuor
1350 3540 1435 3586 mar-

230 3637 240 3658 ·
300 3630 358 3716 cis,
371 3631 445 3714 jure
461 3633 616 3716 perpetuo
642 3627 777 3714 pacifice
808 3633 841 3691 et
872 3627 981 3710 quiete
1012 3625 1244 3714 possidendam
1274 3627 1435 3696 heredum

300 3737 521 3825 perheredes.
539 3734 683 3813 Quodne
712 3743 818 3801 ratum
850 3734 902 3822 sit,
927 3747 1061 3822 presens
1091 3736 1244 3822 scriptum
1278 3735 1434 3822 canituli·

299 3840 386 3930 mus)
406 3849 516 3912 nostro
548 3843 656 3926 sigillo
689 3841 938 3927 communitum,
971 3862 1057 3910 anno
1089 3843 1220 3910 Domini
1250 3841 1432 3912 millesimo

197 3931 202 3943 ’
298 3951 365 4018 GC'
378 3951 591 4036 nonagesimo
608 3948 729 4032 quinto.
745 3947 902 4034 Magistro
928 3949 1067 4017 Nicolao
1098 3950 1278 4036 Proposito,
1311 3949 1436 4017 Cosma

299 4058 450 4144 Custode,
467 4059 598 4126 Simone
614 4059 760 4140 Decanc,
779 4054 914 4123 Nicolao
940 4057 1122 4125 Presbitero
1148 4055 1295 4123 Ecclesia
1320 4061 1436 4127 nostre

300 4167 522 4234 esislcntibus.

299 4363 348 4426 (Er
350 4365 422 4414 adcti
413 4379 439 4414 se
454 4363 502 4414 b'or
505 4359 539 4413 hd
523 4360 631 4426 artyain,
645 4361 758 4428 melyrdl
771 4361 878 4414 bdrnsin
854 4377 949 4428 snagan
970 4376 988 4412 a
999 4360 1093 4428 pceset
1106 4361 1234 4427 ldggdtt,
1260 4361 1293 4411 dc
1315 4358 1378 4412 mdr
1390 4361 1434 4415 la·

538 4450 653 4508 mtllott
668 4467 684 4502 a
697 4469 781 4504 nemu.
794 4467 919 4503 munaum
932 4448 1173 4516 kdairsttdrdban.)
