3112 5158
562 281 748 388 ...n-

98 477 183 544 cium
200 478 423 564 significemus
440 475 557 560 quibus
573 474 705 561 expedit
736 476 914 544 vninersis:
939 476 1025 561 quod
1041 495 1114 544 cum
1130 498 1228 564 super

96 585 358 669 possessionibus
381 582 518 652 Comitis
550 583 682 669 Georgij
701 584 758 669 filij
775 583 864 650 Petri
881 583 1076 670 desimus,
1093 585 1226 652 Comitis

95 692 235 776 Nicoley
245 743 254 780 ‚
270 693 420 776 Magistri
443 691 567 758 Thome
577 741 587 777 ,
620 690 754 758 Comitis
779 691 939 758 lobannis
956 697 989 758 et
1003 691 1152 774 Magistri
1167 693 1224 760 Mi-

94 800 220 867 chaelis
236 799 371 868 fratrum
387 819 517 866 suorum
544 800 585 865 de
602 798 817 881 generacione
837 807 956 885 nostre,
972 800 1158 867 uolentibus
1173 799 1222 884 ip·

95 911 140 976 sis
163 915 198 976 ct
213 907 527 992 essnmpmentibus,
561 907 755 974 diuisionem
781 907 930 990 equalem
956 908 1149 975 fecissemus
1165 907 1224 976 tali

95 1016 200 1100 modo,
217 1016 305 1100 quod
321 1038 342 1082 a
356 1023 448 1100 perte
464 1013 659 1083 occidentali
676 1015 762 1082 ultra
787 1015 920 1082 fluuium
937 1017 1073 1083 Hernari
1096 1033 1224 1100 posses·

93 1123 202 1188 siones
218 1125 362 1208 ipsorum
379 1143 450 1188 cnm
476 1123 625 1188 omnibns
655 1121 724 1188 suis
740 1121 935 1189 utilitatibus
961 1127 992 1188 et
1009 1122 1091 1190 villa
1106 1121 1224 1189 Lcmes

93 1231 273 1298 cessissent
298 1229 413 1297 comiti
437 1231 578 1314 Georgio
609 1229 703 1296 fratri
729 1229 871 1316 ipsorum
896 1229 1113 1316 possidende;
1144 1231 1224 1298 item

92 1339 173 1406 ville
189 1339 280 1407 Obus
297 1345 329 1405 et
345 1339 441 1405 Scine
458 1338 573 1406 Comiti
591 1339 727 1405 Nicolao
743 1325 893 1406 similiter
910 1360 981 1406 cum
998 1337 1145 1405 omnibus
1161 1339 1222 1404 uti-

92 1445 238 1512 litatibus
255 1446 342 1529 suis3
370 1448 449 1513 item
465 1447 622 1530 Magistro
640 1445 763 1512 Thome
785 1444 866 1512 villa
897 1446 998 1512 Beier
1015 1452 1047 1512 et
1062 1446 1152 1511 Pucb
1169 1467 1222 1512 uo·
1319 1447 1322 1456 '

93 1559 163 1619 cete
179 1551 223 1617 ad
240 1573 332 1620 suam
348 1553 555 1638 porcionem;
587 1554 665 1618 item
683 1551 788 1620 cidem
804 1553 946 1622 iohanni
964 1554 1045 1621 uilla
1060 1553 1221 1620 Bodomer

92 1661 195 1726 Maior
211 1669 244 1728 et
269 1661 374 1726 Minor
398 1661 559 1727 Bodomer
587 1667 703 1726 uocate
728 1661 772 1726 ed
800 1681 892 1727 suam
919 1645 1122 1745 porcionem3
1143 1660 1220 1725 item

93 1766 243 1834 Michaeli
259 1766 416 1851 Magistro
438 1768 553 1832 minori
571 1767 663 1833 fratri
690 1768 833 1852 ipsorum
858 1767 940 1834 uilla
954 1768 1093 1853 Beretey
1109 1773 1142 1833 et
1162 1769 1221 1834 Te-

93 1875 189 1958 rebey
205 1880 321 1941 uocate
336 1873 485 1941 similiter
501 1894 573 1940 cnm
590 1876 660 1941 suis
684 1874 893 1960 pertinencijs
918 1875 1094 1941 cessissent
1114 1877 1217 1960 possi·

95 1981 217 2064 dende;
236 1981 271 2045 in
286 1979 368 2046 uilla
384 1987 493 2048 cutem
520 1982 637 2048 Sumus
654 1981 735 2068 ipsis
750 1981 894 2064 quinque
909 1979 1064 2047 fratribus
1088 1981 1220 2072 cuilibet

93 2086 201 2154 decem
214 2086 399 2154 mansiones
411 2089 572 2170 equaliter
589 2089 762 2155 diuidendo
778 2089 965 2156 cessissent.
982 2088 1131 2154 'landem
1147 2095 1221 2174 post

95 2201 225 2261 mortem
244 2193 382 2284 predicti
407 2194 555 2278 Magistri
571 2197 693 2263 Thomc
709 2216 807 2281 super
823 2197 1007 2281 porcionem
1030 2215 1120 2263 suem
1155 2195 1219 2262 sre-

96 2311 155 2368 tree
180 2303 285 2387 ipsius
310 2304 552 2370 contencionem
577 2303 766 2370 habuerunt.
784 2305 853 2370 Nos
869 2310 978 2370 eutem
998 2309 1219 2387 procurantes,

94 2415 127 2474 ut
142 2429 183 2476 ne
193 2429 314 2492 magne
329 2411 456 2476 zizania
471 2410 554 2478 inter
569 2411 659 2494 ipsos
674 2411 785 2476 ualeat
800 2410 950 2494 generari
970 2431 1028 2478 seu
1044 2409 1129 2493 oriri,
1147 2429 1218 2494 per·

94 2517 174 2584 tibus
191 2517 378 2586 uolentibus
395 2527 426 2586 et
443 2521 735 2604 essumpmcntibus
753 2519 995 2587 ordinauimus:
1022 2525 1056 2583 vt
1072 2519 1144 2606 ipse
1160 2519 1218 2584 oo

95 2645 157 2692 mes
173 2626 338 2692 lohannes
355 2645 413 2710 pro
424 2627 574 2710 porcione
585 2647 655 2713 sue,
673 2645 769 2708 quem
786 2625 898 2692 babuit
914 2626 948 2690 in
966 2625 1092 2709 Sumus,
1111 2632 1216 2709 cipro

94 2739 160 2798 tcta
175 2733 325 2817 porcione
341 2733 478 2816 predicti
492 2731 642 2821 Magistri
674 2735 797 2801 Tbcme
806 2783 816 2818 ,
850 2731 971 2799 bebeet
996 2739 1029 2799 et
1044 2731 1218 2817 possideat,

95 2839 219 2906 sicnta
251 2841 344 2907 nobis
363 2844 448 2907 bone
463 2843 632 2908 uoluntate
659 2843 726 2907 lieri
752 2843 950 2926 postulabat,
981 2839 1097 2908 uillam
1117 2839 1217 2926 Pucb,

96 2967 157 3031 que
171 2955 239 3015 erat
255 2951 289 3014 in
304 2947 457 3034 porcione
487 2949 636 3032 Magistri
661 2949 734 3030 Tb„
760 2949 827 3014 alie
851 2957 960 3014 autem
990 2947 1099 3032 porcio
1114 2946 1218 3032 ipsius

96 3053 239 3139 Magistri
270 3055 394 3124 Thome
410 3057 509 3124 cessit
525 3056 600 3140 elijs
625 3056 778 3124 iratribus
795 3055 863 3124 suis
879 3060 1035 3140 perpetuo
1051 3061 1084 3119 et
1098 3055 1218 3122 irreuo·

95 3162 238 3228 cabiliter
253 3164 461 3248 possidendo.
495 3167 615 3231 Datum
643 3166 677 3232 in
702 3165 829 3231 Zolrole
860 3165 893 3228 in
920 3163 1002 3228 festo
1026 3161 1218 3228 Natiuitatis

94 3268 232 3352 Virginis
259 3271 411 3340 Glorioso
427 3292 512 3339 anno
529 3272 661 3340 Domini
693 3275 737 3340 Μ0
754 3271 974 3340 ducentesimo
989 3270 1217 3353 octuagesimo.

95 3465 229 3528 (Ersdctie
243 3466 420 3534 biirbirtytn,
433 3485 451 3520 a
463 3462 539 3518 britel
553 3467 604 3516 oda
618 3474 741 3540 nyomott
753 3465 849 3535 peccet
861 3469 1010 3531 olvcocett;
1027 3483 1043 3520 a
1056 3467 1141 3520 budei
1164 3470 1215 3522 lrir.

485 3559 608 3611 bernerai
631 3556 821 3626 lesbiterbmm)
