3170 5166
622 249 788 355 „aa

249 443 372 516 Verum
389 448 467 530 qnia
483 449 648 534 predictus
665 451 760 516 Mark
776 450 901 535 pluries
927 451 1056 539 citatus,
1082 461 1114 518 et
1139 473 1197 538 per
1221 454 1268 520 in-

140 556 368 625 troduceiones
386 556 604 642 possessionis
622 579 680 628 sne
697 560 854 642 legittime
879 558 984 626 iactas
1001 567 1033 626 et
1049 560 1180 646 publice
1196 581 1270 646 pro·

141 666 320 749 clamatas;
354 666 431 733 item
448 664 524 748 quia
540 667 705 752 predictus
731 667 846 735 Comes
872 667 1029 754 Rozboyd
1061 688 1157 754 super
1182 668 1271 735 iacto

140 771 315 838 diuisionis
341 771 583 856 possessionum
615 795 744 840 suarum
770 776 897 842 litteras
929 775 1067 859 Capituli
1086 773 1272 860 daPosoga

141 879 307 968 exhibere,
326 885 359 946 ct
371 901 468 966 super
484 881 633 948 indebita
650 883 809 950 citaoione
831 882 1005 949 emendare
1021 903 1056 951 se
1073 881 1107 948 in
1123 882 1272 967 pluribus

140 989 288 1055 terminis
316 989 493 1074 assumptis
521 998 554 1056 et
579 990 739 1074 legittime
765 991 941 1074 assignatis
959 991 1191 1058 contumaciter
1206 1011 1272 1057 non
1342 1043 1345 1051 i

141 1099 280 1184 curauit,
299 1103 331 1163 et
353 1097 386 1162 in
402 1095 553 1182 predicta
571 1097 732 1165 eitacione
748 1098 885 1185 illicita,
904 1097 1060 1184 indebita,
1076 1099 1273 1184 inlegittima

144 1206 253 1274 omnia
269 1211 383 1272 contra
414 1205 678 1274 consuetudinem
703 1208 811 1291 Regni
835 1207 1050 1292 approbatam
1066 1204 1174 1295 faeta,
1207 1227 1273 1273 non

143 1313 379 1400 comparando,
396 1335 457 1382 nec
472 1315 627 1382 mittendo
637 1369 647 1404 ,
680 1321 711 1382 et
736 1318 768 1382 in
786 1315 933 1382 omnibns
950 1315 1027 1399 alijs
1045 1317 1188 1383 articulis
1205 1334 1273 1400 pre·

143 1421 252 1489 missis
268 1422 365 1490 modo
381 1425 552 1509 prehabito
573 1424 702 1509 penitus
719 1423 856 1491 defecit:
873 1443 932 1490 nos
948 1423 1071 1490 nemini
1086 1423 1120 1487 in
1135 1443 1193 1489 suo
1203 1423 1274 1489 iure

143 1529 241 1597 desse
252 1527 337 1616 (lgy)
350 1532 506 1620 volentes,
517 1553 582 1598 vna
593 1553 666 1599 eum
674 1530 800 1598 Thema
815 1528 1022 1597 filioAndree
1038 1527 1161 1596 Comite
1177 1528 1275 1596 Nitris

145 1639 217 1705 ensi
227 1646 261 1705 et
277 1639 453 1727 Borsiensi,
464 1640 620 1724 Magistro
637 1641 774 1706 Nicolao
790 1639 958 1725 Proposito
971 1637 1130 1705 Bonnensi
1147 1635 1273 1703 Gemite

146 1745 281 1831 Capella
298 1751 330 1810 et
346 1744 531 1813 Secretario
557 1746 680 1814 domini
696 1745 828 1813 Andrec
858 1745 998 1811 illustris
1014 1745 1113 1828 Regis
1130 1742 1274 1825 Vngarie

146 1853 271 1920 domini
286 1852 398 1940 nostri,
414 1853 571 1938 Magistro
587 1855 741 1922 Fareasio
758 1855 823 1920 iilio
840 1853 984 1936 Folius,
1013 1851 1140 1918 Gemite
1155 1851 1273 1916 Erdew

146 1961 212 2028 filio
229 1959 381 2046 Sebreth,
400 1967 433 2025 et
449 1960 526 2044 alijs
543 1961 706 2030 nobilibus
723 1961 828 2046 Regni
843 1981 901 2046 per
917 1957 1082 2027 dominum
1098 1961 1219 2043 Regem
1230 1958 1274 2024 ad

148 2066 385 2156 expediendum
402 2067 508 2152 ipsum
526 2069 697 2152 negocium
724 2069 911 2152 specialiter
936 2067 1109 2153 deputatis,
1136 2067 1215 2134 uisis
1241 2075 1273 2132 et

146 2176 302 2264 perlectis
319 2173 467 2243 omnibns
486 2175 601 2243 litteris
617 2196 714 2260 super
730 2175 850 2243 eisdem
868 2177 977 2242 causis
987 2176 1146 2262 processis
1159 2181 1190 2242 et
1200 2194 1275 2240 con-1

147 2391 240 2458 eione
256 2390 335 2457 ville
351 2391 455 2477 ipsius
471 2392 620 2476 Magistri
636 2393 797 2461 Johannis
823 2393 1002 2460 Karachna
1029 2397 1145 2460 uocate
1170 2391 1204 2456 in
1228 2393 1275 2459 ui·

146 2499 229 2584 gilia
245 2499 338 2566 Beati
355 2499 528 2584 Laurencij
547 2501 689 2568 martiris
706 2509 845 2587 quatuor
861 2504 956 2569 annis
973 2503 1039 2568 iarn
1059 2501 1180 2586 elapsis
1196 2501 1275 2568 irro-

147 2612 236 2692 gata,
253 2604 394 2692 dampno
410 2609 585 2692 sexaginta
602 2630 782 2677 marcarum
798 2611 832 2676 in
864 2611 1036 2678 abiaeione
1065 2629 1217 2693 equorum
1243 2617 1275 2676 et

148 2715 286 2782 aliorum
312 2714 522 2803 animalium,
555 2737 652 2802 snper
683 2719 797 2801 quibus
823 2719 908 2784 idem
925 2720 1084 2801 Magister
1108 2716 1275 2785 Johannes

150 2824 420 2890 contraeundum
451 2825 546 2892 Mark
571 2846 607 2894 sc
633 2825 761 2894 dicebat
791 2828 914 2895 habere
947 2826 1111 2894 accionem
1143 2829 1276 2912 propter

148 2930 392 3014 negligenciam
409 2940 441 2999 et
451 2935 687 3002 contumaciam
704 2957 815 3018 suam,
833 2937 909 3000 item
920 2935 1102 3020 predictum
1120 2933 1276 2999 Comitem

148 3037 307 3126 Rozboyd
324 3039 437 3106 innon
456 3041 661 3110 exhibicione
680 3044 860 3110 litterarum
887 3061 985 3126 snper
1000 3042 1086 3108 sacto
1103 3039 1275 3107 diuisionis

149 3147 391 3232 possessionum
409 3169 550 3236 suarum,
568 3159 601 3217 ct
616 3159 753 3235 propter
768 3151 885 3218 salsam
903 3149 1106 3232 citationem,
1123 3147 1278 3230 iniquam,

150 3255 342 3342 indebitam,
354 3265 386 3324 et
396 3265 510 3326 contra
522 3259 787 3327 consuetudinem
796 3259 1015 3344 approbatam
1025 3257 1131 3341 Regni
1148 3256 1279 3341 factam,

152 3369 185 3428 et
199 3365 305 3430 eciam
321 3363 408 3432 facto
424 3367 598 3453 principali
614 3367 759 3434 eiusdem
775 3369 921 3454 superins
939 3384 1111 3451 expresse,
1136 3363 1279 3431 decreui-

151 3489 224 3535 mus
235 3467 306 3536 iore
322 3472 500 3540 conuictos.
511 3475 552 3539 Et
562 3475 724 3557 predictas
736 3473 1111 3559 possessionesTulman
1121 3476 1152 3535 et
1162 3469 1282 3535 Lanka

151 3584 290 3646 uocatas
307 3581 443 3648 Comitis
459 3583 619 3669 Rouboyd
645 3591 677 3649 et
693 3583 788 3650 Mark
813 3583 1050 3668 predictorum,
1078 3601 1149 3647 eum
1167 3598 1279 3645 earun-

152 3684 227 3752 dem
247 3686 444 3756 utilitatibus
461 3697 494 3756 et
510 3691 721 3775 pertinencijs
737 3693 897 3760 uniuersis
923 3713 983 3779 pro
1000 3698 1125 3756 eentum
1144 3694 1175 3757 et
1191 3687 1281 3772 quin·

154 3793 315 3877 quaginta
338 3798 457 3866 marcis
473 3797 533 3864 suh
550 3799 734 3866 testimonio
754 3798 898 3886 Capituli
924 3794 1280 3884 Quinqueecolesiensis

153 3901 332 3986 estimatus,
352 3905 388 3996 in
402 3905 531 3974 duabus
547 3908 694 3993 partibus
710 3909 805 3977 nohis
823 3915 987 3992 tamqnam
999 3906 1115 3992 judici,
1130 3907 1164 3970 in
1180 3903 1282 3970 tercia

154 4029 234 4076 uero
252 4015 346 4095 parte
362 4012 467 4080 eidem
484 4015 641 4098 Magistro
657 4017 800 4084 Johnnni
826 4016 912 4102 parti
929 4014 1065 4081 aduerso
1081 4013 1281 4096 reliquimus,

154 4117 330 4184 statuimus
348 4125 380 4184 et
397 4119 578 4190 dimisimus
593 4131 749 4208 perpetuo
765 4121 980 4208 possidendas
998 4128 1030 4190 et
1046 4121 1234 4206 habendas;
1252 4127 1285 4185 et

159 4224 246 4291 idem
263 4226 420 4310 Magister
444 4229 611 4308 lohannes
637 4233 821 4318 porcionem
846 4240 988 4300 nostram
1006 4231 1141 4317 deipsis
1157 4249 1285 4315 posses-

157 4331 306 4403 sionibus
323 4357 345 4403 a
359 4337 455 4403 nohis
473 4338 609 4403 redemit
633 4339 728 4406 uobis
744 4339 975 4406 satisfaciendo
991 4339 1032 4404 de
1048 4339 1180 4404 eisdem.
1199 4339 1285 4402 Mete

156 4447 268 4507 autem
284 4442 499 4529 predictarum
510 4451 677 4532 terrarum,
689 4447 772 4513 sient
788 4448 821 4513 in
832 4447 948 4514 litteris
965 4445 1105 4532 Capituli
1122 4445 1286 4529 Quinque-

156 4549 370 4619 ecclesiensis
387 4552 545 4620 contineri
561 4555 711 4641 uidimus,
737 4555 799 4622 hoc
815 4555 929 4621 ordine
948 4553 1187 4637 distinguntur:
1204 4552 1284 4620 Inoi-

200 4684 307 4727 ποιων,
323 4685 406 4726 sune.
423 4685 493 4730 urar.
509 4697 553 4710 -
568 4689 678 4730 nrruou.
696 4683 733 4732 ts.
1080 4667 1124 4744 25
