3112 5158
579 254 738 354 “os—

94 445 169 514 mini
186 446 237 513 sui
253 443 391 532 predicti
406 445 502 514 Pauli
520 447 653 516 Comitis
669 446 780 514 retulit
794 448 1010 532 personaliter
1035 468 1152 518 coram
1177 470 1231 516 no-

94 557 140 622 bis
157 556 388 642 competendo,
405 552 572 640 donasset,
589 554 734 621 dedisset
756 561 789 622 et
814 554 1004 624 tradidisset
1029 554 1135 622 eidem
1164 556 1223 622 La-

93 663 206 746 diniao,
225 671 257 732 et
272 683 330 750 per
346 683 419 730 eum
435 663 503 730 suis
522 663 696 730 heredibus
713 661 932 746 heredumque
949 684 1080 732 suorum
1095 683 1229 732 sueces-

94 771 217 839 soribus
250 779 407 858 perpetue
433 777 466 838 et
489 771 750 840 irreuecabiliter
775 769 1021 858 possidendam:
1046 770 1224 854 obligando

94 897 139 962 se,
156 877 243 962 quod
259 878 443 963 quicunque
458 898 613 964 processu
629 885 811 964 temporum
827 879 932 965 ipsum
948 877 1139 946 Ladizlanm
1168 887 1225 946 aut

93 1004 184 1052 suam
215 985 441 1072 posteritatem
471 1005 529 1072 pro
554 993 725 1072 prenotata
750 987 958 1072 possessione
982 988 1228 1071 attemptauerit

92 1093 237 1179 inpetere
252 1095 305 1160 uel
331 1113 469 1179 vexare3
494 1101 613 1160 extunc
638 1095 724 1162 idem
750 1095 866 1162 Comes
894 1093 1030 1162 Oozmas
1054 1095 1222 1162 tenebitur

92 1200 245 1285 expedire
262 1201 402 1286 proprijs
418 1201 586 1269 laboribus
602 1209 635 1270 et
651 1205 814 1288 expensis.
831 1204 870 1270 In
901 1204 995 1272 onius
1028 1203 1076 1272 rei
1101 1224 1221 1272 memo·

93 1311 171 1378 riam
187 1308 232 1376 ud
247 1311 441 1396 peticionem
457 1309 623 1395 utriusque
638 1313 742 1397 partie
758 1319 925 1397 presentes
951 1317 1079 1380 nostrus
1096 1331 1225 1380 cences-

92 1421 190 1486 simus
205 1418 335 1485 litteras
350 1417 452 1503 sigilli
468 1419 569 1486 nostri
585 1419 763 1486 munimine
779 1419 957 1488 roboratas.
987 1421 1109 1486 Datum
1135 1439 1223 1486 anno

93 1526 217 1594 Domini
233 1525 354 1593 M⁰OG⁰
368 1527 580 1612 nonagesimo
596 1529 710 1616 primo,
727 1528 839 1613 quinta
864 1527 947 1595 feria
968 1529 1117 1614 proxima
1142 1533 1219 1594 ente

93 1635 283 1702 dominicam
302 1635 380 1702 Esto
397 1635 505 1702 llichi.

268 1849 333 1916 'A
553 1852 581 1916 B
765 1851 790 1916 O
975 1854 1005 1916 D

93 2047 226 2116 (Eredetis
240 2045 417 2118 bb'rhdrtydn'
428 2047 541 2114 melyriil
554 2064 571 2099 a
594 2047 689 2116 peesdt
708 2046 964 2116 megyeainilsdrga
988 2048 1217 2116 selyemusindron

340 2137 426 2203 sbgg;
447 2152 464 2188 a
478 2137 560 2189 budai
571 2139 623 2189 kir.
637 2137 763 2190 kamarai
776 2133 964 2205 lereltdrban.)

568 2375 589 2412 9

619 2958 673 3026 46.

50 3225 53 3234 ,
82 3156 112 3219 Α
129 3159 340 3250 nappuducdi
355 3157 595 3245 bdptuluccck.
619 3157 890 3244 bizooysdplouele
900 3206 911 3238 ,
928 3163 1013 3243 kopp
1033 3154 1168 3244 Gerpelp
1184 3161 1215 3224 cc

82 3265 155 3344 Pul,
175 3265 246 3350 Bp·
269 3274 352 3330 mccii
359 3265 575 3368 fildoeltfcle
606 3269 694 3331 irunt
709 3267 812 3332 Jecos
829 3266 908 3332 ellone
918 3265 1127 3354 perlekcddle,
1137 3291 1213 3354 perf

379 3373 491 3439 bocboc
507 3375 684 3459 epyceeepce
700 3373 810 3458 leptela.
829 3372 925 3439 1291.

193 3571 261 3637 Nos
277 3570 460 3656 Capitulum
478 3568 622 3635 Ecclesic
638 3566 862 3636 Waradiensis
879 3568 995 3635 damus
1012 3589 1070 3655 pro
1095 3590 1212 3638 memo-

78 3678 137 3764 ria,
157 3677 249 3762 quod
266 3677 426 3762 Gregorio
441 3676 507 3743 filio
524 3677 624 3763 Petri,
642 3681 674 3741 et
689 3676 792 3742 Paulo
808 3675 873 3742 filio
890 3676 984 3743 Pauli
1001 3677 1043 3742 de
1066 3679 1211 3762 Zomogu

77 3785 118 3852 ab
146 3805 221 3854 una
245 3791 346 3873 parte,
370 3787 446 3852 item
472 3785 620 3853 Johanne
647 3784 715 3851 filio
743 3782 882 3868 Gregeri
908 3782 949 3852 de
974 3785 1051 3872 Byr,
1079 3791 1211 3854 astante

74 3895 138 3962 sibi
157 3893 289 3964 Comite
304 3895 489 3964 Laureneio
505 3895 574 3960 filio
590 3893 686 3960 Pauli
711 3899 851 3978 cognato
866 3913 924 3960 sno
934 3945 943 3978 ,
970 3893 1012 3959 ub
1031 3894 1138 3962 altera
1163 3915 1212 3962 co-

72 4021 143 4072 ram
160 4003 262 4072 nobis
278 4004 493 4090 personaliter
509 4003 702 4098 constitutis,
718 4002 918 4088 propositum
936 4001 1046 4068 extitit
1062 4022 1120 4086 per
1136 4022 1211 4070 ees·

73 4114 174 4200 dem3
215 4113 302 4197 quod
320 4113 352 4179 in
369 4132 480 4200 causa,
497 4131 594 4195 quem
611 4110 712 4196 ijdem
729 4110 906 4194 Gregorius
922 4116 953 4177 et
968 4109 1089 4176 Paulus
1115 4130 1212 4197 super

72 4221 161 4292 facto
182 4220 403 4290 dimidietatis
419 4227 503 4288 terre
518 4221 585 4308 Byr
600 4219 766 4286 nominate
792 4224 905 4284 contra
931 4216 1069 4286 eundem
1093 4218 1212 4286 Joban-

71 4351 145 4398 nem
163 4326 487 4400 vicesimosecundo
504 4327 559 4394 die
585 4327 680 4395 Beati
704 4325 873 4394 Michaelis
898 4325 1077 4410 Arcangeli
1100 4345 1210 4393 eoram

70 4438 211 4507 domino
228 4439 319 4523 Rege
335 4437 509 4522 habebant,
536 4441 667 4522 propter
698 4437 818 4506 bonnm
833 4433 924 4521 pacis
950 4451 1010 4517 per
1038 4432 1209 4502 arbitrium

68 4551 256 4636 proborum
271 4546 414 4614 virorum
439 4542 482 4612 ad
506 4545 606 4613 talem
629 4543 766 4616 formam
791 4539 1038 4630 composicionis
1063 4539 1211 4610 deuenis-

111 4683 221 4723 rscturr
238 4681 330 4723 ms.
346 4681 418 4721 mar.
435 4688 475 4705 —
493 4680 564 4718 nrrn.
583 4674 619 4720 te.
1019 4652 1041 4717 5
