3120 5172
597 343 602 350 .
715 317 779 384 993
939 304 943 314 ’

666 361 823 418 „Lim

172 506 267 574 -dieta
282 511 370 574 terra
385 506 549 592 Tragurij.
561 507 611 574 ‘Et
625 507 726 590 ijdem
753 507 878 578 Sindiei
907 521 1126 598 exposuerunt
1141 515 1307 588 Vniuersi-

179 613 239 680 tati
256 609 371 698 eidem,
386 633 445 699 pro
460 619 554 700 parte
572 613 804 683 Vniuersitatis
821 617 965 685 eiusdem
990 639 1063 688 eum
1081 622 1259 693 Commune
1274 631 1306 691 et

178 719 364 788 bominibus
380 717 465 786 diste
481 726 568 787 terre
583 721 736 806 ltagurij
754 721 964 790 eoncordium
980 725 1181 795 antedietam
1197 737 1230 798 et
1247 751 1303 818 pa·

177 847 246 895 eem
262 827 393 894 finalem
409 826 601 912 assignasse
616 826 719 894 eidem
745 827 982 918 Vniuersitati,
1001 852 1061 916 per
1075 836 1242 917 publieum
1258 837 1305 906 in·

176 941 390 1002 strumentum
416 933 458 1002 de
472 936 547 1022 ipss
572 935 753 1002 eoncordia¹
771 937 806 1002 in
821 937 971 1022 predicta
994 935 1136 1008 ciuitate
1151 943 1303 1031 Tragurij

170 1041 296 1108 laetum
312 1061 412 1110 manu
426 1040 544 1108 Sireeti
559 1041 649 1108 Petri
668 1041 709 1110 de
740 1044 1094 1128 nostraauctoritate
1123 1049 1301 1138 Imperiali,

176 1156 208 1214 et
226 1149 423 1216 austeritate
438 1149 525 1215 diete
540 1147 691 1216 Ciuitatis
708 1149 861 1234 Tragurij
876 1150 898 1216 J
900 1149 982 1217 urati
1014 1153 1165 1240 Notarij,
1197 1165 1305 1226 aetum

176 1262 208 1323 et
223 1257 450 1323 eonfirmatum
466 1258 501 1323 in
518 1255 663 1323 Consilio
681 1257 838 1326 Generali
854 1254 1008 1326 ciuitatis
1025 1261 1169 1327 eiusdem
1192 1264 1227 1329 in
1246 1285 1305 1350 pa·

176 1365 260 1430 laeie
277 1363 475 1432 Communis.
493 1364 555 1432 Per
571 1362 659 1447 quod
675 1362 923 1432 instrumentum
950 1366 1111 1454 constitit,
1144 1369 1232 1452 qued
1248 1371 1304 1437 de·

175 1473 282 1539 minus
297 1469 458 1552 Nieulaus
474 1469 628 1537 Sindieus
644 1476 677 1536 et
691 1478 881 1556 procurator
906 1469 1092 1540 Communis
1118 1474 1203 1543 diets
1219 1481 1306 1546 terre

177 1577 330 1664 Tragurij
347 1576 392 1644 ad
407 1578 467 1648 hee
482 1576 673 1664 speeialiter
689 1577 885 1646 eonstitutus
900 1585 931 1646 et
956 1579 1127 1648 ordinatus
1142 1580 1177 1648 in
1193 1582 1302 1650 Gensi-

174 1685 219 1753 lie
237 1687 393 1757 Generali
412 1694 445 1753 et
460 1685 605 1772 Speeiali
621 1683 707 1753 diete
722 1685 886 1772 Ciuitatis,
903 1687 1034 1754 nomine
1048 1693 1081 1756 et
1096 1689 1166 1756 viee
1182 1689 1303 1758 (linita

176 1795 216 1863 tis
231 1795 388 1882 predicte,
402 1794 481 1861 feeit
497 1799 530 1860 et
544 1793 694 1879 promisit
710 1791 791 1879 ipsis
810 1793 938 1876 Angelo
954 1801 987 1861 et
1000 1794 1142 1862 Jehanni
1158 1797 1301 1870 Sindieis

172 1900 323 1968 Ciuitatis
339 1901 522 1986 Vestarum,
548 1897 785 1986 resipientibus
815 1899 946 1967 nomine
975 1920 1015 1967 ae
1029 1901 1100 1971 viee
1115 1901 1300 1974 communie

171 2027 229 2074 seu
245 2006 476 2076 Vniuersitatis
494 2007 673 2092 Vestarum,
691 2025 805 2090 paeem
835 2013 1024 2093 perpetuam
1039 2015 1073 2074 et
1099 2027 1209 2077 reram
1226 2030 1300 2078 001-

172 2113 329 2201 sordium,
346 2115 428 2182 11011
443 2115 487 2181 ab
503 2112 637 2196 antiquo
653 2111 717 2178 1111
741 2113 826 2180 inter
845 2119 1015 2197 virumque
1031 2116 1216 2202 Commune,
1226 2138 1300 2204 per·

170 2228 268 2308 petuo
284 2220 417 2307 habere,
434 2225 590 2290 tenereet
605 2219 782 2288 obseruare
792 2239 863 2287 eum
875 2218 1048 2290 Communi
1067 2229 1100 2290 et
1114 2223 1299 2293 hominibus

169 2329 275 2414 ipsius
291 2325 445 2396 Ciuitatis
460 2327 652 2410 Vestarum,
679 2327 797 2418 eteius
813 2325 1071 2398 distrietnalibns
1086 2331 1299 2400 existentibus

171 2437 215 2503 ad
230 2455 341 2504 eurum
357 2435 535 2519 mandata3
553 2439 586 2501 et
600 2452 665 2500 non
682 2418 856 2519 offendere,
873 2453 978 2519 neque
1003 2436 1125 2504 offendi
1140 2436 1249 2505 faeere
1264 2439 1298 2505 in
1383 2475 1385 2478 ·

166 2543 328 2630 persenis,
344 2561 404 2609 nee
420 2541 526 2628 rebus,
545 2539 667 2608 iteum
682 2539 876 2628 Commune,
887 2541 1071 2626 singulares
1088 2563 1243 2630 personas
1259 2563 1300 2612 ae

165 2649 388 2722 distrietuales
403 2648 489 2718 diste
505 2657 592 2716 terre
623 2647 815 2730 Vestamm3
848 2667 909 2716 nee
924 2647 1028 2718 esiam
1044 2657 1192 2737 prestare
1207 2650 1297 2720 auxi·

168 2757 249 2826 lium
265 2765 299 2826 et
314 2756 461 2824 fauorem
476 2753 641 2840 aliquibus
651 2751 841 2821 ‘volentibus
857 2754 1022 2823 offendere
1037 2751 1094 2824 rel
1108 2776 1225 2826 necere
1240 2757 1298 2824 he·

167 2866 311 2934 minibus
326 2865 368 2931 de
385 2861 504 2949 Vestis,
522 2881 561 2927 ae
577 2859 836 2928 distrietualibus
851 2859 954 2947 ipsius
970 2881 1030 2945 per
1045 2883 1145 2949 mare,
1159 2884 1219 2932 nee
1238 2883 1298 2949 per

165 2979 298 3038 terram.
312 2969 376 3040 Per
393 2968 482 3054 quod
496 2969 749 3035 instrumentum
766 2966 871 3034 eeiam
887 2967 1046 3053 benefitii,
1054 2969 1143 3051 quod
1156 2971 1221 3055 ipsi
1230 2972 1297 3036 An·

165 3081 259 3163 gelus
275 3085 308 3144 et
323 3075 491 3144 lohannes
507 3071 633 3141 Sindiei
660 3069 804 3142 eiusdem
822 3079 907 3139 terre
922 3073 1107 3161 Vestarum,
1124 3095 1185 3160 pre
1199 3084 1297 3162 parte

165 3194 200 3252 et
213 3183 345 3252 nomine
360 3181 592 3250 Vniuersitatis
609 3179 756 3248 eiusdem
765 3178 865 3247 simili
880 3180 975 3247 modo
992 3179 1211 3265 promiserunt
1224 3203 1295 3270 pre·

166 3291 253 3360 dieto
269 3289 400 3356 domine
416 3286 554 3354 11100110
578 3283 710 3353 Sindieo
726 3292 759 3352 et
774 3285 980 3370 preeuratori
1011 3284 1197 3354 Communis
1215 3291 1295 3356 'Pra-
1399 3277 1406 3287 '

162 3398 263 3484 gurij,
282 3394 451 3480 reeipienti
467 3394 598 3460 nomine
615 3399 648 3460 et
663 3393 735 3461 viee
768 3391 846 3459 dieti
871 3391 1066 3475 eommunis,
1092 3403 1126 3460 et
1149 3392 1297 3464 feserunt

162 3525 281 3594 pneem
300 3509 332 3570 et
347 3499 686 3586 verameoneordiam,
704 3499 801 3567 sienti
811 3500 1075 3585 suprascriptum
1090 3505 1158 3584 est3
1177 3507 1208 3566 et
1218 3521 1297 3584 qua·

163 3614 238 3681 liter
252 3615 389 3694 utreque
404 3625 482 3694 pars
497 3603 660 3692 premittit
676 3625 742 3672 vna
761 3603 857 3671 alteri
874 3604 915 3670 ad
933 3605 1072 3671 inuicem
1088 3625 1147 3690 per
1162 3605 1295 3690 stipula·

162 3723 289 3788 eienem
306 3719 487 3787 solemnem
502 3715 648 3802 predieta
663 3717 773 3781 emnia
804 3717 837 3778 et
851 3712 983 3798 singula
1003 3721 1064 3778 ete.
1082 3713 1140 3780 iur.
1158 3720 1217 3780 ete.
1235 3715 1294 3780 sub

163 3827 264 3910 oblig.
282 3831 343 3894 ete.

272 3932 344 4010 Que
359 3931 469 3996 emnia
493 3927 599 4016 petita
614 3949 673 4016 per
691 3928 841 3995 homines
857 3918 1190 4012 Ciuitatis'lragurij,
1208 3927 1295 4012 qued

163 4043 229 4108 ista
259 4035 467 4105 Vniuersitas
497 4035 669 4104 Vestarum
700 4033 907 4120 confirmare,
934 4033 1096 4100 ratifieare
1118 4038 1150 4098 et
1180 4051 1295 4118 aeeep·

164 4155 233 4218 ture
266 4145 419 4230 deberet,
456 4141 571 4209 eadem
602 4139 807 4209 Vniuersitas
837 4142 872 4208 in
896 4140 1066 4228 preseneia
1096 4147 1208 4207 nostra
1238 4161 1296 4226 per

165 4255 228 4325 soll
260 4289 305 4302 -
340 4287 380 4298 -
400 4287 438 4298 -
467 4285 571 4300 -·-
605 4285 645 4296 -
664 4283 706 4296 -
738 4285 783 4296 -
801 4287 841 4297 -
860 4285 899 4296 -
927 4245 1175 4332 maliuoleneia,
1208 4268 1296 4316 sern-

163 4362 243 4452 pulo
258 4364 292 4427 et
307 4355 490 4444 suspieione
521 4354 667 4440 maligna
691 4353 895 4422 eonlinmauit
918 4361 950 4420 et
981 4353 1172 4439 aeeeptauit,
1204 4355 1295 4438 qued

162 4470 343 4558 preseripto
358 4466 456 4534 modo
476 4465 674 4553 ordinatum,
690 4469 867 4532 traetstum
892 4471 925 4530 et
949 4459 1145 4550 promissum
1170 4469 1221 4530 est
1235 4483 1295 4548 per

163 4577 269 4646 110101
297 4573 448 4642 Sindieos
464 4593 523 4657 pro
546 4573 631 4639 bone
646 4571 737 4655 pasis
753 4577 786 4636 et
811 4567 981 4637 eeneerdio
1005 4569 1187 4653 antedietm
1203 4589 1294 4638 mun·
