3170 5166
621 297 777 399 El.

128 495 254 580 iand03
272 501 306 562 et
321 494 416 561 huius
431 490 509 559 facti
526 490 643 559 seriam
659 491 753 559 nobis
770 491 966 560 rescribatis.
995 495 1117 561 Datum
1134 493 1268 563 invilla

135 601 239 672 Pcred
254 601 289 666 in
304 599 389 667 sesto
405 597 518 666 Sancti
533 598 681 685 Nicolay.

240 705 396 774 Kivttl:
413 704 586 774 Judicihns
600 703 770 774 Nobilium
788 703 829 772 de
844 705 983 776 Baiana.

135 901 278 972 (Ercdotie
292 898 468 968 bornlnytn,
482 917 499 954 a
519 899 656 970 zlrpecsct
668 901 815 1042 calcassem
840 917 858 954 a
870 919 904 955 ιιι.
917 904 943 956 b.
963 901 1059 971 Revay
1072 901 1165 957 csollsd
1179 903 1264 961 level-

628 985 672 1041 ttr
692 989 766 1054 ban.)

594 1275 806 1286 -νῦοω--ο

132 2014 265 2080 Rolano
289 2014 465 2079 addornals
481 2011 761 2100 bizonyaciplcvelc,
789 2017 870 2101 kopp
900 2015 1039 2081 Konrdcl
1070 2016 1182 2079 Iolcon
1213 2035 1265 2078 co-

134 2121 255 2188 mcsctclo
263 2121 317 2206 fia
333 2143 411 2204 ozon
427 2121 601 2208 odoasoqot
617 2120 760 2208 lifiaette,
771 2121 918 2209 mclylyel
927 2121 1024 2185 Pe'tcr
1040 2121 1135 2205 Moya
1145 2120 1263 2202 fidant

515 2237 671 2295 tastozott.
688 2207 739 2294 Jn‘v
755 2229 876 2294 ntltol.

243 2424 312 2491 Nos
327 2425 366 2491 R.
382 2423 555 2491 Palatinus
572 2430 605 2491 et
621 2421 737 2490 (lomes
753 2421 794 2489 de
809 2420 916 2490 Poson
942 2421 1163 2508 significamus
1196 2443 1260 2489 mc-

133 2530 236 2597 morie
252 2528 527 2617 commendantes,
544 2529 633 2614 qnod
649 2528 818 2597 conradus
835 2527 920 2597 filius
946 2527 1107 2617 Stephani
1131 2527 1266 2597 Comitis

132 2642 236 2706 totum
251 2637 408 2724 debitum,
423 2637 457 2704 in
474 2657 538 2722 quo
554 2635 649 2705 Petro
665 2637 732 2704 filio
748 2638 841 2722 Moys
856 2657 913 2723 pro
945 2636 1144 2720 quibusdam
1185 2657 1260 2704 cau-

129 2745 176 2812 sis
192 2745 303 2811 fuerat
316 2745 487 2832 obligatus,
504 2745 539 2811 in
554 2743 658 2812 nostri
673 2744 844 2832 presencia
860 2743 965 2811 eidem
993 2745 1088 2812 Patro
1105 2743 1263 2832 persoluit

130 2851 335 2940 adplenum,
351 2857 384 2918 et
399 2853 442 2920 ab
458 2851 572 2920 eodem
588 2852 727 2939 pleniter
742 2858 791 2918 est
808 2847 988 2936 expeditus.
1017 2853 1138 2918 Datum
1167 2851 1266 2921 Poso-

131 2959 177 3048 nij
194 2961 231 3028 in
248 2959 363 3044 quinta
378 2958 460 3026 sonia
475 2965 550 3044 post
565 2959 684 3028 lectum
700 2957 794 3024 Beati
810 2958 942 3024 Andrce
958 2957 1116 3044 Apostoli.

242 3065 634 3153 Kivt1:Superfacta
664 3065 830 3133 solucione
861 3069 974 3132 contra
1004 3065 1134 3132 Petrum
1166 3065 1265 3132 filium

131 3173 236 3260 Moys.

130 3369 276 3434 (Ersdetie
289 3368 464 3440 bilrlnlrtyim
479 3388 496 3424 a
509 3371 589 3423 kivfll
603 3377 727 3439 nyomott
738 3369 884 3438 pecsotnek
896 3369 1024 3423 ttrsdeko
1038 3383 1099 3435 meg
1112 3383 1175 3430 van,
1197 3385 1214 3421 a
1227 3385 1263 3420 m.

459 3462 485 3514 b.
499 3460 593 3528 Revay
606 3459 700 3514 csaltid
711 3457 919 3528 leveltlrlban.)
