3120 5172
796 903 874 972 232.

265 1119 401 1207 Apeeai
415 1119 643 1206 kdptalanaok
653 1119 799 1202 jelentdse
815 1121 878 1185 III.
893 1118 1005 1184 Enere
1029 1120 1212 1204 kirdlyhoa,
1235 1119 1318 1203 kopp
1335 1119 1398 1184 Iat-

263 1233 328 1293 'vac
343 1249 441 1292 eomes
455 1226 740 1312 atorsaeptirooea
771 1227 935 1292 Ttatmae
960 1229 1126 1315 belysdpre
1148 1226 1323 1291 conatkozd
1332 1249 1398 1313 pa-

557 1340 687 1400 raueadt
693 1332 982 1420 foqaoatoaitotta.
1003 1336 1101 1402 1299.

372 1528 651 1596 Excedentissimo
669 1529 873 1596 dominusne
899 1529 1030 1597 Andree
1055 1529 1121 1594 Dei
1146 1529 1259 1613 gracia
1282 1528 1401 1595 inclito

270 1635 351 1722 Regi
382 1637 550 1722 Hungarie
582 1637 767 1721 Capitulum
792 1637 1144 1720 Quinqueeoelesiense
1168 1623 1336 1703 oraciones
1363 1638 1401 1701 in

270 1745 414 1810 Domino.
433 1745 583 1828 Reeeptis
600 1745 714 1812 litteris
731 1743 868 1812 Comitis
884 1743 1043 1829 Stephani
1059 1741 1273 1812 Uice-iudicis
1299 1743 1402 1808 (luris

268 1860 387 1936 uestre,
405 1853 536 1919 nomine
552 1871 591 1918 ao
609 1854 679 1919 nice
694 1853 842 1936 Magistri
859 1854 1018 1940 Stephani
1036 1855 1077 1920 de
1098 1872 1218 1938 genere
1234 1853 1403 1918 Durusma

269 1959 408 2027 hominis
425 1960 536 2044 nestri,
552 1979 624 2026 aum
640 1959 790 2028 Johanne
807 1963 874 2028 lilio
890 1961 1054 2027 Bernalch
1073 1961 1114 2027 de
1142 1961 1254 2027 eodem
1279 1977 1404 2042 genere

270 2068 442 2156 Durusma,
459 2068 622 2134 seruiente
639 2074 671 2134 et
685 2077 826 2152 cognatu
843 2090 912 2156 suo,
929 2069 1091 2137 hominem
1127 2075 1272 2136 nostrum
1296 2065 1405 2148 Magi·

271 2181 371 2242 strum
387 2175 559 2240 Nicolaum
577 2173 775 2240 Canonieum
791 2175 938 2262 Ecclesie
954 2177 1067 2244 Sancti
1083 2174 1404 2258 JohannisBaptiste

273 2281 314 2346 de
331 2279 629 2366 Quinqueeeolesijs
645 2283 884 2350 transmisimus
900 2283 943 2348 ad
959 2281 1154 2366 exequenda
1170 2302 1220 2368 ea,
1238 2283 1321 2348 sicut
1345 2301 1404 2348 ex·

272 2387 792 2474 primetur.1demquelohannes
817 2389 997 2475 pristaldus
1022 2409 1094 2456 cum
1122 2389 1237 2457 eodem
1267 2389 1403 2455 homine

272 2503 380 2566 nostro
396 2495 439 2562 ad
455 2515 514 2561 nos
530 2495 658 2563 rediens
675 2499 769 2564 uobis
786 2496 886 2582 dixit;
903 2499 989 2582 quod
1005 2499 1077 2584 ipse
1092 2503 1243 2583 presente
1268 2495 1403 2562 homine

272 2613 381 2672 nostro
397 2604 429 2670 iu
446 2605 582 2670 sabbato
600 2609 672 2688 post
687 2603 804 2671 festum
822 2603 1082 2672 Circumcisionis
1091 2603 1225 2670 Domini
1234 2602 1400 2671 accedens

272 2715 305 2780 in
316 2713 427 2778 uillam
438 2708 592 2795 Rozbeyd
608 2710 664 2796 tilij
683 2711 883 2797 Lamperthy
900 2712 1062 2779 Thaiman
1081 2717 1229 2778 uomtm
1245 2711 1279 2776 in
1295 2710 1403 2777 Comi-

273 2829 343 2888 tatu
368 2820 409 2886 de
435 2817 572 2884 Wolkou
597 2819 761 2900 situatam,
788 2821 841 2887 ubi
867 2819 1061 2906 reperiendo
1083 2821 1273 2906 Dyonisium
1298 2817 1405 2884 lilium

272 2931 401 2996 Mortun
416 2925 602 3010 Tholmany
618 2925 749 3012 dietum,
761 2927 896 2996 fratrem
910 2929 1061 2996 nldelieet
1070 2929 1251 3014 patruelem
1261 2925 1405 3010 predicti

273 3035 447 3120 Rozbeyd3
467 3033 516 3099 eni
534 3031 664 3118 quidem
680 3033 839 3120 Dyonisio
856 3033 1033 3120 etpopulis
1049 3033 1221 3102 decadem
1238 3034 1328 3118 uilla,
1355 3031 1407 3100 io-

275 3139 470 3226 bagionibus
502 3139 646 3206 eiusdem
673 3139 837 3226 Rozbeyd,
864 3143 1138 3209 commorantibus
1164 3141 1198 3206 in
1222 3161 1287 3207 una
1312 3139 1407 3206 curia

276 3251 337 3316 sub
353 3267 420 3314 uua
433 3251 539 3332 porta,
557 3245 639 3312 dixit
655 3232 754 3314 uerbo
772 3255 890 3334 uestro,
911 3255 945 3314 ut
970 3248 1003 3314 in
1029 3247 1266 3332 quintodecimo
1291 3245 1354 3330 die,
1386 3269 1410 3312 a
1544 3308 1550 3323 ,

275 3354 419 3443 predicto
436 3353 573 3420 sabbato
591 3353 643 3420 die
661 3355 886 3442 computando,
912 3356 1077 3439 predictus
1103 3353 1265 3442 Rozbeyd,
1291 3372 1409 3421 secun-

276 3466 352 3530 dum
368 3461 502 3528 formam
519 3459 752 3528 antedictarum
769 3461 946 3530 litterarum
963 3462 1159 3530 Uiceiudicis
1175 3461 1271 3528 buris
1298 3469 1411 3528 uestra
1543 3510 1550 3521 .

276 3571 370 3639 nobis
385 3569 658 3652 transmissarum,
676 3570 751 3634 illas
767 3569 906 3654 litteras,
923 3571 1040 3654 quibus
1057 3570 1277 3637 mediantibus
1295 3569 1408 3636 littere

277 3677 505 3746 introductoris
522 3675 674 3744 uidentur
687 3679 846 3763 reuocari,
864 3679 1018 3745 exhibeat
1045 3680 1079 3744 in
1104 3698 1253 3764 persona,
1280 3683 1312 3742 et
1340 3697 1409 3744 non

277 3809 336 3874 per
351 3791 589 3873 procuratorem
607 3805 712 3866 suurn,
739 3792 850 3852 eontra
865 3787 1055 3871 Magistrum
1071 3787 1254 3854 Johannem
1271 3787 1312 3852 de
1328 3785 1410 3850 Wo-

277 3895 369 3981 soud,
387 3892 472 3977 quod
488 3898 565 3958 tunc
582 3899 830 3976 recognoscatur
845 3891 885 3960 de
909 3894 1124 3961 reuooacione
1155 3895 1338 3960 litterarum
1362 3892 1411 3960 in·
1544 3964 1550 3985 Ι

278 4001 549 4070 troductoriarum
566 3999 802 4086 predictarum
818 4000 896 4085 quin
907 4001 1012 4086 ipsum
1024 4001 1216 4085 Magistrum
1226 4000 1412 4068 Johaunem

279 4129 340 4196 pro
356 4109 443 4176 facto
460 4107 634 4194 principali
652 4119 684 4174 et
699 4107 899 4198 preiudieijs,
917 4109 951 4175 in
968 4111 1086 4193 quibus
1103 4117 1216 4177 oontm
1231 4111 1339 4194 ipsum
1355 4109 1412 4174 Jo-

280 4218 420 4284 hannem
436 4214 534 4302 ydem
550 4216 703 4300 Roabeyd
720 4216 921 4300 dignosoitur
936 4220 1005 4285 lore
1023 4219 1205 4305 conuictus,
1221 4217 1255 4284 in
1272 4217 1413 4285 eandem

280 4324 513 4411 possessiouem
531 4321 690 4390 Thalmau
707 4329 858 4389 uocatam
877 4324 1135 4410 intromittentes,
1152 4327 1248 4392 finem
1267 4324 1414 4392 debitum

281 4432 358 4498 huie
372 4430 509 4514 negocio
526 4429 663 4514 facietis,
682 4429 765 4498 siout
782 4433 997 4515 postulauerit
1013 4433 1093 4499 ordo
1109 4433 1201 4499 iuris.
1217 4433 1339 4522 Datum
1349 4439 1414 4496 ter-

282 4537 334 4604 eio
348 4538 401 4605 die
417 4545 491 4624 post
507 4537 626 4604 festum
643 4535 827 4624 Epiphania
836 4539 967 4606 Domini
978 4561 1063 4608 anno
1073 4539 1221 4609 eiusdem
1241 4538 1416 4608 millesimo
