3120 5172
621 1009 696 1082 218.

96 1213 160 1282 HI.
175 1213 285 1280 Eudae
300 1212 472 1300 lriucilynok
487 1213 719 1298 t'o'roe'npleeao'si
741 1211 931 1297 loiadoeinpa
957 1231 996 1274 aa
1012 1210 1082 1275 Aba
1098 1221 1229 1276 nemest-

250 1325 307 1412 ae‘p
323 1326 431 1410 tapjni
446 1323 518 1390 ledat
534 1325 650 1391 tenent
666 1323 956 1408 birtolosztdlyrdl.
975 1321 1073 1386 1299.

206 1520 354 1589 Andreas
370 1521 432 1589 Dei
444 1519 557 1605 gracia
572 1520 750 1605 Hungarie,
763 1517 944 1602 Dalmaeie,
959 1516 1105 1598 Groaeie,
1121 1519 1224 1584 Reme

103 1627 230 1715 Seruio,
248 1629 397 1717 Gallicis,
411 1629 602 1696 bodomerie
611 1681 621 1716 ,
641 1625 809 1712 Cumanie,
839 1625 1061 1712 Bulgarieque
1075 1626 1146 1693 Rex
1163 1646 1228 1692 om-

103 1737 201 1803 nibus
220 1737 340 1804 Christi
355 1736 507 1805 fidelibus
534 1741 703 1824 presentes
729 1736 857 1801 litteras
882 1733 1077 1822 inspeeturis
1092 1732 1233 1802 salutern

98 1845 129 1910 in
145 1846 292 1912 omnium
310 1845 492 1912 saluatore.
510 1844 564 1912 Ad
588 1846 815 1913 uniuersorum
830 1847 898 1910 tarn
915 1840 1118 1928 presencium
1134 1861 1232 1926 quarn

98 1953 276 2020 futurorum
305 1953 459 2021 noticiam
494 1954 610 2019 barum
636 1954 722 2020 serie
746 1951 894 2018 volemus
921 1951 1111 2038 peruenire3
1144 1950 1230 2034 quod

99 2082 170 2128 eum
186 2063 333 2148 Lukaeb,
350 2064 477 2146 Petrus,
495 2062 689 2148 Demetrius,
715 2059 898 2146 Stephanus
914 2066 946 2126 et
962 2057 1149 2146 Ladizlans,
1165 2059 1224 2144 filij

98 2167 234 2237 Comitis
251 2169 339 2236 Petri
356 2168 397 2237 de
419 2189 539 2253 genere
554 2168 639 2254 Aba,
656 2167 832 2236 discretum
843 2167 948 2234 uirum
963 2166 1157 2252 Magistrum
1167 2169 1228 2234 La·

99 2278 241 2344 dislaum
267 2276 476 2361 Propositum
505 2276 650 2344 Doelesie
674 2276 879 2362 Tytuliensis
906 2275 983 2342 aule
1007 2279 1119 2342 nostre
1139 2274 1229 2346 Viee·

98 2385 353 2472 Caneellarium,
370 2384 526 2452 dilectum
543 2391 575 2452 et
589 2385 720 2451 fidelem
736 2389 891 2470 nostrum,
907 2383 1117 2472 Demetrium,
1134 2384 1233 2450 Nieo·

99 2493 228 2560 eolaum
245 2499 278 2560 et
292 2491 518 2559 Alexandrum
544 2493 740 2580 Magistros,
772 2492 858 2560 filios
889 2491 1023 2560 Comitis
1040 2491 1231 2579 Alexandri,

96 2601 263 2686 patrueles
282 2601 405 2669 iratres
427 2600 603 2668 eorundem
620 2620 718 2686 super·
748 2599 941 2684 quibusdam
967 2600 1227 2686 possessionibus

98 2709 244 2795 Nekebe,
261 2708 450 2798 Pagraaoh,
466 2709 626 2776 Radauan
643 2716 676 2775 et
693 2707 894 2776 Seentmibal
905 2709 1032 2777 voeatis
1048 2709 1135 2775 ultra
1149 2711 1231 2775 Dra-

98 2838 184 2882 wam
201 2816 422 2883 existentibus
439 2817 616 2884 traxissent
632 2815 666 2881 in
697 2836 829 2884 eausam
855 2835 964 2883 eoram
981 2815 1076 2882 nobis
1086 2865 1096 2901 ,
1113 2821 1147 2882 et
1161 2821 1231 2884 tau·

99 2926 172 2992 dem
189 2925 316 2992 eisdem
336 2925 484 3011 Loksoh,
504 2926 601 2992 Petro
618 2945 657 2992 ao
673 2924 839 2991 Demetrio
865 2944 923 3008 pro
940 2942 976 2990 se
985 2974 995 3009 ,
1012 2923 1182 3008 Stephano
1198 2931 1231 2990 et

98 3033 258 3100 Ladizlao
274 3032 430 3100 iratribus
446 3032 513 3101 suis
542 3034 728 3100 memoratis
744 3051 815 3098 oum
846 3029 1079 3116 procuratorijs
1110 3031 1232 3099 litteris

95 3140 220 3208 nostris
236 3159 279 3206 ex
297 3161 363 3207 una
384 3147 500 3227 parte;
519 3148 551 3208 et
566 3139 705 3227 prefatis
720 3133 880 3224 Magistro
890 3139 1046 3206 Ladizlao
1057 3139 1235 3227 Pr'eposito,

96 3248 265 3314 Demetrio
282 3253 314 3314 et
331 3245 532 3335 Alexandro,
550 3247 702 3315 similiter
727 3266 786 3330 pro
802 3266 839 3314 se
854 3250 886 3312 et
901 3267 961 3332 pro
978 3245 1124 3331 predicto
1139 3246 1235 3312 Niso·

96 3359 153 3425 lao
169 3356 273 3423 tratre
304 3356 450 3441 ipsorum
482 3356 585 3424 eoiam
603 3377 676 3423 oum
704 3353 943 3442 procuratorijs
975 3354 1093 3422 litteris
1108 3359 1234 3431 nostris

97 3485 211 3534 eoram
227 3461 321 3531 uobis
338 3465 557 3549 personaliter
576 3465 837 3550 comparentibus
849 3484 889 3533 ex
906 3465 1022 3550 altera,
1039 3463 1073 3528 in
1090 3460 1234 3550 Congre-

94 3576 235 3660 gaeione
251 3575 355 3658 Regni
373 3575 476 3640 nostri
493 3573 650 3642 Generali
665 3575 766 3660 ijdem
783 3573 839 3659 filij
860 3571 998 3640 Comitis
1013 3573 1101 3641 Petri
1118 3583 1234 3644 eontra

95 3688 295 3750 memoratos
310 3681 509 3748 Ladizlaum
524 3682 728 3767 Propositum
753 3688 786 3748 et
802 3682 919 3748 iratres
935 3701 1023 3769 suos,
1049 3681 1236 3752 sedentibus

93 3792 193 3858 nobis
209 3810 268 3874 pro
300 3788 481 3875 tribunali,
509 3793 541 3856 ot
567 3788 791 3858 assidentibus
816 3790 1063 3858 venerabilibus
1087 3793 1237 3878 patribus

98 3901 200 3967 Petro
218 3898 440 3966 Transiluane
467 3905 502 3965 et
526 3899 622 3966 Haab
647 3899 841 3985 Waoyensis
866 3900 928 3965 Dei
945 3899 1058 3983 grania
1072 3900 1236 3968 Ecclesia·

95 4027 173 4075 rum
188 4006 374 4094 Episcopis,
395 4005 568 4072 Dominieo
583 4005 740 4092 Magistro
757 4007 1025 4074 Tamarnioorum
1042 4015 1235 4097 nostrorum,

92 4114 256 4200 Magistro
274 4115 323 4183 St.
349 4115 466 4184 ludios
492 4115 589 4184 Curio
619 4124 751 4202 nostre,
783 4117 940 4201 Magistro
956 4118 1123 4186 Demetrio
1139 4120 1236 4187 Poso-

92 4223 204 4293 niensi
218 4229 251 4292 et
267 4223 309 4293 de
327 4225 457 4312 Zolum,
474 4223 602 4293 Thema
618 4222 743 4292 Gemite
758 4225 927 4311 Nytriensi
944 4231 977 4292 et
992 4225 1181 4313 Borsyensi,
1193 4247 1234 4295 ae

91 4331 179 4416 alijs
193 4353 289 4417 quam
306 4321 462 4420 pluribirs
479 4333 664 4401 Beronibus
680 4338 712 4400 et
728 4330 899 4401 Nobilibus
915 4333 1019 4419 Regni
1035 4335 1237 4422 nostri,.pro·

90 4437 284 4527 posuissent
298 4441 332 4508 in
352 4440 458 4525 figura
474 4440 598 4528 Jndieij
616 4442 651 4508 in
667 4441 754 4509 bone
768 4439 919 4509 modum:
946 4440 1033 4526 quod
1050 4437 1152 4527 ijdem
1168 4439 1235 4508 bla-

90 4547 201 4635 gister
214 4548 397 4620 Ladizlaus
413 4551 605 4636 Prepesitus
625 4555 658 4616 et
674 4549 794 4618 iratres
819 4549 868 4617 sui
885 4549 1091 4618 medietatem
1107 4568 1234 4634 posses·

90 4656 226 4737 sionum
243 4657 457 4752 predictarum
473 4710 484 4750 ,
509 4657 668 4753 quemad
693 4657 783 4756 ipsos
815 4657 969 4730 dicebant
985 4657 1026 4725 de
1042 4658 1111 4727 iure
1126 4659 1226 4752 perti-
