3098 5172
826 286 987 388 *aaa

346 490 597 577 respondissent,
621 483 707 570 quod
731 484 833 551 nobili
859 483 1001 566 domino,
1016 483 1130 548 relicte
1156 481 1309 549 videlicet
1335 481 1457 550 Comitis

344 601 467 668 Thome
481 598 540 682 fiiij
560 595 681 661 Zlanch
697 593 737 659 de
753 611 874 676 genere
890 591 1004 656 Chaak
1019 589 1130 675 Agnes
1148 595 1335 672 nuncupate
1356 590 1459 656 eaden

346 719 433 776 terra
448 709 538 774 Foon
554 726 614 790 per
630 703 831 786 Stephanum
856 706 934 765 tune
955 699 1118 784 juniorem
1143 699 1264 781 Regem
1291 699 1460 784 Hungarie,

345 819 469 884 Ducem
485 813 737 879 Transiluanum
770 808 946 874 Dominum
964 803 1181 872 Cumanorum
1208 807 1330 872 collata
1349 809 1459 873 extitis-

344 935 403 1012 set,
420 933 452 990 et
466 943 530 987 non
547 920 641 988 alteri
659 918 766 1001 alicui,
783 917 868 982 sicut
886 915 1004 980 Paulus
1021 924 1053 980 et
1068 914 1187 980 fratres
1202 915 1254 980 sui
1270 913 1330 999 filij
1348 913 1459 982 Johan-

344 1038 396 1103 nis
411 1031 611 1101 asserebant.
628 1027 670 1092 Et
685 1025 760 1090 dum
778 1025 811 1090 in
828 1022 1040 1106 terminoper
1071 1023 1177 1106 ipsum
1203 1019 1383 1088 Omodeum
1408 1023 1459 1090 Pa·
1546 1049 1547 1060 ³

344 1145 481 1211 latinum
507 1137 684 1222 assignato,
711 1133 809 1218 ijdem
835 1131 990 1214 Magister
1014 1129 1191 1196 statarius
1216 1137 1248 1196 et
1272 1131 1459 1200 Benedictus
1546 1129 1547 1212 i

343 1253 521 1318 Ruthemus
537 1243 745 1332 priuilegium
761 1240 906 1308 eiusdem
922 1239 1021 1323 Regis
1045 1238 1213 1323 Stephani,
1239 1246 1275 1305 nt
1299 1259 1460 1324 assumpse

344 1369 427 1447 rant,
445 1355 677 1432 exhibuissent,
695 1351 876 1436 continens,
892 1353 928 1414 ut
944 1369 1002 1434 per
1027 1346 1164 1414 eundem
1188 1349 1310 1431 Regem
1335 1349 1459 1434 Stepha-

342 1491 420 1538 num
435 1467 509 1552 ipsa
524 1461 687 1550 possessio
703 1459 795 1526 Foon
810 1457 913 1527 eidem
940 1457 1071 1522 damIne
1095 1457 1215 1540 Agneti
1240 1459 1361 1524 collata
1388 1459 1459 1523 erti-

342 1579 454 1644 tisset:
470 1573 569 1658 ijdem
584 1570 706 1636 Paulus
723 1574 756 1633 et
769 1566 886 1632 fratres
902 1566 953 1632 sui
967 1565 1028 1648 filij
1044 1565 1203 1632 Iohannis
1220 1565 1458 1651 respondissent

343 1707 385 1752 ex
400 1683 549 1764 aduerso,
574 1677 660 1762 quod
686 1675 894 1760 priuilegium
921 1693 1041 1757 corum,
1068 1672 1155 1756 quod
1177 1694 1345 1740 commune
1370 1693 1460 1758 super

340 1793 426 1859 facto
444 1797 527 1855 terre
543 1788 632 1853 Foon
648 1783 808 1868 dicebant,
827 1801 885 1865 per
897 1781 1033 1847 eandem
1050 1780 1214 1847 dominam
1240 1787 1374 1848 matrem
1400 1782 1462 1864 Ny·
1547 1847 1548 1862 ἶ

339 1898 422 1965 colai
450 1895 606 1980 ablatum,
633 1889 889 1956 reinuenissent:
915 1889 1031 1972 quihus
1056 1887 1157 1953 alium
1183 1889 1354 1954 terminum
1379 1889 1460 1956 idem
1547 1869 1548 1920 I

340 2003 503 2073 Omodeus
519 1998 689 2068 Palatinus
705 1999 908 2080 assignasset
924 1996 1031 2080 ipsum
1054 1995 1258 2083 priuilegium
1280 1996 1460 2063 exhibendi.
1547 2069 1548 2078 2

340 2111 491 2180 Termino
516 2109 626 2193 itaque
651 2127 711 2190 per
736 2105 841 2190 ipsum
874 2103 1052 2170 Omodeum
1083 2103 1270 2170 Palatinum
1296 2107 1462 2189 assignato
1547 2091 1548 2094 ¹

339 2241 403 2289 non
421 2219 614 2285 adueniente
629 2214 716 2280 idem
732 2211 886 2296 Magister
910 2211 1089 2278 Aladarius
1114 2213 1157 2276 ad
1183 2215 1382 2298 presencIam
1411 2235 1462 2279 no

339 2333 441 2394 stram
458 2333 611 2409 tanquam
623 2321 746 2406 judicis
761 2320 950 2406 superioris,
968 2327 1003 2386 ut
1018 2320 1137 2404 decuit,
1163 2323 1254 2388 iuxta
1278 2323 1382 2407 Regni
1409 2343 1461 2386 no·

337 2437 397 2503 stri
412 2432 675 2502 consuetudinem
686 2428 823 2495 candem
842 2447 974 2494 causam
990 2427 1125 2495 deduxit
1142 2427 1364 2498 decidendam.
1391 2431 1464 2510 Quo

335 2543 471 2610 termino
481 2541 687 2624 adueniente,
697 2538 773 2605 licet
782 2536 1031 2620 prorogaciones
1042 2535 1162 2602 suerint
1172 2537 1382 2622 interpertes,
1393 2540 1464 2604 Ma-

336 2652 436 2735 gister
452 2648 832 2715 Aladariusmemoratus
848 2643 1050 2727 presentibus
1077 2643 1178 2709 Paulo
1203 2652 1237 2711 et
1267 2646 1367 2712 Petro
1384 2647 1464 2730 filijs

336 2756 492 2824 Iohannis
519 2753 713 2836 memoratis,
739 2771 811 2817 cum
826 2749 1047 2835 procuratorio
1063 2749 1237 2817 sufficienti
1253 2753 1413 2838 Stephani
1434 2761 1466 2818 et

335 2865 462 2932 Andree
478 2863 613 2931 fratrum
630 2881 769 2944 suorum,
788 2857 935 2924 exhibuit
951 2857 1044 2923 nohis
1054 2857 1262 2942 priuilegium
1276 2861 1375 2944 Regis
1392 2863 1464 2928 Ste-

336 2973 438 3060 phani
449 2981 595 3054 tempore
612 2969 755 3034 Ducatus
766 2966 817 3032 sui
828 2964 1017 3052 confectum,
1035 2967 1203 3033 continens
1215 2967 1468 3036 hunctenorem.

442 3079 625 3164 Stephanus
641 3076 681 3140 D.
700 3095 748 3157 gr.
761 3075 872 3160 junior
887 3075 956 3140 Rex
973 3074 1143 3156 Hungarie
1159 3077 1220 3141 stb.
1245 3073 1465 3162 (horethezik

335 3191 375 3256 V.
391 3189 505 3254 Istvan
522 3185 628 3252 akkor
639 3183 742 3268 itjabh
760 3181 1473 3267 kirtlynak1269·kiad0mtnylcvelemInt

333 3292 616 3381 gynjtemenyunk
632 3291 719 3359 VIII.
732 3292 847 3376 vagyis
865 3311 885 3356 a
901 3291 1051 3358 maeodik
1066 3291 1190 3375 solyam
1206 3291 1266 3358 III.
1284 3291 1471 3362 hbtetbhen

335 3405 410 3471 239.
427 3401 465 3488 l.)

440 3509 509 3576 Nos
524 3511 634 3592 itaque
650 3507 721 3574 viso
744 3507 915 3593 priuilegio
931 3507 1031 3590 Regis
1047 3506 1206 3592 Stephani
1222 3511 1420 3595 prescripto,
1439 3519 1478 3579 et

333 3627 444 3686 tenore
461 3617 605 3684 eiusdem
631 3617 797 3702 perlecto,
825 3616 962 3682 Paulum
988 3620 1020 3680 et
1038 3617 1166 3681 Petrum
1191 3615 1276 3684 tilios
1303 3615 1478 3684 Iohannis

333 3725 539 3814 supradictos
557 3724 708 3790 duximus
725 3723 838 3790 ordine
860 3722 1030 3789 iudiciario
1055 3723 1286 3810 requirendos,
1303 3725 1333 3790 si
1350 3737 1483 3793 contra

331 3833 540 3922 priuilegium
558 3831 703 3898 eiusdem
719 3832 821 3915 Regis
837 3829 996 3913 Stephani
1021 3831 1176 3896 haberent
1192 3833 1406 3899 occasionem
1428 3833 1483 3899 ali

333 3965 431 4029 quam
448 3939 644 4028 opponendi,
664 3939 717 4006 uel
743 3939 857 4021 aliqua
883 3939 1099 4005 instrumenta
1114 3947 1226 4006 contra
1241 3941 1348 4026 ipsum
1366 3943 1487 4024 prini-

331 4053 452 4133 legium
469 4045 642 4117 exhibendi
656 4069 664 4132 3
682 4048 737 4130 qui
754 4047 930 4131 priuilegio
946 4046 1091 4114 eiusdem
1107 4049 1206 4130 Regis
1219 4050 1377 4133 Stephani
1400 4053 1484 4116 nul-

332 4161 398 4226 lam
414 4179 526 4226 uocem
542 4155 813 4223 contradiccionis
830 4155 1015 4221 emiserunt.
1033 4154 1126 4222 Vnde
1142 4176 1201 4222 nos
1217 4155 1323 4240 ipsam
1341 4163 1483 4226 terram

330 4265 421 4334 I'oon
437 4287 503 4332 una
520 4287 593 4331 cum
610 4263 808 4331 Barronihus
826 4264 964 4345 nostris,
995 4263 1073 4346 quia
1106 4263 1206 4346 ijdem
1223 4263 1280 4348 filij
1300 4263 1486 4334 Iohannis

331 4375 456 4441 nullam
474 4373 554 4440 dare
570 4379 743 4456 potuerunt
758 4371 944 4458 racionem,
962 4373 1081 4456 quihus
1098 4369 1321 4438 mediantibus
1336 4372 1369 4437 in
1392 4373 1490 4458 ipsa

329 4490 418 4550 terra
433 4481 522 4547 Fcon
538 4480 721 4548 hahuerunt
739 4481 936 4566 porcionem,
969 4480 1035 4565 ipsi
1062 4478 1190 4546 domine
1207 4480 1307 4547 matri
1322 4479 1493 4570 Nicoiay

331 4588 573 4658 sentencialiter
599 4587 800 4656 decreuimus
826 4597 857 4655 et
883 4591 1072 4676 reliquimus
1089 4597 1243 4676 perpetuo
1277 4597 1310 4656 ct
1325 4593 1498 4676 pacifice
