3098 5172
508 329 669 428 mn„

39 544 176 610 magnam
193 523 323 612 vallem,
339 525 373 591 in
388 525 482 593 onius
496 524 605 610 eapite
621 533 672 594 est
683 526 780 593 arbor
794 527 856 612 bplo
880 544 976 594 ornoe
1000 525 1159 612 signatae

39 635 66 704 in
78 655 137 719 qna
151 652 291 719 paruum
306 631 511 720 proeedendo
527 635 596 702 exit
611 633 654 702 ad
679 642 802 702 terram
828 634 995 722 arabilem,
1020 636 1062 704 de
1088 653 1154 720 qna

40 743 73 811 ab
85 747 224 809 montem
241 743 332 810 iuxta
347 741 486 826 vineam,
505 751 538 810 et
552 740 723 810 deseendit
748 761 863 810 uersos
888 742 1155 830 septemtrionem

39 851 192 920 invallem
206 848 252 917 ad
268 868 422 934 magnam
438 848 546 934 viam3
561 848 682 917 abbine
697 847 842 918 declinat
867 871 982 920 uersus
1006 849 1152 917 oooirlen·

40 966 89 1025 tem
102 956 147 1023 ad
162 954 311 1024 arborem
342 955 422 1042 piri;
447 953 564 1024 deinde
579 955 622 1024 ad
637 957 744 1043 viam,
771 977 835 1040 qna
859 957 925 1024 itur
948 976 1062 1024 uersus
1085 975 1155 1041 pre·

41 1064 146 1132 borum
162 1061 296 1131 fluuium
320 1063 465 1148 Zegunn,
482 1073 515 1132 et
539 1063 632 1131 iuxta
647 1065 753 1150 ipsum
769 1063 903 1132 fluuium
918 1069 1037 1132 transit
1053 1082 1153 1148 qnan-

40 1169 101 1238 dam
117 1179 239 1239 terrem
256 1169 448 1257 phymatam
465 1191 523 1238 sen
539 1171 741 1251 sessionem,
768 1178 800 1240 et
816 1172 906 1239 eadit
922 1173 956 1238 in
972 1173 1079 1258 ipsum
1096 1169 1160 1239 lin·-

40 1275 122 1362 rinnr,
141 1285 173 1345 et
188 1277 278 1346 venit
294 1277 338 1344 ad
353 1279 501 1345 arborem
508 1281 592 1370 sym
610 1287 643 1346 et
659 1280 727 1346 exit
746 1298 860 1346 uersus
877 1281 1152 1364 septemtrionem,

40 1389 65 1450 et
78 1383 162 1450 eadit
177 1384 211 1448 in
228 1385 342 1452 dumos
367 1383 554 1471 spinarum,
582 1387 622 1452 de
638 1384 756 1469 quibos
773 1383 817 1452 ad
832 1385 981 1452 arborem
997 1389 1044 1453 tol
1058 1404 1154 1453 ornos

40 1494 201 1579 signatam,
218 1493 338 1561 deinde
361 1495 453 1560 iuxta
480 1493 595 1562 senilia
626 1494 669 1560 ad
688 1496 837 1560 arborem
863 1497 912 1560 tol
936 1514 1032 1564 oruoe
1047 1495 1155 1578 signa·

41 1609 112 1686 tam;
129 1601 209 1668 inde
224 1601 269 1668 ad
286 1602 374 1667 viam
384 1653 394 1690 ,
410 1603 465 1670 ubi
484 1611 533 1670 est
548 1602 645 1670 lnkus
665 1601 767 1690 (lgy)‚
793 1609 825 1668 et
840 1621 897 1688 per
912 1600 1050 1668 eandem
1068 1601 1153 1668 viam

40 1707 233 1793 procedendo
249 1709 394 1777 deelinat
409 1731 467 1796 per
495 1710 628 1777 arbores
645 1730 737 1777 ornoe
756 1710 905 1793 signatas
921 1709 954 1775 in
970 1727 1094 1793 nemus,
1113 1706 1160 1773 do

38 1817 142 1898 quibus
159 1815 203 1882 nd
220 1816 368 1882 arborem
392 1820 513 1906 bybor·;
539 1818 614 1884 inde
629 1838 687 1904 per
703 1817 867 1900 quendam
882 1818 1024 1884 rinnlum
1040 1811 1154 1900 tendit,

39 1933 64 1991 et
77 1924 162 1990 eadit
176 1925 211 1989 in
223 1925 403 2010 prediotum
418 1926 551 1992 fluuium
569 1926 736 2013 Chennelr,'
746 1927 800 1992 vbi
826 1926 986 1993 vioinalur
1013 1931 1045 1990 et
1069 1942 1154 1990 eom·

39 2040 168 2098 metator
183 2033 277 2100 terris
292 2033 431 2101 filiorum
448 2033 583 2100 Comitis
601 2033 769 2120 Gregorij;
798 2032 875 2100 inde
900 2031 933 2096 in
959 2031 1074 2098 eodem
1099 2030 1154 2096 llu-

38 2143 81 2208 rio
95 2141 263 2210 cherneeh
279 2143 446 2210 deseendit
462 2141 505 2212 ad
520 2143 658 2228 priorem
670 2149 799 2229 metam,
819 2143 929 2226 ibique
952 2141 1154 2207 terminatur.

38 2249 69 2316 ln
84 2249 172 2316 onius
188 2251 236 2316 rei
253 2249 443 2315 memoriam
470 2259 502 2319 et
520 2251 616 2318 robur
631 2257 822 2336 perpetuum
848 2255 1014 2334 presentes
1040 2247 1082 2315 ad
1106 2246 1163 2329 in-¹

38 2361 182 2424 slanoiam
215 2365 248 2425 et
264 2357 460 2443 peticionem
477 2359 646 2425 memorati
663 2357 796 2425 Comitis
814 2355 964 2442 Gregorij
991 2354 1153 2424 ooneessi·

37 2483 96 2532 mus
111 2465 214 2551 sigilli
240 2468 344 2536 nostri
376 2467 554 2534 munimine
579 2468 760 2534 roboratas.
787 2466 908 2531 Datum
934 2471 966 2530 et
987 2469 1096 2530 aotnm
1120 2463 1156 2530 in

37 2569 107 2642 leslo
128 2570 220 2643 Beati
238 2573 387 2662 Gregorij
406 2575 507 2660 Pape,
525 2593 611 2642 enno
627 2573 759 2640 Domini
791 2573 973 2658 myllesimo
1004 2573 1153 2639 dueente-

36 2683 109 2752 eimo
126 2685 340 2772 nonagesimo
356 2693 457 2752 sexto.

37 2881 66 2946 (t
77 2887 209 2936 commui
223 2878 415 2952 kbptalnnnak
429 2883 499 2935 1328
513 2884 559 2949 „in
572 2881 644 2933 festo
657 2881 737 2932 Beati
759 2877 832 2932 Galli
845 2879 1020 2965 ooniessoris‘
1047 2877 1156 2940 „Dioni-

36 2973 84 3024 rins
96 2973 173 3027 filins
186 2972 333 3040 Gregorii*
357 2968 482 3026 keresbre
494 2971 552 3024 lrelt
574 2966 741 3033 iliratribbl;
764 2982 781 3018 a
803 2967 885 3020 budai
908 2968 961 3021 kir.
982 2969 1106 3020 kamarai
1118 2967 1158 3016 le-

513 3055 674 3125 veltbrban.)

488 3323 700 3336 -ι-α..

564 3786 639 3857 150.

30 3995 75 4053 Ae
90 3993 164 4078 cyri
181 3987 407 4076 Mptnlomoak
422 3985 695 4072 bieooyed'plevele,
710 3986 795 4070 bopy
812 3981 941 4050 senaar
965 3979 1162 4064 Monaloflor‘

30 4120 67 4163 rr.
82 4095 195 4164 Jakab
212 4095 366 4181 helyaepet
381 4091 585 4179 obvebbknek,
600 4093 693 4158 Pe'ter
708 4101 817 4158 mester·
830 4089 989 4178 Kompold
1005 4089 1161 4174 eomeafie

358 4203 533 4270 retorserat
548 4199 742 4287 dtenpedte‘lr.
760 4197 858 4265 1296.

136 4397 302 4468 Omnibus
318 4397 438 4466 Christi
453 4395 605 4465 fidelibus
629 4401 695 4462 tam
710 4393 916 4482 presentibus
931 4411 1029 4476 quam
1044 4390 1161 4460 intutis

27 4526 162 4598 presens
179 4506 337 4592 seriptum
353 4504 547 4593 inspeotnris
566 4501 752 4595 capitulam
767 4499 913 4570 Eoolesie
928 4499 1097 4584 Agriennis
1112 4517 1162 4567 sa·

27 4615 129 4686 intem
145 4613 184 4682 in
199 4612 345 4682 omnium
360 4612 537 4682 saluatore.
562 4615 616 4682 Ad
639 4613 864 4684 vninorsorum
880 4609 1036 4679 noticiam
1051 4613 1163 4675 tenore
