3098 5172
578 251 739 350 *nm

88 449 197 511 antem
212 439 355 508 arridum
371 443 440 508 siue
457 443 587 528 siccum,
607 443 661 511 vbi
677 452 945 519 commetaueitas
970 457 1130 524 terrarum
1148 477 1218 544 pre

89 551 167 618 dicti
184 549 334 635 Magistri
360 547 529 618 Benedicti
548 551 749 640 terminatur,
777 565 808 625 et
826 561 941 646 incipit
956 568 1068 631 tenere
1085 585 1220 634 comme-

89 659 279 727 taneitatem
296 680 368 728 cum
393 659 489 726 terris
521 657 657 726 filiomm
673 662 784 731 Dauid
809 675 842 734 et
862 669 1028 738 Sameouis
1044 670 1220 756 degenere

90 766 245 854 Hmazth,
262 766 370 834 adhuc
401 788 461 854 per
484 767 621 833 eandem
637 787 790 856 maguam
807 777 895 842 riam
909 778 1116 859 procedendo
1131 782 1219 850 veni-

90 885 140 942 tur
155 875 200 940 ad
216 875 316 942 aliam
332 876 459 942 foueam
478 873 531 941 vel
543 873 701 944 fossatum
717 879 827 950 simile
844 882 990 968 predicto
1006 883 1128 954 fossato
1141 913 1149 974 ς
1164 890 1221 956 de·

88 983 162 1050 inde
179 982 272 1050 vadit
287 983 333 1049 ad
349 984 432 1050 duas
447 990 552 1052 metas
571 991 697 1052 terreas
712 989 898 1075 angulares,
913 993 945 1058 in
963 1013 1097 1078 quarum
1113 995 1218 1065 attera

88 1099 136 1159 est
151 1091 250 1159 arbor
278 1091 378 1157 ramis
403 1089 558 1158 denotata
582 1091 674 1159 iuxta
699 1093 823 1160 biuium
841 1105 984 1186 erectas,
1010 1121 1069 1186 per
1084 1123 1218 1188 quarum

87 1203 211 1270 darum
228 1200 365 1267 aiteram
382 1197 512 1266 diuertit
527 1196 570 1264 ad
588 1206 713 1284 partem
731 1203 981 1274 meridionalem
998 1209 1042 1274 ad
1058 1208 1218 1278 duasme.

86 1321 136 1377 tas
152 1315 286 1394 terreae,
304 1309 338 1375 in
356 1327 493 1392 quarum
508 1327 573 1374 vua
589 1314 639 1376 est
654 1309 751 1377 arbor
767 1313 917 1399 populea,
936 1316 969 1381 in
985 1317 1054 1384 alia
1068 1339 1144 1388 uero
1157 1320 1214 1388 du-

87 1439 154 1486 mus
171 1417 310 1504 spineti3
328 1417 444 1484 iterum
462 1415 505 1482 ad
521 1416 602 1483 duas
620 1425 723 1486 metas
738 1425 863 1488 terreas
879 1429 1005 1492 erectas
1020 1425 1114 1493 iuxta
1129 1429 1215 1496 viam

88 1526 305 1614 supradictam
319 1546 327 1607 ;
344 1543 517 1609 perquam
544 1524 650 1590 eundo
678 1529 806 1594 venitur
822 1526 865 1596 ad
881 1536 947 1598 tres
972 1539 1077 1602 metas
1092 1538 1215 1606 terreas

87 1637 280 1720 angulares,
314 1633 368 1700 vbi
399 1632 546 1700 declinat
573 1632 615 1698 ad
637 1642 763 1718 partem
790 1635 1004 1729 orientalem
1028 1661 1088 1728 per
1103 1640 1216 1712 dumos

89 1745 288 1828 spinetorum
305 1742 433 1808 venitur
448 1741 492 1806 ad
510 1739 672 1824 quoddam
692 1763 823 1830 nemus,
847 1747 903 1814 vbi
919 1756 968 1814 est
985 1770 1104 1833 magna
1119 1751 1215 1818 arbor

88 1852 183 1917 iticea
199 1857 288 1916 terra
314 1850 479 1916 cumulata
508 1848 594 1916 ferro
610 1851 824 1940 consignata,
857 1855 912 1921 vbi
938 1855 1029 1922 cadit
1043 1857 1077 1922 in
1093 1878 1213 1943 aquam

88 1960 234 2026 Keresua
250 1963 409 2043 vocatam,
423 1977 482 2042 per
499 1955 589 2022 cuius
606 1957 746 2024 medium
775 1959 879 2027 eundo
896 1961 963 2028 exit
979 1965 1022 2030 ab
1040 1965 1153 2032 eadem
1170 1967 1214 2034 ad

88 2087 180 2136 snam
197 2074 318 2134 metam
344 2075 504 2153 terream,
530 2067 564 2132 in
580 2086 645 2150 qua
661 2075 710 2133 est
729 2089 849 2152 magna
863 2071 961 2138 arbor
977 2073 1147 2163 beremnpe
1163 2077 1207 2144 di·

89 2185 137 2240 eta
152 2175 280 2242 ferroue
297 2175 509 2258 consignata3
536 2175 592 2240 rbi
609 2179 877 2246 commetaneitas
902 2187 1060 2248 terrarum
1076 2183 1213 2252 filiorum

87 2284 223 2351 Dauidis
241 2282 665 2370 etsamsontsterminatur,
687 2291 719 2350 et
738 2283 855 2370 incipit
865 2293 976 2355 tenere
987 2296 1212 2360 commetnnei·

87 2399 180 2458 tatem
199 2413 271 2459 cum
283 2393 379 2458 terris
390 2389 538 2475 Magistri
548 2391 709 2458 Johanuis
726 2398 758 2457 et
769 2392 903 2460 fratrum
919 2394 1061 2485 suorum,
1073 2399 1212 2468 tiliorum

88 2497 217 2567 Comitis
234 2500 412 2584 Ladizlay;
439 2499 493 2566 vbi
510 2497 679 2565 diuertitur
710 2499 752 2566 ad
770 2509 897 2587 partem
914 2506 1161 2596 occidentalem,
1179 2515 1212 2574 et

87 2609 209 2676 venitur
224 2608 269 2676 ad
285 2629 383 2674 uuam
398 2613 517 2674 metam
548 2613 707 2694 terream,
734 2611 768 2675 in
784 2630 849 2694 qua
875 2621 924 2680 est
948 2617 1044 2682 arbor
1058 2615 1139 2702 piri3
1155 2615 1211 2683 ad·

88 2717 144 2782 hnc
160 2717 266 2786 eundo
292 2715 419 2784 venitur
445 2716 490 2781 ad
505 2715 685 2801 predictam
716 2738 835 2801 aquarn
852 2721 1015 2808 Keresua3
1047 2743 1144 2806 qnam
1160 2743 1210 2790 sa·

85 2825 249 2905 1ioudoed
267 2845 367 2892 ruam
393 2830 512 2890 metam
529 2829 687 2908 terream;
704 2833 735 2892 et
761 2847 877 2912 parum
903 2827 1009 2896 eundo
1027 2829 1103 2897 salit
1135 2851 1208 2898 ean·

88 2929 155 2998 dem
172 2955 293 3018 aquam
309 2935 467 3020 Keresna,
485 2941 517 3000 et
532 2934 632 2999 intrat
663 2934 696 2999 iu
723 2935 841 3000 siluam
859 2935 912 3002 vbi
928 2943 977 3002 est
993 2945 1080 3004 meta
1094 2945 1210 3022 terrea,

88 3039 117 3105 in
134 3063 199 3126 qua
214 3051 264 3109 est
279 3046 376 3110 arbor
401 3041 505 3126 ilicis;
539 3041 573 3106 in
599 3061 663 3124 qua
683 3041 766 3109 silua
797 3043 1006 3128 procedendo
1025 3046 1151 3113 venitur
1167 3043 1210 3113 ad

84 3168 197 3232 aquam
222 3150 473 3236 Begyamalaka
490 3149 611 3216 dictam
621 3201 631 3236 ,
658 3149 690 3214 in
723 3169 820 3233 quam
837 3150 961 3218 intrans
977 3150 1020 3218 ad
1036 3173 1135 3220 unam
1161 3173 1209 3218 ar-

85 3257 189 3324 borem
205 3259 335 3326 iliceam
352 3279 506 3341 magnam
533 3256 758 3342 consignatam
784 3257 868 3324 ferro
884 3258 955 3324 vice
970 3267 1073 3345 mete;
1091 3259 1209 3328 exinde

85 3366 186 3432 eundo
202 3365 331 3434 venitur
355 3386 458 3452 prope
473 3367 650 3434 sessionem
666 3365 812 3450 Scynork
821 3415 830 3450 ‚
864 3365 918 3431 vbi
935 3370 985 3432 est
999 3371 1086 3432 meta
1102 3372 1209 3436 terrea

83 3473 140 3539 sub
156 3475 272 3543 arbore
286 3475 447 3561 populea3
465 3474 542 3540 inde
559 3475 601 3539 ad
619 3491 715 3540 vnam
731 3481 851 3539 metam
868 3480 1015 3562 terream,
1032 3475 1066 3540 in
1083 3482 1209 3558 quaest

81 3586 174 3650 arbor
189 3586 277 3670 pomi
287 3586 454 3670 tadoctpm
471 3589 606 3666 vocata;
625 3583 741 3648 iterum
759 3581 909 3648 adunam
921 3589 1041 3647 metam
1056 3588 1206 3669 terream,

82 3690 112 3754 in
129 3711 192 3776 qua
209 3699 258 3758 est
275 3693 374 3758 arbor
391 3691 550 3776 populea;
568 3689 677 3756 adhuc
692 3687 796 3754 eundo
817 3689 1004 3774 peruenitur
1019 3689 1062 3754 ad
1088 3710 1208 3773 aquam

80 3797 252 3884 Zugousuk
268 3800 397 3884 dictam,
416 3805 448 3865 et
464 3799 553 3865 vadit
570 3800 635 3864 alte
660 3807 774 3864 contra
800 3818 931 3866 cursum
956 3817 1115 3882 aquarum
1129 3851 1138 3884 ‚
1154 3820 1206 3865 ve-

80 3907 162 3972 nitur
177 3909 220 3974 ad
235 3927 333 3975 vnam
361 3915 480 3974 metam
496 3915 654 3992 terream,
672 3907 707 3972 in
735 3927 799 3990 qua
824 3915 874 3976 est
889 3908 986 3974 arbor
1002 3927 1125 3992 magua
1140 3909 1206 3975 ilex

80 4033 175 4084 curua
191 4025 308 4084 extans
325 4017 417 4083 iuxta
432 4014 566 4081 fluuium
593 4017 722 4082 Karaso
748 4021 906 4102 vocatum,
925 4016 1036 4099 sicque
1052 4015 1205 4082 termina·

80 4129 135 4208 tur,
151 4125 400 4210 peragratisque
415 4122 510 4190 metis
526 4123 688 4208 prioribus
713 4122 913 4190 concluditur
929 4127 1016 4188 meta
1031 4121 1135 4207 prima
1151 4123 1206 4190 uel

79 4231 266 4318 principale.
284 4231 355 4300 Hoc
370 4253 436 4298 non
452 4231 671 4318 pretermiss03
697 4229 783 4314 quod
800 4248 912 4296 omues
929 4231 1112 4315 prenarrati
1130 4251 1203 4298 con·

78 4341 262 4410 terminales
289 4360 347 4408 seu
373 4341 587 4410 commetanei
605 4347 638 4406 et
656 4339 755 4406 vicini
771 4339 868 4407 huius
893 4346 978 4405 terre
1003 4357 1061 4404 seu
1077 4357 1205 4424 posses-

80 4451 176 4516 sionis
191 4448 387 4534 Zeuoboogh
403 4455 521 4516 vocate
534 4447 773 4515 cumfratribus
789 4447 901 4514 suiset
920 4447 1066 4531 cognatis
1083 4446 1117 4511 iu
1133 4465 1205 4532 per-

79 4559 296 4627 ambulatione
313 4556 533 4643 predictarum
558 4564 716 4623 metarum
736 4575 848 4622 coram
864 4555 993 4623 homine
1009 4562 1120 4624 nostro
1137 4556 1204 4622 Au·

119 4697 218 4738 nouum.
236 4695 321 4734 nuso.
338 4695 408 4734 uror.
422 4704 468 4718 -·-
483 4693 595 4733 amaon.
612 4688 648 4732 ts.
1000 4665 1040 4732 16
