<?xml version="1.0" encoding="UTF-8"?>
<!DOCTYPE html PUBLIC "-//W3C//DTD XHTML 1.0 Transitional//EN"
    "http://www.w3.org/TR/xhtml1/DTD/xhtml1-transitional.dtd">
<html xmlns="http://www.w3.org/1999/xhtml" xml:lang="en" lang="en">
 <head>
  <title>
</title>
<meta http-equiv="Content-Type" content="text/html;charset=utf-8" />
  <meta name='ocr-system' content='tesseract 3.04.00' />
  <meta name='ocr-capabilities' content='ocr_page ocr_carea ocr_par ocr_line ocrx_word'/>
</head>
<body>
  <div class='ocr_page' id='page_1' title='image "./codexdiplomatic19wenzgoog_0368.png"; bbox 0 0 3120 5172; ppageno 0'>
   <div class='ocr_carea' id='block_1_1' title="bbox 820 1011 897 1080">
    <p class='ocr_par' dir='ltr' id='par_1_1' title="bbox 820 1011 897 1080">
     <span class='ocr_line' id='line_1_1' title="bbox 820 1011 897 1080; baseline -0.026 0"><span class='ocrx_word' id='word_1_1' title='bbox 820 1011 897 1080; x_wconf 80' lang='lat'>212.</span> 
     </span>
    </p>
   </div>
   <div class='ocr_carea' id='block_1_2' title="bbox 296 1209 1424 1515">
    <p class='ocr_par' dir='ltr' id='par_1_2' title="bbox 296 1209 1424 1515">
     <span class='ocr_line' id='line_1_2' title="bbox 296 1209 1423 1298; baseline -0.006 -17"><span class='ocrx_word' id='word_1_2' title='bbox 296 1215 424 1281; x_wconf 75' lang='lat' dir='ltr'>Rcldud</span> <span class='ocrx_word' id='word_1_3' title='bbox 440 1237 461 1278; x_wconf 88' lang='lat' dir='ltr'>a</span> <span class='ocrx_word' id='word_1_4' title='bbox 476 1213 599 1292; x_wconf 72' lang='lat' dir='ltr'>kirclpi</span> <span class='ocrx_word' id='word_1_5' title='bbox 628 1213 734 1278; x_wconf 80' lang='lat' dir='ltr'>cdouo·</span> <span class='ocrx_word' id='word_1_6' title='bbox 758 1211 939 1298; x_wconf 79' lang='lat' dir='ltr'>birdjciauk</span> <span class='ocrx_word' id='word_1_7' title='bbox 966 1211 1197 1296; x_wconf 71' lang='lat' dir='ltr'>udroenyltezdsi</span> <span class='ocrx_word' id='word_1_8' title='bbox 1227 1209 1423 1296; x_wconf 68' lang='lat' dir='ltr'>dizoapadyc</span> 
     </span>
     <span class='ocr_line' id='line_1_3' title="bbox 297 1316 1424 1407; baseline -0.004 -20"><span class='ocrx_word' id='word_1_9' title='bbox 297 1346 318 1387; x_wconf 88' lang='lat' dir='ltr'>a</span> <span class='ocrx_word' id='word_1_10' title='bbox 336 1320 474 1407; x_wconf 65' lang='lat' dir='ltr'>Szdpluk</span> <span class='ocrx_word' id='word_1_11' title='bbox 488 1321 611 1406; x_wconf 74' lang='lat' dir='ltr'>helyadp</span> <span class='ocrx_word' id='word_1_12' title='bbox 628 1316 923 1387; x_wconf 68' lang='lat' dir='ltr'>&#39;hcrmadrdozeirdl</span> <span class='ocrx_word' id='word_1_13' title='bbox 943 1317 998 1384; x_wconf 84' lang='lat' dir='ltr'>Osl</span> <span class='ocrx_word' id='word_1_14' title='bbox 1025 1343 1122 1385; x_wconf 77' lang='lat' dir='ltr'>comes</span> <span class='ocrx_word' id='word_1_15' title='bbox 1138 1317 1334 1383; x_wconf 73' lang='lat' dir='ltr'>maroddkoi</span> <span class='ocrx_word' id='word_1_16' title='bbox 1356 1317 1424 1384; x_wconf 75' lang='lat' dir='ltr'>ledat</span> 
     </span>
     <span class='ocr_line' id='line_1_4' title="bbox 478 1427 1255 1515; baseline 0.001 -23"><span class='ocrx_word' id='word_1_17' title='bbox 478 1429 596 1492; x_wconf 78' lang='lat' dir='ltr'>tdrte‘nt</span> <span class='ocrx_word' id='word_1_18' title='bbox 620 1428 811 1493; x_wconf 67' lang='lat' dir='ltr'>tmakedea</span> <span class='ocrx_word' id='word_1_19' title='bbox 826 1427 1020 1515; x_wconf 76' lang='lat' dir='ltr'>tcirpydbau.</span> <span class='ocrx_word' id='word_1_20' title='bbox 1037 1429 1135 1492; x_wconf 84' lang='lat'><strong><em>1298.</em></strong></span> <span class='ocrx_word' id='word_1_21' title='bbox 1151 1427 1255 1493; x_wconf 75' lang='lat' dir='ltr'>korut.</span> 
     </span>
    </p>
   </div>
   <div class='ocr_carea' id='block_1_3' title="bbox 297 1620 1424 2033">
    <p class='ocr_par' dir='ltr' id='par_1_3' title="bbox 297 1620 1424 2033">
     <span class='ocr_line' id='line_1_5' title="bbox 404 1620 1423 1711; baseline 0.002 -23"><span class='ocrx_word' id='word_1_22' title='bbox 404 1625 473 1690; x_wconf 88' lang='lat' dir='ltr'>Nos</span> <span class='ocrx_word' id='word_1_23' title='bbox 489 1621 657 1690; x_wconf 79' lang='lat' dir='ltr'>ltolandns</span> <span class='ocrx_word' id='word_1_24' title='bbox 673 1620 780 1690; x_wconf 84' lang='lat' dir='ltr'>Judex</span> <span class='ocrx_word' id='word_1_25' title='bbox 796 1621 878 1688; x_wconf 86' lang='lat' dir='ltr'>Aule</span> <span class='ocrx_word' id='word_1_26' title='bbox 894 1621 998 1706; x_wconf 78' lang='lat' dir='ltr'>Regio</span> <span class='ocrx_word' id='word_1_27' title='bbox 1024 1621 1245 1708; x_wconf 86' lang='lat' dir='ltr'>significamus</span> <span class='ocrx_word' id='word_1_28' title='bbox 1262 1624 1423 1711; x_wconf 88' lang='lat' dir='ltr'>omnibns,</span> 
     </span>
     <span class='ocr_line' id='line_1_6' title="bbox 297 1727 1424 1819; baseline -0.002 -21"><span class='ocrx_word' id='word_1_29' title='bbox 297 1733 384 1819; x_wconf 92' lang='lat' dir='ltr'>quod</span> <span class='ocrx_word' id='word_1_30' title='bbox 418 1731 546 1798; x_wconf 79' lang='lat' dir='ltr'>Thomu</span> <span class='ocrx_word' id='word_1_31' title='bbox 560 1731 628 1797; x_wconf 91' lang='lat' dir='ltr'>filio</span> <span class='ocrx_word' id='word_1_32' title='bbox 659 1727 717 1796; x_wconf 90' lang='lat' dir='ltr'>Osl</span> <span class='ocrx_word' id='word_1_33' title='bbox 750 1728 883 1797; x_wconf 84' lang='lat' dir='ltr'>Comitis</span> <span class='ocrx_word' id='word_1_34' title='bbox 900 1733 940 1798; x_wconf 83' lang='lat' dir='ltr'>ab</span> <span class='ocrx_word' id='word_1_35' title='bbox 965 1751 1032 1797; x_wconf 86' lang='lat' dir='ltr'>nna</span> <span class='ocrx_word' id='word_1_36' title='bbox 1062 1739 1167 1819; x_wconf 84' lang='lat' dir='ltr'>parte,</span> <span class='ocrx_word' id='word_1_37' title='bbox 1184 1737 1217 1797; x_wconf 88' lang='lat' dir='ltr'>et</span> <span class='ocrx_word' id='word_1_38' title='bbox 1247 1730 1424 1798; x_wconf 85' lang='lat' dir='ltr'>Benedielo</span> 
     </span>
     <span class='ocr_line' id='line_1_7' title="bbox 297 1838 1424 1925; baseline -0.004 -17"><span class='ocrx_word' id='word_1_39' title='bbox 297 1841 366 1908; x_wconf 90' lang='lat' dir='ltr'>filio</span> <span class='ocrx_word' id='word_1_40' title='bbox 383 1840 441 1908; x_wconf 94' lang='lat' dir='ltr'>Osl</span> <span class='ocrx_word' id='word_1_41' title='bbox 469 1839 602 1906; x_wconf 87' lang='lat' dir='ltr'>iunioris</span> <span class='ocrx_word' id='word_1_42' title='bbox 618 1858 660 1904; x_wconf 84' lang='lat' dir='ltr'>cx</span> <span class='ocrx_word' id='word_1_43' title='bbox 677 1838 780 1904; x_wconf 85' lang='lat' dir='ltr'>altera</span> <span class='ocrx_word' id='word_1_44' title='bbox 797 1839 980 1906; x_wconf 88' lang='lat' dir='ltr'>constitutis</span> <span class='ocrx_word' id='word_1_45' title='bbox 998 1861 1107 1907; x_wconf 90' lang='lat' dir='ltr'>coram</span> <span class='ocrx_word' id='word_1_46' title='bbox 1138 1839 1242 1924; x_wconf 84' lang='lat' dir='ltr'>nobis,</span> <span class='ocrx_word' id='word_1_47' title='bbox 1271 1839 1424 1925; x_wconf 86' lang='lat' dir='ltr'>presenti·</span> 
     </span>
     <span class='ocr_line' id='line_1_8' title="bbox 298 1946 1424 2033; baseline -0.001 -18"><span class='ocrx_word' id='word_1_48' title='bbox 298 1949 359 2016; x_wconf 90' lang='lat' dir='ltr'>bus</span> <span class='ocrx_word' id='word_1_49' title='bbox 386 1949 491 2016; x_wconf 86' lang='lat' dir='ltr'>eciam</span> <span class='ocrx_word' id='word_1_50' title='bbox 509 1946 702 2030; x_wconf 87' lang='lat' dir='ltr'>quibusdam</span> <span class='ocrx_word' id='word_1_51' title='bbox 729 1947 878 2033; x_wconf 82' lang='lat' dir='ltr'>cognatis</span> <span class='ocrx_word' id='word_1_52' title='bbox 904 1967 1032 2033; x_wconf 82' lang='lat' dir='ltr'>eorum3</span> <span class='ocrx_word' id='word_1_53' title='bbox 1057 1947 1255 2016; x_wconf 76' lang='lat' dir='ltr'>Benedictus</span> <span class='ocrx_word' id='word_1_54' title='bbox 1281 1949 1424 2014; x_wconf 88' lang='lat' dir='ltr'>nomina·</span> 
     </span>
    </p>
   </div>
   <div class='ocr_carea' id='block_1_4' title="bbox 299 2053 1544 2144">
    <p class='ocr_par' dir='ltr' id='par_1_4' title="bbox 299 2053 1544 2144">
     <span class='ocr_line' id='line_1_9' title="bbox 299 2053 1544 2144; baseline -0.002 -20"><span class='ocrx_word' id='word_1_55' title='bbox 299 2065 350 2125; x_wconf 91' lang='lat' dir='ltr'>tus</span> <span class='ocrx_word' id='word_1_56' title='bbox 368 2057 537 2124; x_wconf 85' lang='lat' dir='ltr'>confessus</span> <span class='ocrx_word' id='word_1_57' title='bbox 569 2061 628 2144; x_wconf 87' lang='lat' dir='ltr'>est,</span> <span class='ocrx_word' id='word_1_58' title='bbox 645 2053 780 2123; x_wconf 79' lang='lat' dir='ltr'>terciam</span> <span class='ocrx_word' id='word_1_59' title='bbox 804 2061 930 2138; x_wconf 89' lang='lat' dir='ltr'>partem</span> <span class='ocrx_word' id='word_1_60' title='bbox 957 2062 1044 2122; x_wconf 84' lang='lat' dir='ltr'>terre</span> <span class='ocrx_word' id='word_1_61' title='bbox 1060 2055 1101 2122; x_wconf 93' lang='lat' dir='ltr'>de</span> <span class='ocrx_word' id='word_1_62' title='bbox 1117 2057 1236 2141; x_wconf 88' lang='lat' dir='ltr'>Zeploc</span> <span class='ocrx_word' id='word_1_63' title='bbox 1267 2077 1340 2122; x_wconf 92' lang='lat' dir='ltr'>cum</span> <span class='ocrx_word' id='word_1_64' title='bbox 1356 2056 1423 2123; x_wconf 81' lang='lat' dir='ltr'>suis</span> <span class='ocrx_word' id='word_1_65' title='bbox 1543 2059 1544 2062; x_wconf 74' lang='grc'>’</span> 
     </span>
    </p>
   </div>
   <div class='ocr_carea' id='block_1_5' title="bbox 298 2163 1423 2361">
    <p class='ocr_par' dir='ltr' id='par_1_5' title="bbox 298 2163 1423 2361">
     <span class='ocr_line' id='line_1_10' title="bbox 300 2163 1423 2252; baseline -0.002 -20"><span class='ocrx_word' id='word_1_66' title='bbox 300 2166 510 2252; x_wconf 89' lang='lat' dir='ltr'>pertinencijs</span> <span class='ocrx_word' id='word_1_67' title='bbox 533 2170 565 2231; x_wconf 88' lang='lat' dir='ltr'>et</span> <span class='ocrx_word' id='word_1_68' title='bbox 588 2163 796 2250; x_wconf 85' lang='lat' dir='ltr'>utilitatibus,</span> <span class='ocrx_word' id='word_1_69' title='bbox 823 2183 885 2248; x_wconf 90' lang='lat' dir='ltr'>qne</span> <span class='ocrx_word' id='word_1_70' title='bbox 901 2163 951 2230; x_wconf 86' lang='lat' dir='ltr'>sui</span> <span class='ocrx_word' id='word_1_71' title='bbox 978 2163 1058 2232; x_wconf 88' lang='lat' dir='ltr'>iuris</span> <span class='ocrx_word' id='word_1_72' title='bbox 1074 2171 1167 2231; x_wconf 84' lang='lat' dir='ltr'>erant</span> <span class='ocrx_word' id='word_1_73' title='bbox 1198 2164 1284 2231; x_wconf 90' lang='lat' dir='ltr'>dicto</span> <span class='ocrx_word' id='word_1_74' title='bbox 1301 2165 1423 2232; x_wconf 84' lang='lat' dir='ltr'>&#39;I&#39;lrome</span> 
     </span>
     <span class='ocr_line' id='line_1_11' title="bbox 298 2270 1423 2361; baseline 0 -21"><span class='ocrx_word' id='word_1_75' title='bbox 298 2293 359 2359; x_wconf 89' lang='lat' dir='ltr'>pro</span> <span class='ocrx_word' id='word_1_76' title='bbox 383 2273 620 2359; x_wconf 83' lang='lat' dir='ltr'>quinquaginta</span> <span class='ocrx_word' id='word_1_77' title='bbox 654 2270 774 2337; x_wconf 86' lang='lat' dir='ltr'>marcis</span> <span class='ocrx_word' id='word_1_78' title='bbox 809 2271 936 2354; x_wconf 83' lang='lat' dir='ltr'>argenti</span> <span class='ocrx_word' id='word_1_79' title='bbox 970 2271 1157 2339; x_wconf 87' lang='lat' dir='ltr'>vendidisse</span> <span class='ocrx_word' id='word_1_80' title='bbox 1183 2280 1340 2361; x_wconf 86' lang='lat' dir='ltr'>perpetuo</span> <span class='ocrx_word' id='word_1_81' title='bbox 1357 2274 1423 2340; x_wconf 91' lang='lat' dir='ltr'>inre</span> 
     </span>
    </p>
   </div>
   <div class='ocr_carea' id='block_1_6' title="bbox 299 2379 1549 2469">
    <p class='ocr_par' dir='ltr' id='par_1_6' title="bbox 299 2379 1549 2469">
     <span class='ocr_line' id='line_1_12' title="bbox 299 2379 1549 2469; baseline 0.002 -25"><span class='ocrx_word' id='word_1_82' title='bbox 299 2380 548 2469; x_wconf 81' lang='lat' dir='ltr'>possidendam3</span> <span class='ocrx_word' id='word_1_83' title='bbox 575 2386 693 2447; x_wconf 87' lang='lat' dir='ltr'>etcum</span> <span class='ocrx_word' id='word_1_84' title='bbox 718 2379 805 2446; x_wconf 91' lang='lat' dir='ltr'>idem</span> <span class='ocrx_word' id='word_1_85' title='bbox 821 2379 1016 2447; x_wconf 74' lang='lat' dir='ltr'>Benedictus</span> <span class='ocrx_word' id='word_1_86' title='bbox 1042 2380 1206 2448; x_wconf 91' lang='lat' dir='ltr'>Balduino</span> <span class='ocrx_word' id='word_1_87' title='bbox 1223 2381 1341 2449; x_wconf 81' lang='lat' dir='ltr'>Comiti</span> <span class='ocrx_word' id='word_1_88' title='bbox 1357 2382 1421 2448; x_wconf 88' lang='lat' dir='ltr'>filio</span> <span class='ocrx_word' id='word_1_89' title='bbox 1548 2394 1549 2426; x_wconf 62' lang='lat'>¹</span> 
     </span>
    </p>
   </div>
   <div class='ocr_carea' id='block_1_7' title="bbox 300 2486 1551 2582">
    <p class='ocr_par' dir='ltr' id='par_1_7' title="bbox 300 2486 1551 2582">
     <span class='ocr_line' id='line_1_13' title="bbox 300 2486 1551 2582; baseline -0.002 -26"><span class='ocrx_word' id='word_1_90' title='bbox 300 2487 376 2556; x_wconf 89' lang='lat' dir='ltr'>Jule</span> <span class='ocrx_word' id='word_1_91' title='bbox 402 2488 544 2573; x_wconf 83' lang='lat' dir='ltr'>Comitis,</span> <span class='ocrx_word' id='word_1_92' title='bbox 563 2489 597 2553; x_wconf 90' lang='lat' dir='ltr'>in</span> <span class='ocrx_word' id='word_1_93' title='bbox 620 2486 728 2555; x_wconf 91' lang='lat' dir='ltr'>debito</span> <span class='ocrx_word' id='word_1_94' title='bbox 753 2487 991 2572; x_wconf 81' lang='lat' dir='ltr'>qninquaginta</span> <span class='ocrx_word' id='word_1_95' title='bbox 1013 2509 1199 2556; x_wconf 87' lang='lat' dir='ltr'>marcarum</span> <span class='ocrx_word' id='word_1_96' title='bbox 1214 2489 1331 2557; x_wconf 85' lang='lat' dir='ltr'>fnisset</span> <span class='ocrx_word' id='word_1_97' title='bbox 1346 2491 1424 2557; x_wconf 90' lang='lat' dir='ltr'>obli·</span> <span class='ocrx_word' id='word_1_98' title='bbox 1550 2556 1551 2582; x_wconf 29' lang='lat'>1</span> 
     </span>
    </p>
   </div>
   <div class='ocr_carea' id='block_1_8' title="bbox 299 2595 1424 3748">
    <p class='ocr_par' dir='ltr' id='par_1_8' title="bbox 299 2595 1424 3748">
     <span class='ocr_line' id='line_1_14' title="bbox 300 2595 1423 2684; baseline 0.003 -22"><span class='ocrx_word' id='word_1_99' title='bbox 300 2603 404 2680; x_wconf 79' lang='lat' dir='ltr'>gatus,</span> <span class='ocrx_word' id='word_1_100' title='bbox 421 2597 528 2664; x_wconf 87' lang='lat' dir='ltr'>dictas</span> <span class='ocrx_word' id='word_1_101' title='bbox 544 2595 782 2682; x_wconf 86' lang='lat' dir='ltr'>quinquaginta</span> <span class='ocrx_word' id='word_1_102' title='bbox 798 2615 936 2682; x_wconf 84' lang='lat' dir='ltr'>marcas,</span> <span class='ocrx_word' id='word_1_103' title='bbox 950 2617 1032 2682; x_wconf 88' lang='lat' dir='ltr'>quas</span> <span class='ocrx_word' id='word_1_104' title='bbox 1048 2616 1070 2663; x_wconf 85' lang='lat' dir='ltr'>a</span> <span class='ocrx_word' id='word_1_105' title='bbox 1085 2597 1212 2663; x_wconf 82' lang='lat' dir='ltr'>Thomu</span> <span class='ocrx_word' id='word_1_106' title='bbox 1229 2604 1300 2664; x_wconf 91' lang='lat' dir='ltr'>erat</span> <span class='ocrx_word' id='word_1_107' title='bbox 1316 2617 1423 2684; x_wconf 89' lang='lat' dir='ltr'>recep-</span> 
     </span>
     <span class='ocr_line' id='line_1_15' title="bbox 300 2703 1423 2793; baseline -0.001 -21"><span class='ocrx_word' id='word_1_108' title='bbox 300 2713 390 2774; x_wconf 86' lang='lat' dir='ltr'>turus</span> <span class='ocrx_word' id='word_1_109' title='bbox 406 2727 466 2793; x_wconf 90' lang='lat' dir='ltr'>pro</span> <span class='ocrx_word' id='word_1_110' title='bbox 483 2707 587 2774; x_wconf 86' lang='lat' dir='ltr'>torcia</span> <span class='ocrx_word' id='word_1_111' title='bbox 609 2703 797 2791; x_wconf 83' lang='lat' dir='ltr'>supradicte</span> <span class='ocrx_word' id='word_1_112' title='bbox 814 2710 910 2791; x_wconf 88' lang='lat' dir='ltr'>terre,</span> <span class='ocrx_word' id='word_1_113' title='bbox 926 2703 1089 2771; x_wconf 90' lang='lat' dir='ltr'>Balduino</span> <span class='ocrx_word' id='word_1_114' title='bbox 1107 2703 1224 2770; x_wconf 85' lang='lat' dir='ltr'>Comiti</span> <span class='ocrx_word' id='word_1_115' title='bbox 1242 2727 1299 2792; x_wconf 89' lang='lat' dir='ltr'>pro</span> <span class='ocrx_word' id='word_1_116' title='bbox 1317 2704 1423 2774; x_wconf 85' lang='lat' dir='ltr'>debito</span> 
     </span>
     <span class='ocr_line' id='line_1_16' title="bbox 303 2811 1422 2900; baseline -0.003 -18"><span class='ocrx_word' id='word_1_117' title='bbox 303 2833 363 2882; x_wconf 88' lang='lat' dir='ltr'>suo</span> <span class='ocrx_word' id='word_1_118' title='bbox 388 2812 571 2898; x_wconf 83' lang='lat' dir='ltr'>assignarit</span> <span class='ocrx_word' id='word_1_119' title='bbox 596 2833 704 2880; x_wconf 88' lang='lat' dir='ltr'>coram</span> <span class='ocrx_word' id='word_1_120' title='bbox 729 2813 824 2879; x_wconf 91' lang='lat' dir='ltr'>nobis</span> <span class='ocrx_word' id='word_1_121' title='bbox 856 2811 898 2876; x_wconf 89' lang='lat' dir='ltr'>ab</span> <span class='ocrx_word' id='word_1_122' title='bbox 924 2811 1039 2878; x_wconf 92' lang='lat' dir='ltr'>eodem</span> <span class='ocrx_word' id='word_1_123' title='bbox 1064 2813 1191 2880; x_wconf 81' lang='lat' dir='ltr'>Thoma</span> <span class='ocrx_word' id='word_1_124' title='bbox 1205 2813 1422 2900; x_wconf 85' lang='lat' dir='ltr'>recepiendas.</span> 
     </span>
     <span class='ocr_line' id='line_1_17' title="bbox 300 2919 1423 3008; baseline -0.001 -20"><span class='ocrx_word' id='word_1_125' title='bbox 300 2923 343 2989; x_wconf 86' lang='lat' dir='ltr'>Et</span> <span class='ocrx_word' id='word_1_126' title='bbox 358 2923 432 2988; x_wconf 89' lang='lat' dir='ltr'>huic</span> <span class='ocrx_word' id='word_1_127' title='bbox 448 2922 535 2990; x_wconf 86' lang='lat' dir='ltr'>facto</span> <span class='ocrx_word' id='word_1_128' title='bbox 550 2919 729 2990; x_wconf 89' lang='lat' dir='ltr'>Balduinus</span> <span class='ocrx_word' id='word_1_129' title='bbox 745 2921 863 2989; x_wconf 85' lang='lat' dir='ltr'>Oomcs</span> <span class='ocrx_word' id='word_1_130' title='bbox 879 2920 1098 3004; x_wconf 81' lang='lat' dir='ltr'>personaliter</span> <span class='ocrx_word' id='word_1_131' title='bbox 1124 2927 1236 2990; x_wconf 87' lang='lat' dir='ltr'>astans</span> <span class='ocrx_word' id='word_1_132' title='bbox 1252 2921 1423 3008; x_wconf 88' lang='lat' dir='ltr'>consensit,</span> 
     </span>
     <span class='ocr_line' id='line_1_18' title="bbox 300 3027 1422 3115; baseline 0 -18"><span class='ocrx_word' id='word_1_133' title='bbox 300 3030 426 3097; x_wconf 87' lang='lat' dir='ltr'>habens</span> <span class='ocrx_word' id='word_1_134' title='bbox 441 3029 651 3096; x_wconf 90' lang='lat' dir='ltr'>Benedictum</span> <span class='ocrx_word' id='word_1_135' title='bbox 668 3027 890 3113; x_wconf 88' lang='lat' dir='ltr'>supradictum</span> <span class='ocrx_word' id='word_1_136' title='bbox 905 3050 926 3095; x_wconf 88' lang='lat' dir='ltr'>a</span> <span class='ocrx_word' id='word_1_137' title='bbox 951 3027 1061 3096; x_wconf 87' lang='lat' dir='ltr'>debito</span> <span class='ocrx_word' id='word_1_138' title='bbox 1077 3029 1319 3115; x_wconf 83' lang='lat' dir='ltr'>quinquaginta</span> <span class='ocrx_word' id='word_1_139' title='bbox 1343 3051 1422 3097; x_wconf 86' lang='lat' dir='ltr'>mur·</span> 
     </span>
     <span class='ocr_line' id='line_1_19' title="bbox 300 3136 1424 3223; baseline -0.002 -18"><span class='ocrx_word' id='word_1_140' title='bbox 300 3159 428 3223; x_wconf 88' lang='lat' dir='ltr'>carum,</span> <span class='ocrx_word' id='word_1_141' title='bbox 469 3157 532 3223; x_wconf 88' lang='lat' dir='ltr'>quo</span> <span class='ocrx_word' id='word_1_142' title='bbox 570 3136 634 3202; x_wconf 88' lang='lat' dir='ltr'>sibi</span> <span class='ocrx_word' id='word_1_143' title='bbox 671 3138 854 3222; x_wconf 87' lang='lat' dir='ltr'>tenebatur,</span> <span class='ocrx_word' id='word_1_144' title='bbox 894 3136 1025 3222; x_wconf 90' lang='lat' dir='ltr'>penitus</span> <span class='ocrx_word' id='word_1_145' title='bbox 1064 3137 1264 3223; x_wconf 87' lang='lat' dir='ltr'>expeditum.</span> <span class='ocrx_word' id='word_1_146' title='bbox 1313 3141 1424 3206; x_wconf 84' lang='lat' dir='ltr'>Partes</span> 
     </span>
     <span class='ocr_line' id='line_1_20' title="bbox 299 3243 1424 3331; baseline -0.003 -18"><span class='ocrx_word' id='word_1_147' title='bbox 299 3253 409 3314; x_wconf 84' lang='lat' dir='ltr'>antem</span> <span class='ocrx_word' id='word_1_148' title='bbox 428 3245 525 3313; x_wconf 85' lang='lat' dir='ltr'>huius</span> <span class='ocrx_word' id='word_1_149' title='bbox 541 3243 742 3312; x_wconf 87' lang='lat' dir='ltr'>vendicionis</span> <span class='ocrx_word' id='word_1_150' title='bbox 769 3250 801 3311; x_wconf 92' lang='lat' dir='ltr'>et</span> <span class='ocrx_word' id='word_1_151' title='bbox 827 3243 1004 3330; x_wconf 88' lang='lat' dir='ltr'>empcionis</span> <span class='ocrx_word' id='word_1_152' title='bbox 1031 3245 1150 3312; x_wconf 87' lang='lat' dir='ltr'>seriem</span> <span class='ocrx_word' id='word_1_153' title='bbox 1176 3265 1334 3331; x_wconf 86' lang='lat' dir='ltr'>processu</span> <span class='ocrx_word' id='word_1_154' title='bbox 1351 3253 1424 3312; x_wconf 85' lang='lat' dir='ltr'>tem·</span> 
     </span>
     <span class='ocr_line' id='line_1_21' title="bbox 299 3353 1424 3442; baseline -0.001 -22"><span class='ocrx_word' id='word_1_155' title='bbox 299 3354 389 3440; x_wconf 90' lang='lat' dir='ltr'>poris</span> <span class='ocrx_word' id='word_1_156' title='bbox 404 3353 528 3422; x_wconf 85' lang='lat' dir='ltr'>violare</span> <span class='ocrx_word' id='word_1_157' title='bbox 544 3359 766 3442; x_wconf 85' lang='lat' dir='ltr'>precauentes,</span> <span class='ocrx_word' id='word_1_158' title='bbox 791 3359 960 3439; x_wconf 85' lang='lat' dir='ltr'>presentes</span> <span class='ocrx_word' id='word_1_159' title='bbox 975 3353 1100 3422; x_wconf 84' lang='lat' dir='ltr'>litteras</span> <span class='ocrx_word' id='word_1_160' title='bbox 1116 3376 1137 3421; x_wconf 89' lang='lat' dir='ltr'>a</span> <span class='ocrx_word' id='word_1_161' title='bbox 1152 3356 1249 3422; x_wconf 90' lang='lat' dir='ltr'>nobis</span> <span class='ocrx_word' id='word_1_162' title='bbox 1273 3354 1337 3422; x_wconf 89' lang='lat' dir='ltr'>sibi</span> <span class='ocrx_word' id='word_1_163' title='bbox 1353 3373 1424 3421; x_wconf 88' lang='lat' dir='ltr'>con·</span> 
     </span>
     <span class='ocr_line' id='line_1_22' title="bbox 299 3460 1421 3550; baseline -0.002 -21"><span class='ocrx_word' id='word_1_164' title='bbox 299 3463 372 3530; x_wconf 85' lang='lat' dir='ltr'>cedi</span> <span class='ocrx_word' id='word_1_165' title='bbox 395 3465 599 3548; x_wconf 84' lang='lat' dir='ltr'>postularunt</span> <span class='ocrx_word' id='word_1_166' title='bbox 623 3467 756 3550; x_wconf 87' lang='lat' dir='ltr'>propter</span> <span class='ocrx_word' id='word_1_167' title='bbox 778 3460 966 3530; x_wconf 86' lang='lat' dir='ltr'>memoriam</span> <span class='ocrx_word' id='word_1_168' title='bbox 994 3463 1042 3530; x_wconf 87' lang='lat' dir='ltr'>rei</span> <span class='ocrx_word' id='word_1_169' title='bbox 1058 3462 1092 3528; x_wconf 89' lang='lat' dir='ltr'>in</span> <span class='ocrx_word' id='word_1_170' title='bbox 1118 3468 1231 3530; x_wconf 85' lang='lat' dir='ltr'>nostra</span> <span class='ocrx_word' id='word_1_171' title='bbox 1246 3467 1339 3548; x_wconf 86' lang='lat' dir='ltr'>geste</span> <span class='ocrx_word' id='word_1_172' title='bbox 1354 3482 1421 3549; x_wconf 89' lang='lat' dir='ltr'>pre-</span> 
     </span>
     <span class='ocr_line' id='line_1_23' title="bbox 299 3567 1418 3662; baseline -0.003 -23"><span class='ocrx_word' id='word_1_173' title='bbox 299 3573 421 3639; x_wconf 84' lang='lat' dir='ltr'>sencia.</span> <span class='ocrx_word' id='word_1_174' title='bbox 451 3575 570 3638; x_wconf 86' lang='lat' dir='ltr'>Datum</span> <span class='ocrx_word' id='word_1_175' title='bbox 587 3569 721 3640; x_wconf 87' lang='lat' dir='ltr'>Budndc</span> <span class='ocrx_word' id='word_1_176' title='bbox 737 3568 823 3661; x_wconf 81' lang='lat' dir='ltr'>(lgy)</span> <span class='ocrx_word' id='word_1_177' title='bbox 840 3571 875 3638; x_wconf 94' lang='lat' dir='ltr'>in</span> <span class='ocrx_word' id='word_1_178' title='bbox 891 3571 973 3638; x_wconf 84' lang='lat' dir='ltr'>festo</span> <span class='ocrx_word' id='word_1_179' title='bbox 990 3571 1220 3659; x_wconf 85' lang='lat' dir='ltr'>Apostolorum</span> <span class='ocrx_word' id='word_1_180' title='bbox 1237 3567 1418 3662; x_wconf 67' lang='lat' dir='ltr'>Sylmonis)</span> 
     </span>
     <span class='ocr_line' id='line_1_24' title="bbox 301 3679 451 3748; baseline -0.007 -1"><span class='ocrx_word' id='word_1_181' title='bbox 301 3687 333 3748; x_wconf 86' lang='lat' dir='ltr'>et</span> <span class='ocrx_word' id='word_1_182' title='bbox 356 3679 451 3748; x_wconf 87' lang='lat' dir='ltr'>Jude.</span> 
     </span>
    </p>
   </div>
   <div class='ocr_carea' id='block_1_9' title="bbox 301 3895 1426 4055">
    <p class='ocr_par' dir='ltr' id='par_1_9' title="bbox 301 3895 1426 4055">
     <span class='ocr_line' id='line_1_25' title="bbox 301 3895 1426 3968; baseline -0.004 -18"><span class='ocrx_word' id='word_1_183' title='bbox 301 3897 439 3962; x_wconf 83' lang='lat' dir='ltr'>OEredctic</span> <span class='ocrx_word' id='word_1_184' title='bbox 458 3895 633 3965; x_wconf 66' lang='lat' dir='ltr'>bltrhdrtydm</span> <span class='ocrx_word' id='word_1_185' title='bbox 647 3913 665 3948; x_wconf 86' lang='lat' dir='ltr'>a</span> <span class='ocrx_word' id='word_1_186' title='bbox 683 3896 765 3968; x_wconf 75' lang='lat' dir='ltr'>sdrga</span> <span class='ocrx_word' id='word_1_187' title='bbox 777 3897 1008 3964; x_wconf 80' lang='lat' dir='ltr'>sclyemnsindron</span> <span class='ocrx_word' id='word_1_188' title='bbox 1033 3899 1142 3967; x_wconf 77' lang='lat' dir='ltr'>ldggott</span> <span class='ocrx_word' id='word_1_189' title='bbox 1166 3896 1257 3967; x_wconf 73' lang='lat' dir='ltr'>penset</span> <span class='ocrx_word' id='word_1_190' title='bbox 1281 3899 1426 3959; x_wconf 61' lang='grc' dir='ltr'>οἰνωθεὶς</span> 
     </span>
     <span class='ocr_line' id='line_1_26' title="bbox 601 3985 1120 4055; baseline -0.006 -13"><span class='ocrx_word' id='word_1_191' title='bbox 601 4006 619 4042; x_wconf 83' lang='lat' dir='ltr'>a</span> <span class='ocrx_word' id='word_1_192' title='bbox 630 3987 716 4046; x_wconf 84' lang='lat' dir='ltr'>budai</span> <span class='ocrx_word' id='word_1_193' title='bbox 728 3989 779 4042; x_wconf 86' lang='lat' dir='ltr'>lrir.</span> <span class='ocrx_word' id='word_1_194' title='bbox 794 3989 920 4041; x_wconf 79' lang='lat' dir='ltr'>lamanai</span> <span class='ocrx_word' id='word_1_195' title='bbox 931 3985 1120 4055; x_wconf 72' lang='lat' dir='ltr'>levtlttrban.)</span> 
     </span>
    </p>
   </div>
   <div class='ocr_carea' id='block_1_10' title="bbox 0 0 1571 5172">
    <p class='ocr_par' dir='ltr' id='par_1_10' title="bbox 0 0 1571 5172">
     <span class='ocr_line' id='line_1_27' title="bbox 0 0 1571 5172; baseline 0 0"><span class='ocrx_word' id='word_1_196' title='bbox 0 0 1571 5172; x_wconf 95' lang='lat' dir='ltr'> </span> 
     </span>
    </p>
   </div>
  </div>
 </body>
</html>
