3098 5172
647 909 724 981 147.

103 1091 233 1158 Omouc
254 1091 429 1158 nudornok
459 1092 651 1172 itdletleocle,
675 1094 758 1178 nuely
775 1091 859 1158 <titul
878 1090 976 1160 Tibor
992 1112 1089 1160 comes
1121 1091 1240 1180 Viscyd

106 1197 313 1289 adproperet,
329 1197 454 1266 Rdoold
469 1200 718 1282 uddornulrfiac'
743 1200 827 1265 dltul
850 1199 928 1264 nelei
952 1200 1130 1287 dtenqedctt
1143 1199 1238 1270 hirto·

408 1305 517 1373 kdban
541 1307 915 1393 moperdeittetik.1296.

218 1499 338 1568 Datum
354 1519 412 1586 pro
422 1499 588 1586 memoria,
600 1499 687 1584 quod
703 1521 777 1568 cum
792 1501 884 1568 iuxta
900 1503 1141 1570 continenciam
1150 1501 1236 1588 prio·

104 1629 181 1676 rum
197 1607 379 1676 litterarum
395 1617 577 1676 nostrarum
605 1609 720 1676 Comes
745 1609 927 1693 'l'yburcius
951 1608 993 1678 de
1007 1608 1095 1678 Keer
1110 1629 1168 1695 pro
1184 1606 1238 1678 Jo·

108 1715 223 1784 lanne
238 1716 324 1782 dicto
339 1714 482 1782 Kochwr
491 1716 560 1786 filio
575 1715 706 1783 Nicolai
721 1714 823 1782 fratre
838 1735 897 1783 suo
914 1715 1016 1801 primo
1032 1716 1238 1802 contraRey·

108 1821 245 1891 coldum
259 1823 456 1910 Palatinum,
467 1821 716 1908 etpostmodum
738 1829 851 1890 contra
866 1825 995 1890 Petrum
1011 1829 1043 1890 et
1057 1823 1135 1891 Jula
1153 1823 1239 1892 filios

110 1929 258 1998 eiusdem
269 1928 414 1997 Palatini
423 1937 550 2000 mortuo
566 1934 659 2015 patre
675 1948 786 1995 eorum
801 1949 899 2014 super
914 1929 1054 2014 quadam
1070 1933 1158 1998 terra
1167 1929 1239 2001 Vis·

107 2037 165 2105 nio
177 2045 309 2124 vocata,
326 2037 781 2125 quampredictnsPalatinus
792 2045 968 2105 memorato
987 2039 1130 2106 Johauni
1145 2038 1239 2108 titulo

109 2143 293 2227 concambij
319 2145 484 2212 mediante
509 2141 684 2229 priuilegio
710 2141 830 2208 domini
853 2142 1005 2211 Ladinlai
1020 2145 1119 2230 Regis
1135 2145 1239 2215 incliti

107 2249 305 2339 contulerat,
321 2271 433 2319 coram
443 2251 540 2318 nobis
550 2259 659 2317 tamen
670 2247 805 2334 dyucius
816 2249 1016 2338 ventilasset,
1033 2252 1076 2318 ad
1091 2253 1239 2322 vltimum

109 2376 169 2444 per
184 2357 327 2425 sormam
339 2357 560 2444 judiciariam,
571 2356 700 2424 sicutin
717 2357 835 2423 litteris
851 2357 969 2424 nostris
986 2359 1238 2450 memorialibus,

106 2463 255 2551 Capituli
270 2464 440 2550 Agriensis
458 2463 688 2532 etGonusntus
704 2461 746 2530 de
762 2465 876 2532 Janow
891 2483 990 2549 super
1006 2465 1068 2533 hoc
1085 2468 1239 2538 confectis

110 2571 420 2656 nobis'presentatis
444 2569 585 2639 vidimus
616 2570 793 2655 contineri,
826 2569 963 2636 eandem
978 2577 1098 2638 terram
1114 2573 1239 2663 Visnyo

109 2697 185 2746 cum
201 2677 407 2766 plenitudine
423 2677 473 2746 sui
484 2679 570 2764 juris
586 2674 744 2743 dederunt
760 2685 792 2743 et
807 2679 1014 2744 contulerunt
1030 2680 1121 2748 iuxta
1137 2683 1239 2750 conti·

109 2785 264 2855 uenciam
280 2784 443 2872 priuilegij
461 2783 598 2870 predicti
608 2782 732 2850 domini
741 2782 840 2866 Regis
856 2783 921 2850 iam
938 2785 1025 2851 dicto
1041 2786 1159 2854 Gorniti
1174 2789 1239 2875 'ly-

108 2893 222 2962 burcio
238 2891 378 2980 predicti
393 2894 451 2980 filij
469 2889 630 2976 Reynoldi
645 2891 718 2958 iure
741 2897 898 2976 perpetuo
924 2899 956 2957 et
980 2893 1240 2964 irreuocabiliter

108 2999 355 3087 possidendam.
375 3000 417 3066 llt
432 3000 508 3084 quia
523 3019 582 3084 per
598 2996 730 3064 Petrum
745 2996 848 3063 filium
863 2997 1014 3080 Magistri
1029 2998 1182 3088 Pctenye,
1198 3019 1240 3069 ne

109 3108 260 3193 predicto
277 3105 395 3173 comiti
419 3105 584 3192 'l'ybnrcio
610 3100 724 3171 eadem
740 3109 832 3168 terra
847 3107 1062 3191 statueretur,
1080 3107 1241 3174 contradi·

108 3213 264 3300 cebatur,
281 3213 387 3301 primo
402 3233 462 3299 per
487 3211 648 3279 officiales
673 3229 750 3278 suos
760 3261 770 3298 ,
788 3229 921 3293 quorum
938 3210 1072 3278 nomina
1089 3221 1121 3282 et
1136 3233 1240 3285 asser.

111 3321 222 3389 ciones
238 3319 274 3388 in
289 3320 409 3388 litteris
436 3315 677 3387 memorialibus
704 3315 848 3402 Capituli
876 3315 1090 3408 continentur,
1107 3328 1139 3386 et
1153 3330 1241 3408 post·

108 3428 246 3497 modum
261 3445 319 3514 per
333 3447 370 3496 se
385 3427 493 3513 ipsum
508 3444 619 3493 coram
634 3424 729 3492 nobis
747 3427 964 3509 personaliter
988 3416 1240 3520 comparentem,

109 3537 252 3604 relatum
269 3534 377 3602 extitit
408 3541 442 3602 et
456 3532 702 3601 sentencialiter
716 3531 916 3620 diffinitum,
948 3534 1034 3618 quod
1058 3537 1240 3620 predictam

108 3649 233 3711 terram
249 3641 375 3727 Visnyo
390 3658 449 3726 per
464 3639 547 3706 lilios
573 3637 733 3706 iamdicti
759 3640 903 3707 Palatini
928 3642 1094 3728 sepedicto
1121 3642 1240 3713 comiti

109 3747 279 3836 'l'ybnrcio
303 3747 373 3814 iure
397 3753 554 3833 perpetuo
569 3745 705 3832 pacifice
729 3747 875 3814 totaliter
899 3747 1072 3833 possidere
1095 3750 1243 3836 permisit
1373 3773 1378 3776 ·

109 3851 383 3924 conseruandam.
399 3853 518 3920 Datum
534 3854 569 3918 in
595 3853 723 3922 Gwnch
749 3847 783 3920 in
800 3854 925 3922 octauis
941 3856 1133 3925 Natiuitatis
1148 3857 1242 3929 Beati

107 3960 276 4032 Jolranuis
298 3960 448 4048 Baptiste
472 3978 561 4027 anno
588 3959 723 4026 Domini
747 3959 919 4029 millesimo
944 3961 1013 4030 00⁰
1028 3965 1241 4050 nonagesimo

110 4077 218 4140 sexto.

107 4233 210 4299 <Garsi
222 4231 322 4287 matos
334 4229 474 4287 nddornalr
488 4233 601 4286 ttookr
623 4227 851 4297 itdlstlcvsltbdlr
867 4247 885 4286 a
897 4233 981 4287 budei
992 4233 1047 4290 kir.
1059 4233 1183 4288 kamarai
1202 4235 1241 4290 ls-

594 4317 757 4390 valtdrbau.)

575 4587 786 4606 m
