3170 5166
605 285 755 382 „em

122 481 219 549 eidem
237 479 335 546 Petro
351 477 482 545 racione
497 497 628 546 suorum
643 477 853 546 seruioiorum
870 479 965 546 nobis
979 478 1115 547 fideliter
1130 481 1246 568 inpen-

122 607 222 656 sorum
247 585 400 651 duximus
424 583 650 670 relaxandum,
675 590 708 650 et
732 584 822 652 aliud
847 583 955 654 iacere
970 605 1035 654 non
1051 587 1251 670 presumatis

122 691 182 760 ullo
195 693 301 765 modo.
317 693 440 760 Datum
456 693 549 762 Budc
564 693 667 762 tercio
684 691 738 760 die
758 693 994 778 quindenarum
1020 691 1194 783 Ph(ilippi)
1212 704 1246 762 et

122 798 231 868 Jacobi
245 797 488 885 Apostolorum.

218 903 358 973 Kirttl
381 907 593 994 egykoru
615 905 730 974 iras:
754 907 912 992 Magistro
935 909 1059 978 Jacobo
1085 910 1161 976 aule
1187 929 1247 977 sue

124 1011 245 1081 notario
263 1019 297 1079 et
311 1011 469 1097 Magistro
485 1013 623 1082 Nicolao
639 1013 705 1081 silio
722 1014 815 1081 Pauli
833 1015 1057 1085 collectoribus
1073 1015 1168 1085 vuius
1185 1015 1250 1083 ser-

124 1119 203 1186 tonis
218 1119 253 1185 in
271 1117 435 1188 comitatu
453 1119 495 1187 de
510 1121 665 1189 Zothmar
680 1123 871 1192 constitutis.

122 1315 252 1379 (Eredctis
264 1313 442 1382 bbrhstrtyriu,
452 1317 580 1382 melynclr
592 1313 719 1370 britelmus
731 1317 783 1370 oda
794 1326 916 1385 nyomott
926 1317 1027 1386 kirblyi
1040 1317 1132 1387 pecstt
1143 1321 1168 1373 le
1184 1316 1250 1372 metl-

383 1407 443 1468 lott,
455 1421 473 1458 a
485 1410 599 1460 nemzeti
611 1423 732 1459 museum
745 1405 982 1474 lrbcirsttbratbau.)

580 1656 794 1666 —-—-·---—.

121 2083 183 2148 Ill.
200 2083 504 2168 Budrclcirctlynulc
524 2105 694 2168 pascuosa
725 2107 746 2148 c
777 2085 873 2170 9μόνί
903 2083 1131 2172 kdptalocboz,
1163 2087 1244 2170 boyy

121 2192 208 2258 Oculi
221 2193 459 2277 memaetslqbali
476 2190 574 2255 Murlc
589 2201 698 2258 mester
713 2197 744 2258 e's
760 2193 903 2257 testce'rei
927 2191 1084 2272 jocaibaa
1101 2191 1251 2278 bosorje-

459 2304 516 2365 φάο
531 2300 700 2365 tortasselc.
718 2275 769 2363 liv
784 2299 902 2365 nubat.

221 2491 373 2562 Andreas
388 2492 452 2558 Dei
468 2492 581 2576 gracia
597 2493 666 2559 Rex
684 2455 852 2578 Hungarie
867 2493 1018 2562 fidelibus
1049 2493 1116 2562 suis
1148 2492 1247 2580 Capi-

121 2603 183 2668 tulo
202 2589 372 2671 ‚lauriensi
388 2599 527 2668 salutem
544 2606 576 2666 et
607 2601 763 2682 graciam.
804 2599 975 2668 Fidelitati
1005 2608 1117 2671 vestre
1148 2603 1249 2688 preci-

119 2708 237 2794 piendo
253 2707 462 2795 mandamus,
478 2713 637 2792 quatenus
654 2715 797 2774 vestrum
814 2707 897 2777 detis
929 2709 1163 2794 testimouium,
1195 2731 1249 2776 co·

120 2835 184 2881 ram
201 2835 268 2899 quo
285 2813 481 2898 Obulganus
498 2811 616 2880 nobilis
633 2812 674 2879 de
690 2813 799 2880 Bozeh
815 2815 912 2882 homo
926 2821 1037 2883 noster
1062 2818 1242 2886 reambulst

118 2921 346 3006 possessiones
361 2940 419 2987 seu
436 2925 541 2987 terras
555 2920 705 3005 Magistri
717 2920 812 2986 Mark
826 2927 859 2988 et
874 2919 1011 2988 fratrum
1022 2942 1151 2989 suorum
1162 2922 1245 2990 lilio-

117 3047 186 3094 rum
203 3025 339 3096 Comitis
355 3025 491 3111 Georgij
510 3025 552 3092 de
569 3045 695 3111 genere
712 3024 802 3112 Osul,
820 3026 961 3115 Peohen,
994 3026 1196 3094 Thartholulr
1212 3036 1245 3096 et

117 3134 272 3204 Vamarol
303 3140 437 3202 vocatas
454 3153 564 3201 coram
581 3133 810 3202 commetaneis
826 3139 858 3203 et
873 3132 998 3223 vicinia,
1014 3140 1119 3200 metas
1143 3153 1247 3202 nouus

116 3243 208 3311 iuxta
223 3249 352 3311 ueteres
369 3239 535 3330 erigendo,
557 3239 585 3309 si
601 3260 665 3307 non
681 3239 779 3309 fuerit
795 3240 1043 3324 contradictum,
1068 3242 1248 3309 contradic-

116 3350 244 3420 toribus
261 3349 305 3417 ad
319 3355 467 3418 cosmam
478 3348 682 3437 presenciam
699 3349 861 3435 euocatis;
889 3355 921 3418 et
936 3357 1011 3436 post
1025 3349 1089 3420 hec¹
1101 3349 1187 3418 ‹liem
1204 3350 1246 3417 oi·

115 3458 268 3545 taciouis,
285 3457 461 3525 terminum
476 3457 692 3545 assignatum,
703 3456 839 3525 nomina
855 3457 1139 3546 contradictorum,
1156 3463 1189 3526 et
1204 3459 1246 3525 ci·

114 3573 269 3654 tutorum,
287 3572 320 3635 et
335 3565 453 3634 seriem
470 3564 575 3633 tocius
590 3564 669 3632 facti
684 3565 780 3633 nobis
794 3563 937 3633 fideliter
953 3564 1153 3633 rescribatis.
1178 3564 1244 3630 Da·

114 3679 183 3743 tum
199 3670 296 3742 Bude
311 3672 346 3740 iu
363 3672 506 3742 crastino
522 3677 712 3742 octauamm
723 3671 836 3741 Sancti
845 3672 1027 3759 llyohaelis
1038 3670 1244 3756 Archangeli.

225 3780 448 3849 Hatulrbl
481 3799 749 3870 ugyanazou
787 3780 966 3850 keuzel:
1003 3777 1248 3865 OcpituloJau-

114 3888 219 3958 riensi
237 3909 296 3974 pro
312 3889 390 3977 filijs
405 3889 541 3959 comitis
558 3889 699 3975 Georgij.

115 4084 260 4148 (Eredetie
279 4082 454 4152 bbrhtrtyln,
468 4101 485 4138 a
498 4084 638 4154 strpecsbt
650 4083 709 4139 mbr
722 4083 867 4144 lehullott;
881 4097 897 4132 a
923 4100 1008 4154 noma.
1036 4098 1158 4133 murrum
1185 4081 1248 4134 kez-

589 4173 776 4242 ircttlraibcu.)

580 4375 791 4388 -Μ

165 4577 236 4618 mors.
253 4577 334 4616 truso.
351 4577 420 4614 uusr.
438 4589 482 4598 --
498 4581 570 4616 urse.
606 4573 641 4616 18.
