3112 5158
363 495 455 560 aione
472 491 664 557 audiuimus.
692 491 798 574 Super
823 489 939 572 quibus
970 491 1116 556 omnibus
1147 492 1293 575 grauiter
1319 489 1419 556 afflicti
1443 497 1468 554 et

362 599 551 685 perturbati,
568 598 612 663 ad
628 598 822 664 instanciam
840 603 872 664 et
888 617 1002 682 preces
1017 598 1136 664 multas
1161 599 1302 664 omnium
1329 599 1467 681 suffraga-

361 728 494 774 neorum
511 713 704 790 nostrorum,
723 705 777 786 qui
793 711 962 788 presentes
979 706 1012 769 in
1029 703 1113 771 festo
1130 705 1242 771 Sancti
1259 706 1388 787 Domnij
1406 706 1469 770 erti-

360 819 485 896 terunt;
503 811 610 878 taliter
630 819 738 876 vestre
754 810 951 876 fraternitati
968 811 1146 897 scribimus,
1165 820 1196 878 et
1213 831 1272 896 per
1282 812 1342 876 hoc
1352 831 1470 895 presens

360 923 514 1006 scriptum
530 923 678 983 nostrum
695 917 827 984 tirmiter
843 925 874 982 et
891 917 1044 984 destricte
1055 917 1249 1002 precipimus
1261 919 1469 1002 etprecipien-

361 1028 402 1093 do
420 1024 624 1108 mandamus,
640 1031 800 1106 quatenus
811 1024 843 1090 in
861 1031 966 1110 antea,
979 1024 1036 1111 (si)
1048 1025 1192 1110 graciam
1209 1025 1302 1092 Beati
1314 1027 1468 1107 Domnijet

360 1139 504 1200 nostram
520 1152 629 1198 caram
648 1131 786 1216 habetis,
798 1137 830 1197 et
840 1131 917 1198 dicti
933 1132 1071 1218 Concilij
1089 1152 1206 1216 penam
1223 1133 1325 1200 vultis
1336 1135 1468 1218 effugere,

361 1239 551 1324 supradicta
566 1237 755 1305 nullatenus
773 1238 984 1324 attemptatis,
1000 1247 1032 1304 et
1058 1241 1092 1302 in
1118 1238 1274 1323 predictis
1300 1241 1468 1306 nullatenus

361 1344 537 1414 excedatis.
554 1345 705 1427 Alioquin
721 1344 981 1428 indignacionem
1000 1345 1093 1410 Beati
1113 1346 1242 1422 Domnij
1272 1355 1305 1411 et
1330 1354 1466 1426 nostran,

361 1473 401 1518 ac
416 1447 594 1538 supradicti
611 1451 745 1536 Concilij
763 1473 891 1536 penam,
907 1453 934 1518 si
951 1459 1064 1518 eontra
1079 1451 1232 1534 feceritis,
1252 1453 1360 1535 procul
1384 1451 1465 1516 dnbio

360 1559 540 1626 incurretis.
564 1559 650 1626 Data
667 1558 793 1644 Spoleti
810 1561 842 1624 in
860 1559 986 1642 palacio
1002 1558 1283 1644 Archlepisecpali
1301 1559 1353 1625 die
1369 1559 1464 1624 Martis

359 1667 432 1734 XII.
449 1666 546 1752 Madij
565 1665 648 1732 infru
663 1674 796 1734 octenas
812 1667 907 1734 Beati
923 1667 1088 1756 Dompnij‚
1104 1667 1286 1736 indiccione
1304 1677 1402 1736 sexta.

591 1863 713 1928 (Lucius,
727 1865 857 1916 Memoris
869 1865 985 1916 storiche
1005 1865 1048 1915 die
1062 1866 1136 1917 Trau
1154 1866 1213 1915 134.
1227 1865 1256 1932 l.)

844 2147 1057 2162 nm·

910 2667 965 2736 80.

363 2868 508 2931 Demeter
523 2876 635 2930 caestor·
651 2866 1229 2951 zdlyunrc'sdiepciaaulcjele'nteueIII.
1247 2868 1357 2930 Badra
1366 2866 1470 2947 leirdly-

362 2977 418 3038 toz
434 2995 470 3037 aa
495 2971 604 3036 arenul:
620 2972 688 3038 tb'bb
706 2974 776 3034 br'oe
793 2978 940 3036 radendae
957 2973 1046 3036 adult
1074 2971 1333 3058 Hebcr'ebefclyo'
1358 2971 1471 3036 melletti

291 3073 294 3080 ¹
613 3079 715 3144 eil-cole
732 3079 915 3164 adomclnyo
932 3079 1121 3165 tdrpydbon.
1139 3079 1237 3144 1293.

467 3270 750 3339 Excellentissimo
769 3272 898 3338 domino
917 3293 974 3339 suo
991 3275 1120 3339 Andree
1131 3273 1193 3338 Dei
1210 3273 1322 3356 gracia
1332 3271 1469 3339 Illustris·
1536 3263 1537 3287 ³

361 3383 443 3448 simo
467 3379 548 3464 Regi
574 3377 740 3464 Hungarie
775 3381 930 3462 Magister
958 3383 1138 3447 ilemetrius
1165 3380 1280 3446 Comes
1307 3380 1347 3444 de
1371 3379 1470 3443 Zoton

361 3488 468 3554 debite
484 3486 651 3554 fidelitatis
668 3489 860 3570 obsequium
877 3507 949 3552 erum
968 3489 1096 3554 timore.
1114 3489 1258 3572 Recepto
1270 3485 1417 3552 mandato
1440 3491 1465 3548 et

360 3604 513 3681 precepto
529 3595 643 3661 Uestre
660 3595 882 3680 Celsitndinis‚
903 3616 974 3660 num
993 3597 1149 3678 Magistro
1166 3595 1262 3660 Petro
1290 3596 1363 3660 aule
1379 3599 1471 3658 uestre

361 3703 477 3770 clerieo
494 3703 656 3769 hominem
677 3712 821 3768 nostrum
839 3704 969 3769 nomine
994 3703 1189 3787 Prencylum
1216 3723 1274 3786 pro
1301 3697 1470 3766 testimonio

361 3817 469 3874 nostro
488 3810 632 3876 misimus
658 3810 855 3893 fidedignum
877 3811 919 3876 ad
945 3809 1211 3878 reambulandam
1239 3815 1359 3874 terram
1384 3805 1469 3889 llplm

325 3907 330 3912 ’
360 3915 418 4000 filij
436 3916 574 4004 Radun‚
601 3918 769 3984 Benedicti
796 3925 828 3984 et
853 3917 987 3984 fratrum
1015 3937 1143 3984 suorum
1171 3915 1309 3982 filiorum
1335 3909 1465 3980 dodach,

362 4024 439 4091 item
457 4024 588 4108 Phyllpi
613 4025 672 4108 filij
700 4025 832 4111 Thomu,
865 4035 897 4090 et
927 4023 1037 4090 sratris
1069 4023 1212 4090 eiusdem
1243 4023 1391 4106 Nycolay
1420 4014 1466 4095 filij

360 4132 512 4216 Wollran,
530 4141 562 4197 et
577 4133 683 4218 Bytou
707 4152 746 4198 ac
762 4131 896 4200 fratrum
913 4153 1042 4200 suorum
1060 4131 1196 4198 filiorum
1213 4129 1337 4216 Tobye,
1363 4123 1466 4192 heredi·

360 4239 474 4304 teriam
492 4239 617 4306 seilicet
633 4240 774 4325 ipsorum
801 4241 884 4306 inter
911 4240 1028 4306 fluuios
1055 4241 1253 4323 Waranysta
1281 4245 1312 4302 et
1335 4229 1465 4310 Lococha

361 4354 493 4414 uocatos
519 4348 731 4433 adiacentem,
761 4357 792 4415 et
818 4349 982 4431 quuandam
1007 4346 1200 4434 particulam
1227 4351 1311 4412 torre
1342 4346 1464 4428 ipsorum

360 4454 454 4520 iuxta
478 4453 619 4520 riuulum
646 4456 815 4523 Heburche
840 4457 1019 4540 existentis,
1046 4475 1140 4542 super
1166 4473 1228 4536 qua
1253 4475 1313 4538 per
1336 4445 1465 4519 custodes

360 4562 515 4630 siluarum
533 4569 712 4630 nostrarum
730 4562 769 4631 de
786 4564 901 4632 Badun
917 4564 1017 4651 ijdenr
1033 4563 1272 4648 impetebantur
1297 4579 1398 4628 corum
1420 4573 1463 4619 110·
1534 4583 1535 4630 1
