3120 5172
618 312 780 422 ...Q

120 506 286 575 :stationis
303 511 335 574 et
347 505 487 572 dicendo
515 511 714 591 protestatus
741 512 802 592 est,
829 507 916 589 quod
942 507 1100 592 Magister
1124 509 1263 596 Gyletus

127 614 213 682 filius
230 613 344 699 Gyleti
360 613 468 699 ipsum
485 612 526 680 de
540 613 809 697 possessionibus
826 613 896 682 suis
915 616 1108 700 effugasset,
1134 623 1166 683 et
1191 637 1266 702 pos-

127 721 294 788 sessiones
310 739 387 787 suas
405 719 630 808 destruxisset,
647 725 680 787 et
697 719 791 788 uitari
806 721 929 790 faceret
957 724 1097 792 eundem
1120 724 1154 790 in
1179 723 1264 792 faeie

128 827 372 914 possessionum
388 825 585 912 earundem;
603 827 646 893 ad
662 827 754 894 ouius
770 827 940 894 eitaoionis
956 831 1074 899 seriem
1099 849 1263 916 exequen-

135 934 212 1000 dam
228 936 270 1001 oh
286 941 407 1002 metum
423 933 732 1018 eiusdemlMagistri
749 932 859 1020 Gyleti
876 935 1034 1004 accedere
1058 935 1260 1022 formidaret,

136 1061 173 1108 oo
190 1040 277 1124 qnod
293 1061 394 1107 unum
410 1039 544 1108 fratrem
560 1039 663 1125 ipsius
680 1041 787 1109 oeeidi
803 1049 835 1108 et
850 1041 1045 1111 seruientem
1070 1063 1163 1110 suum
1189 1045 1260 1111 uul-

127 1147 242 1214 nehari
257 1147 371 1215 feeerit
385 1149 420 1214 in
435 1147 540 1233 ipsius
554 1149 769 1233 preiudioium
786 1157 818 1216 et
835 1149 1004 1216 iacturam.
1020 1151 1141 1218 Datum
1163 1149 1262 1228 Quin·

124 1254 368 1337 ·que·Eeelesiis
403 1254 437 1322 in
469 1259 595 1322 oetauis
626 1255 811 1340 Epiphania
840 1255 973 1322 Domini
1016 1277 1101 1324 anno
1132 1257 1264 1324 Domini

131 1359 252 1426 ΜῠΟΟο
272 1363 485 1445 nonagesimo
501 1383 596 1429 nono.
836 1376 840 1383 '

124 1553 278 1624 (Eredetie,
291 1553 472 1622 bdrhdrtydu,
485 1558 612 1623 molynek
625 1558 752 1625 kdlsh'leg
764 1561 817 1610 oda
829 1564 941 1624 nyomot
950 1556 1106 1626 sarpeesdte
1116 1557 1174 1610 misr
1192 1560 1265 1611 alvo.

403 1651 482 1708 szett,
495 1661 511 1696 a
524 1661 610 1698 nema.
625 1664 747 1699 munaum
765 1643 1004 1712 kdsirattdrlsban.)

587 1927 798 1940 ——u—

685 2514 763 2580 224.

127 2710 159 2775 A
176 2711 262 2780 brissi
277 2713 507 2798 ledptalaaraak
517 2711 793 2798 dizonpsdplevele‚
809 2711 893 2800 dopy
908 2711 972 2776 Pcil
988 2722 1110 2794 mester,
1133 2710 1259 2774 Tamds·

127 2820 193 2883 malt
202 2820 266 2904 fio,
281 2817 386 2883 Deitas
401 2839 501 2883 eomes
516 2820 548 2880 e'a
565 2816 732 2882 Marianas
749 2817 859 2882 Endre
884 2819 1013 2882 bannale
1031 2818 1084 2901 fia
1108 2818 1259 2882 elleaddao

128 2925 215 2990 Meae
229 2934 310 2990 mevit
317 2924 457 3010 soldrad
473 2923 648 2990 birtoddrol
665 2925 696 2989 aa
713 2947 734 2988 a
751 2925 991 3010 atthrahitur-pi
1015 2926 1126 2988 adsciri
1140 2925 1258 3008 joprdl

547 3033 730 3098 iemoadott.
748 3031 844 3096 1299.

478 3197 507 3255 A
668 3190 696 3254 B
903 3188 928 3254 C

239 3385 426 3472 capitulum
443 3384 588 3451 Eoolesie
604 3383 795 3450 Baohiensis
812 3383 962 3450 omnihus
978 3381 1097 3448 Christi
1107 3380 1260 3452 fidelibus

124 3498 302 3577 presentes
326 3492 454 3558 litteras
479 3491 675 3578 inspecturis
698 3492 839 3559 salutem
863 3491 897 3556 in
923 3491 1063 3557 omnium
1091 3489 1257 3582 saluatore

126 3600 180 3666 Ad
206 3598 433 3666 uniuersorum
458 3599 613 3666 noticiam
639 3597 753 3683 harum
779 3599 864 3666 serie
899 3596 1048 3664 uolumus
1073 3597 1257 3680 peruenire,

121 3704 215 3788 qnod
231 3704 400 3772 constituti
416 3725 524 3771 eoram
539 3704 633 3770 nobis
648 3705 806 3788 Magister
821 3703 944 3770 Paulus
959 3703 1045 3769 filius
1071 3700 1197 3769 Thome
1223 3705 1259 3769 ii·

126 3813 162 3897 lij
181 3811 270 3876 Petri
287 3810 329 3876 ab
345 3831 411 3876 una
436 3817 539 3896 parte,
568 3811 681 3878 Comes
707 3810 887 3898 Dyonisius
911 3809 997 3876 filius
1021 3809 1200 3896 Luehardi,
1227 3815 1260 3876 et

125 3920 298 3986 Mortunus
312 3917 399 3984 filius
415 3917 544 3983 Endree
560 3916 645 3984 Bani
661 3937 702 3983 ex
719 3917 842 4000 altera;
859 3915 946 3982 idem
962 3915 1121 3999 Magister
1131 3915 1257 3984 Paulus

124 4021 300 4110 quandam}
316 4030 436 4088 terram
453 4023 603 4091 Eoolesie
615 4021 808 4110 Dyonisijfet
818 4023 984 4091 Mortunns
994 4021 1209 4108 predictorum
1221 4025 1257 4089 in

124 4131 250 4198 honore
265 4130 376 4197 Sanoti
391 4129 491 4214 Regis
506 4129 666 4214 Stephani
676 4129 762 4196 ultra
771 4130 906 4196 fluuium
916 4131 1005 4196 Bona
1015 4125 1149 4196 fundate
1167 4131 1260 4206 Mene

125 4239 340 4324 nominatam,
358 4239 401 4304 ab
417 4240 482 4306 ista
496 4245 591 4324 parte
616 4237 718 4326 ipsius
743 4238 833 4322 flouij
860 4239 949 4306 Bona
974 4239 1177 4320 existentem,
1202 4235 1259 4302 ubi

125 4353 179 4414 est
194 4351 309 4432 portus
324 4363 422 4429 super
448 4346 521 4428 ipso
546 4345 644 4410 fluuio
669 4347 756 4411 Bona
783 4343 921 4412 tendens
945 4363 1061 4412 nemus
1087 4343 1258 4411 eoolesiam

126 4451 369 4537 supradictam,
385 4469 425 4517 ao
442 4450 605 4536 quoddam
617 4450 721 4518 forum
733 4451 965 4520 Cheturtekhel
975 4457 1127 4522 noeatum
1139 4473 1147 4534 ς
1159 4469 1258 4534 quam

123 4566 249 4626 terram
266 4564 298 4624 et
312 4556 417 4626 forum
433 4557 553 4642 prefati
567 4558 727 4641 Magister
742 4557 884 4626 Thomas
899 4558 985 4626 adue
1001 4581 1041 4628 eo
1056 4559 1199 4643 uiuente,
1225 4563 1260 4621 et
