3112 5158
848 316 892 381 82

797 397 963 417 -ῥ

316 521 433 598 eatam,
448 511 502 578 rbi
520 509 654 577 vlteriue
671 509 829 575 currendo
855 507 1062 590 coniungitur
1084 508 1212 574 euidam
1238 509 1336 578 fluuio
1352 509 1442 578 deze-

314 639 377 687 neu
393 625 600 704 unumpate,
632 617 688 684 vbi
719 623 793 682 eunt
817 617 880 682 due
911 621 997 682 mete
1013 622 1115 682 terroe
1125 669 1134 701 ‚
1168 623 1200 682 et
1216 616 1292 685 inde
1308 619 1442 688 alteriue

317 747 411 795 enum
426 747 561 810 aureum,
579 723 730 792 faciendo
762 724 937 791 reflectitur
967 723 1010 788 ad
1036 730 1163 806 partem
1195 723 1388 793 orientalem
1406 729 1442 792 in

315 833 427 900 eodem
443 832 552 918 fluuio,
569 839 601 898 et
618 831 699 898 satio
715 830 748 896 in
764 833 850 897 bono
866 830 978 916 epaeio
994 829 1110 916 eundo,
1128 831 1195 896 exit
1211 831 1253 898 ab
1270 831 1383 898 eodem
1399 834 1443 899 ad

315 947 440 1024 partem
457 917 721 1025 meridionalem,
749 939 802 1006 vbi
822 945 897 1006 sunt
913 935 976 1002 due
990 943 1074 1004 mete
1090 941 1212 1023 terree3
1229 937 1347 1006 deinde
1363 941 1440 1007 vlte-

313 1049 380 1116 riuo
396 1049 455 1115 iter
470 1069 561 1115 sunm
591 1045 742 1114 faciendo
768 1053 800 1112 et
825 1045 1038 1112 dinomrendo
1054 1045 1160 1112 adhue
1186 1049 1293 1132 magle
1309 1045 1353 1114 ad
1370 1049 1440 1134 pla·

313 1174 388 1238 gam
402 1153 646 1222 meridionalem
663 1153 843 1239 pertransit
868 1153 1032 1234 quandam
1059 1152 1194 1237 siluam,
1213 1151 1254 1219 de
1271 1173 1336 1235 qua
1353 1154 1440 1222 silua

311 1255 445 1329 vlteriue
460 1260 667 1346 procedendo
687 1259 836 1345 peruenit
848 1267 879 1326 et
904 1259 1009 1343 iungit
1032 1279 1128 1326 unum
1157 1280 1309 1344 eampum
1325 1263 1438 1330 Niree-

314 1388 425 1456 money
441 1368 662 1455 nominatum,
689 1367 744 1433 vbi
770 1373 844 1433 eunt
860 1366 923 1433 due
949 1373 1034 1434 mete
1058 1373 1180 1454 terree;
1207 1374 1240 1432 et
1255 1367 1332 1434 inde
1359 1371 1439 1437 vlte

311 1475 378 1544 rins
395 1497 524 1544 orreum
539 1495 633 1543 enum
644 1473 976 1542 faoiendorefleotitnr
987 1473 1030 1540 ad
1047 1481 1172 1560 partem
1189 1473 1432 1564 occidentalem,

315 1593 347 1652 et
362 1583 573 1650 discurrendo
604 1590 636 1649 et
646 1579 844 1649 transuendo
863 1583 997 1650 alteriue
1024 1585 1195 1667 perueniet
1217 1583 1260 1650 ad
1276 1584 1440 1668 quendam

311 1699 454 1758 meatum
489 1689 588 1759 rinuli
613 1691 783 1776 Rakatias,
819 1689 874 1774 qui
899 1690 1068 1774 coniungit
1101 1689 1264 1774 quendam
1297 1693 1438 1762 rinulum

312 1799 442 1866 Zathlra
457 1799 588 1884 dietum,
606 1796 650 1864 ad
666 1818 762 1881 quem
779 1803 855 1864 sunt
881 1795 943 1862 due
953 1805 1038 1862 mete
1062 1805 1183 1883 terree5
1202 1806 1234 1865 et
1259 1799 1335 1867 inde
1351 1801 1433 1869 vlte-

317 1908 385 1975 riue
410 1905 567 1972 enrrondo
585 1906 618 1971 in
636 1906 749 1973 eodem
765 1907 873 1972 riuulo
891 1905 1037 1970 extendit
1062 1925 1098 1972 ee
1123 1905 1167 1972 ad
1193 1915 1318 1990 partem
1344 1911 1442 1977 meri-

319 2016 493 2102 dionalem,
518 2023 550 2080 et
589 2013 724 2079 vlterius
751 2011 957 2097 procedendo
984 2013 1017 2077 in
1046 2011 1159 2078 eodem
1186 2011 1290 2082 dietus
1315 2017 1444 2085 riunlus

320 2123 451 2190 Zathka
468 2121 556 2188 eadit
570 2121 605 2186 in
621 2120 753 2186 fluuium
779 2120 936 2185 Zuoeiolre
963 2121 1172 2208 nominatum,
1198 2122 1252 2190 vbi
1280 2131 1355 2190 tunt
1379 2127 1446 2192 due

321 2237 405 2297 mete
421 2237 543 2314 terree5
561 2237 593 2295 et
611 2229 686 2296 inde
701 2229 836 2296 vlteriae
852 2228 885 2293 in
902 2226 1014 2294 eodem
1032 2229 1128 2296 fluuio
1153 2230 1311 2298 Zueeiehe
1336 2232 1448 2298 eundo

316 2358 491 2426 parumper
508 2336 676 2408 deseendit
691 2335 733 2402 ad
749 2343 874 2423 partem
899 2335 1145 2404 meridionalem
1170 2339 1212 2404 ab
1238 2338 1362 2425 eodem,
1386 2339 1450 2406 vbi

315 2453 364 2517 ent
379 2467 443 2513 vna
458 2453 543 2512 meta
559 2453 683 2530 terrea;
701 2451 732 2510 et
748 2444 868 2512 abhine
878 2445 1014 2512 vlteriue
1026 2445 1184 2513 ourrendo
1201 2447 1289 2512 eadit
1298 2448 1450 2531 inquen-

314 2552 390 2620 dam
406 2551 660 2620 meatumriunli
676 2553 770 2639 parui
806 2551 850 2618 ad
876 2551 1010 2620 eandem
1039 2551 1172 2637 plagam
1199 2555 1374 2640 vergendo,
1403 2556 1451 2622 de

314 2681 377 2746 quo
402 2667 510 2728 meatu
536 2662 603 2726 exit
626 2679 741 2729 versus
767 2665 892 2745 partem
923 2659 1167 2746 occidentalem,
1198 2662 1253 2726 vbi
1278 2668 1353 2727 sunt
1378 2661 1452 2728 due

312 2777 396 2835 mete
413 2775 532 2853 terr·ee;
551 2775 584 2834 et
600 2767 677 2834 inde
692 2767 825 2834 vlteriuo
842 2766 998 2834 ourrendo
1016 2767 1058 2833 ad
1075 2767 1214 2836 eandem
1229 2775 1357 2854 partem
1368 2770 1451 2836 inn-

312 2877 360 2960 git
377 2897 475 2942 unum
508 2895 644 2964 paruum
671 2895 831 2960 eampum,
860 2881 891 2939 et
916 2875 1174 2959 pertranseundo
1201 2874 1338 2941 eundem
1369 2882 1449 2942 tan-

310 2983 358 3068 git
372 3004 468 3050 vnam
484 2985 600 3050 siluam
617 2983 789 3070 Komenyk
811 2983 943 3065 dietam,
962 2983 1052 3049 iuxta
1069 3003 1166 3067 quam
1183 2988 1258 3050 eunt
1273 2980 1336 3048 due
1355 2990 1454 3050 mete

271 3145 275 3152 .
306 3099 430 3177 terree;
448 3099 479 3158 et
495 3089 570 3157 inde
586 3092 722 3158 vlteriue
738 3089 944 3176 procedendo
963 3109 1074 3158 uersus
1103 3097 1229 3175 partem
1255 3089 1455 3158 ooeidenta-

307 3200 371 3268 lem
388 3199 479 3265 iuxta
495 3199 634 3265 eandem
650 3198 767 3264 siluam
786 3197 893 3281 tangit
920 3199 1016 3264 tinem
1043 3198 1211 3264 cuiusdam
1238 3199 1358 3282 campi,
1389 3199 1458 3266 vbi

307 3315 381 3372 eunt
411 3305 474 3372 due
500 3312 583 3372 mete
609 3312 729 3388 terree;
756 3303 888 3371 atinde
914 3304 1049 3371 vlterius
1071 3305 1229 3371 currendo
1259 3309 1458 3391 pertransit

310 3411 475 3496 quandam
491 3414 608 3480 siluam
625 3433 771 3499 paruam,
789 3411 844 3478 vbi
860 3413 967 3496 iungit
992 3433 1088 3479 vnum
1114 3435 1263 3499 eampum
1290 3434 1459 3500 paruum,

306 3519 339 3585 in
355 3538 418 3604 quo
434 3517 581 3586 euntdne
598 3526 682 3586 mete
699 3527 822 3604 terree;
840 3527 871 3587 et
888 3519 964 3586 inde
975 3521 1108 3587 vlterius
1119 3521 1225 3588 eundo
1234 3520 1279 3586 ad
1290 3521 1464 3590 ooeiden·

304 3631 369 3694 tem
391 3629 564 3712 pertransit
576 3649 669 3695 rnam
690 3629 816 3712 siluam,
834 3633 866 3692 et
882 3628 969 3694 eadit
985 3627 1018 3693 in
1034 3650 1130 3695 vnum
1147 3628 1286 3695 riuulum
1303 3627 1467 3697 Zaehka

305 3739 467 3820 vocatum,
481 3734 533 3799 vbi
545 3741 619 3800 sunt
630 3735 692 3801 dne
702 3742 786 3803 mete
797 3743 910 3818 terreo,
927 3735 961 3800 in
972 3755 1033 3820 quo
1052 3735 1179 3818 quidem
1195 3733 1293 3802 fluuio
1306 3734 1468 3806 vlterius

302 3839 470 3907 deseendit
487 3848 518 3907 et
535 3841 625 3908 eadit
641 3842 817 3909 influuium
827 3842 953 3908 Zethna
974 3850 1134 3929 vocatum,
1155 3844 1190 3907 in
1211 3861 1273 3924 quo
1302 3842 1467 3913 deseen-

302 3945 409 4014 dendo
425 3951 468 4019 ad
485 3955 608 4033 partem
626 3951 789 4035 aquilonis
806 3951 975 4037 perueniat
992 3951 1034 4018 ad
1061 3953 1168 4017 looum
1198 3949 1351 4036 priorem,
1392 3958 1463 4023 vbi

306 4053 412 4126 dietus
428 4057 580 4143 Chaprad
598 4059 687 4125 eadit
704 4059 737 4124 in
752 4057 885 4128 fluuium
911 4059 1035 4125 Zethna
1062 4065 1222 4144 vocatum,
1240 4065 1272 4124 et
1298 4057 1345 4122 ibi
1386 4069 1463 4132 ter·

303 4162 454 4232 minatur.

300 4361 362 4428 (111.
377 4363 469 4418 Endre
482 4361 631 4430 kirtlynnlr
646 4366 756 4416 lata-ki
767 4362 1047 4431 adominyloveldbdt
1062 4368 1130 4416 mint
1143 4363 1253 4416 sentebb
1269 4364 1315 4417 53.
1329 4380 1381 4419 sz-
1416 4379 1465 4444 ι)
