3132 5162
684 965 736 1032 le.

152 1165 209 1231 ΠΙ.
226 1164 336 1228 Endre
352 1165 465 1250 kirtly
481 1165 660 1249 ruoperdee‘ti
677 1166 699 1230 I
704 1165 737 1230 V.
756 1165 873 1233 Lento
888 1165 1063 1253 kirdlynair
1080 1167 1183 1232 Voces
1196 1169 1301 1254 Zeto-n
1407 1182 1411 1196 ¹

152 1273 229 1358 typis
256 1269 441 1357 seipsoque
465 1276 616 1358 rcrppazo
646 1272 844 1360 odomu'nycit
880 1275 1008 1359 Mttety
1032 1275 1160 1362 mdslrdp
1189 1275 1273 1343 Sido

354 1383 515 1466 reseces,
547 1381 631 1444 Imre
652 1381 721 1463 fici
739 1385 899 1446 ezc'moira.
922 1382 1019 1447 1291.

255 1573 403 1644 Andreas
421 1576 482 1641 Dei
499 1574 799 1664 greciaHnngarie,
813 1573 992 1665 Dalmaoie,
1009 1575 1155 1666 Croucie,
1166 1580 1278 1664 Reme,

156 1681 424 1771 Sernie,(ieliieie,
438 1684 636 1770 Lcdomerie,
648 1685 802 1751 Comenie
818 1685 1036 1769 Bulgerieque
1046 1687 1117 1750 Rex
1127 1688 1277 1754 omnibus

156 1795 269 1861 Christi
294 1792 445 1859 fidelibus
478 1813 613 1878 presens
629 1791 785 1878 scriptum
802 1793 996 1877 inspecturis
1014 1792 1152 1860 salutem
1169 1796 1203 1860 in
1215 1813 1279 1861 om·

158 1905 238 1968 nium
255 1903 427 1969 saluatore.
441 1901 674 1968 Vniuersorum
691 1901 809 1968 notioie
825 1903 973 1968 uolumus
985 1899 1054 1966 fieri
1063 1901 1281 1990 manifestum,

158 2011 234 2098 quod
246 2009 384 2076 Michael
395 2006 497 2075 dietus
508 2009 608 2096 Sydo‚
625 2007 823 2077 Benedictus
834 2017 866 2075 et
876 2009 1046 2094 Emiricue,
1061 2009 1117 2093 filij
1131 2009 1277 2096 nutrior,

158 2119 193 2184 ed
214 2125 360 2186 nostrum
377 2117 568 2184 accedentes
585 2117 787 2202 presenciam
803 2117 1020 2184 exhibuerunt
1035 2117 1129 2184 nobis
1146 2119 1278 2203 priuile·

160 2227 253 2310 gieles
270 2234 303 2293 et
318 2231 466 2312 patentes
484 2225 611 2292 litteras
629 2225 755 2292 domini
772 2227 870 2310 Regis
887 2224 1034 2291 Ladizlai
1052 2225 1164 2291 inclite
1174 2243 1279 2291 recor-

160 2333 297 2401 ducionis
317 2333 427 2401 fratris
449 2334 728 2423 uostripatruelis‚
746 2354 843 2421 super
867 2334 1049 2400 collacione
1075 2333 1277 2418 quarundam

136 2465 140 2474 ·
161 2443 300 2510 villarum
316 2442 382 2508 Vos
400 2449 431 2508 et
451 2442 617 2530 Zolebygh
633 2451 821 2510 necaturum
838 2443 1014 2530 coniectes,
1032 2447 1179 2526 petentes
1206 2461 1279 2508 eum

160 2553 325 2632 instancia,
342 2558 378 2618 nt
394 2553 484 2636 ipsas
501 2552 724 2638 priuilegiales
742 2557 773 2618 et
789 2557 933 2637 petentes
946 2551 1070 2619 litteras
1081 2557 1171 2617 retas
1181 2549 1279 2618 habe·

162 2679 198 2742 re,
213 2666 246 2725 et
261 2665 370 2726 nostro
386 2658 596 2744 dignaremur
624 2660 799 2748 priuilegio
817 2660 1016 2728 confirmare.
1035 2655 1134 2724 (iuius
1152 2658 1282 2743 quidem

161 2767 316 2851 priuilegij
336 2772 428 2835 tenor
445 2767 522 2834 telis
541 2773 611 2834 est:

258 2875 433 2944 Lediztuns
449 2876 488 2940 D.
517 2897 564 2960 gr.
592 2876 763 2960 Hungarie
789 2879 850 2943 stb.
884 2878 953 2943 Rex
979 2876 1041 2943 stt).
1070 2873 1282 2962 (kivetkezik

162 2982 208 3047 IV.
226 2983 343 3052 Ltszlo
375 2983 483 3069 kirtly
513 2985 650 3052 12841ζί
676 2961 959 3073 adomtnylevele,
990 2983 1071 3050 mint
1103 2982 1283 3070 gylijtcme-

162 3092 267 3174 nytnk
281 3091 351 3176 lx,
369 3094 485 3179 vagyis
503 3115 524 3159 a
539 3094 690 3162 mtsodik
707 3094 831 3180 solyam
845 3095 901 3160 IV.
914 3093 1090 3162 koteteben
1103 3097 1178 3161 380.
1196 3089 1234 3177 l.)

259 3200 424 3270 Petecinm
441 3203 544 3269 eciem
561 3203 745 3269 litterarum
764 3209 857 3269 tenor
873 3200 952 3268 telis
969 3209 1037 3268 est:

258 3309 325 3375 Nos
341 3309 516 3376 Ladiulans
533 3309 594 3376 Dei
611 3312 724 3395 grecia
740 3313 809 3376 Rex
835 3308 1002 3394 Hungarie
1028 3311 1089 3376 stb.
1118 3307 1281 3388 (kivetke-

161 3413 207 3479 nik
222 3415 274 3482 IV.
291 3416 407 3485 Ltszlo
428 3417 564 3486 ineu-ki
582 3417 758 3506 okmtnya,
775 3417 857 3484 mint
872 3438 903 3483 u.
922 3439 951 3484 o.
968 3418 1045 3484 494.
1064 3413 1103 3502 1.)

258 3525 324 3592 Nos
341 3525 455 3612 igitur,
469 3527 558 3594 cuius
575 3525 741 3612 proprium
758 3531 808 3593 est
824 3523 932 3610 dignis
959 3523 1174 3610 peticionibus
1199 3525 1282 3590 bene

160 3631 343 3700 morencium
359 3651 525 3702 occurrere
542 3635 646 3719 Regio
662 3654 734 3699 oum
761 3633 887 3722 fanore,
914 3639 950 3699 ut
977 3633 1037 3719 elij
1055 3653 1092 3698 eo
1122 3637 1282 3718 respectu,

159 3745 188 3804 et
202 3761 354 3825 personas
371 3761 447 3810 sues
471 3745 600 3811 ensibus
617 3741 747 3810 fortune
772 3741 970 3826 submittere,
987 3747 1019 3808 et
1043 3762 1095 3807 res
1121 3760 1198 3810 suas
1224 3759 1283 3826 pro

158 3845 288 3914 tuicione
306 3850 431 3916 Corone
447 3851 548 3934 Regio
564 3871 603 3917 ec
620 3851 871 3918 conseruecione
887 3851 995 3935 patrie
1028 3869 1189 3936 exponere
1215 3868 1280 3915 non

157 3953 335 4045 formident,
353 3958 411 4024 sed
422 3958 462 4025 de
473 3959 629 4046 promptis
640 3957 818 4028 reddantur
829 3958 1063 4046 prompoiores:
1087 3955 1282 4043 peticionem

154 4059 293 4148 ipsorum
310 4067 469 4135 Comitum
484 4067 674 4154 Myehaclis,
692 4065 859 4135 Benedicti
876 4073 908 4134 et
924 4065 1057 4132 Bmirici
1067 4115 1077 4150 ,
1105 4065 1161 4149 qui
1185 4064 1281 4131 nobis

22 4258 23 4271 ἵ
152 4175 183 4240 in
198 4176 342 4244 exercitu
358 4183 478 4262 nostro,
497 4197 592 4260 quem
609 4182 722 4243 contra
738 4177 861 4242 Ducem
877 4175 1009 4242 Austrie
1034 4174 1219 4260 habuimus,
1244 4175 1278 4240 fi-

151 4281 266 4349 deliter
291 4287 515 4370 nerninerunt3
532 4285 685 4352 videlicet
711 4293 786 4351 tune
813 4305 885 4351 onm
911 4283 1040 4353 eosdem
1070 4284 1104 4348 in
1129 4283 1284 4351 societate

21 4464 23 4494 h
151 4393 349 4472 quorundam
365 4395 531 4460 Beronum
548 4401 728 4460 nostrorum
745 4392 806 4460 snb
823 4400 964 4460 castrum
980 4394 1163 4460 Viennense
1178 4398 1280 4458 trans-

21 4499 22 4588 }
150 4498 360 4588 misissemus,
378 4501 465 4568 idem
483 4504 598 4569 Comes
615 4501 808 4568 Benedictus
828 4507 903 4567 ante
920 4508 1044 4585 portam
1062 4502 1185 4568 Vienne
1201 4501 1276 4566 viri-

21 4593 23 4631 ἶ
150 4610 224 4679 liter
241 4605 428 4680 dimicando
447 4611 554 4678 extitit
569 4611 759 4694 wlneretus,
777 4615 809 4678 et
825 4609 946 4676 Paulus
963 4609 1049 4676 filins
1065 4609 1158 4676 Pauli
1182 4606 1284 4674 freter
