3120 5172
917 937 993 1006 192.

375 1135 455 1202 m.
472 1137 583 1204 codro
596 1139 707 1224 birdly
728 1135 864 1224 Tywo'nt
890 1139 922 1203 έι
953 1136 1113 1204 Tieedcrt
1137 1161 1159 1202 a
1174 1135 1268 1224 liptdi
1283 1135 1424 1218 Medon
1435 1133 1484 1197 ll'.

494 1245 612 1312 Lcedo
638 1245 796 1332 otrctytot
810 1254 901 1330 dyest
916 1243 1078 1310 birtolobon
1104 1243 1292 1329 magalaid.
1308 1241 1401 1307 1298.

493 1440 642 1508 Andreas
654 1438 717 1504 Dei
734 1439 847 1522 grecia
855 1439 1036 1526 Hungarie,
1048 1436 1231 1522 Dalmecie,
1243 1436 1386 1522 (treacle,
1396 1437 1491 1520 Bane,
1529 1523 1536 1530 ·

369 1545 508 1632 Seruio,
524 1545 671 1630 Gallicis,
686 1543 890 1632 Lodcmerie,
917 1542 1073 1612 Onmsnic
1101 1543 1320 1628 Belgaricquc
1344 1543 1409 1610 Rex
1440 1561 1490 1610 on·

387 1651 482 1722 nibus
498 1651 618 1721 Christi
635 1650 784 1720 fidelibus
803 1658 869 1719 tam
884 1650 1094 1739 presentibus
1120 1671 1217 1736 quam
1243 1649 1359 1718 futuris
1380 1669 1491 1735 presens

369 1761 546 1848 scriptum
561 1759 756 1846 inspecturis
772 1757 915 1826 salntem
926 1759 960 1826 in
969 1757 1111 1826 Domino
1121 1757 1361 1844 sempiternam.
1372 1754 1491 1823 Proinde

385 1867 427 1935 nd
453 1866 675 1935 uniuersorum
701 1865 855 1934 noticiam
887 1866 1001 1936 barum
1017 1863 1101 1933 serie
1132 1864 1282 1932 uolumus
1313 1860 1489 1951 peruenire:

371 1973 470 2056 duod
484 1975 548 2042 lan
563 1973 648 2042 filius
663 1975 800 2061 lywan,
813 1980 846 2042 et
859 1973 992 2040 Blasins
1001 1973 1086 2042 tilius
1102 1967 1268 2040 'theodori
1278 1968 1322 2038 dc
1338 1968 1490 2057 Lypto,sd

308 2094 312 2100 '
383 2089 526 2149 nostram
540 2079 756 2168 personaliter
772 2079 969 2148 accedentes
985 2081 1200 2166 presenciam,
1217 2077 1427 2146 exbibuerunt
1447 2097 1492 2144 no·

367 2190 435 2258 ‘bis
466 2189 628 2276 quoddam
668 2189 879 2276 priuilegium
911 2187 1034 2256 domini
1067 2187 1216 2256 Ladizlai
1245 2185 1381 2255 illustris
1410 2183 1493 2266 lleg's

384 2295 552 2380 Hungarie
567 2294 678 2364 fratris
693 2297 797 2364 nostri
821 2295 976 2382 patruelis
1008 2293 1174 2362 karissimi
1192 2292 1298 2362 felicis
1314 2289 1492 2360 recordacio·

367 2402 434 2470 *nis
450 2423 546 2490 super
561 2401 742 2470 collacione
754 2401 924 2471 cuiusdam
935 2399 1096 2490 particule
1106 2407 1191 2468 terre
1200 2399 1356 2470 bledelses
1365 2396 1493 2484 pctlrclrn

382 2510 416 2576 in
433 2511 539 2598 Lypto
555 2508 725 2577 existentis
741 2507 941 2594 contactum
958 2515 1107 2594 petentes
1127 2527 1201 2576 cnm
1224 2508 1396 2592 instancia,
1410 2511 1441 2571 ut
1454 2505 1490 2588 ip·

365 2653 372 2672 ,-
383 2639 455 2688 sum
471 2619 679 2706 priuilegium
694 2623 801 2685 ratum
816 2617 949 2703 bebere,
966 2623 998 2684 et
1014 2624 1126 2686 nostro
1154 2614 1365 2701 dignaremur
1379 2612 1490 2701 priuile-

384 2728 440 2812 gio
456 2727 657 2794 confirmare.
674 2726 775 2794 Gaius
790 2733 887 2794 tenor
905 2723 983 2792 telis
1000 2732 1070 2793 est:

488 2829 664 2902 Ladinlnus
679 2833 719 2902 D.
736 2855 785 2918 gr.
816 2833 924 2917 Hung.
941 2834 1003 2900 stb.
1023 2834 1094 2902 Rex
1126 2833 1188 2900 stb.
1216 2828 1426 2918 (kdvetlrecik
1446 2825 1492 2892 ll.

379 2939 498 3006 Ltscld
513 2937 692 3026 kirtlynalr
706 2939 844 3010 mit-lsi
854 2939 1124 3028 adomdnylerele
1134 2939 1216 3006 mint
1231 2931 1493 3024 gydjtemtnydnl

383 3047 442 3112 IX.
459 3047 576 3134 vsgyis
592 3067 614 3112 a
629 3047 782 3115 mtsodilr
798 3047 921 3134 folyam
937 3045 991 3114 IV.
1008 3046 1182 3114 kdteteben
1197 3049 1251 3114 29.
1265 3043 1304 3132 1.)

488 3155 557 3221 Nos
573 3155 686 3239 itaque
711 3151 804 3222 iustis
821 3163 854 3222 et
869 3153 1023 3240 legitimis
1048 3153 1265 3240 peticionibus
1289 3153 1428 3240 ipsorum
1441 3150 1494 3218 lan

381 3267 414 3328 et
430 3261 532 3344 Blasij
549 3262 776 3332 fauorabiliter
793 3262 953 3348 inclinati,
986 3263 1091 3350 ipsum
1108 3261 1318 3350 priuilegium
1333 3282 1397 3330 non
1412 3263 1494 3327 abra·

361 3387 461 3450 snm,
476 3387 542 3432 non
553 3367 779 3454 cancellatum,
792 3389 851 3437 neo
866 3369 1025 3454 ineliqua
1035 3367 1086 3438 sui
1101 3375 1195 3456 parto
1211 3368 1377 3454 rdciaturn,
1394 3365 1435 3432 de
1445 3383 1492 3429 uer

383 3474 425 3540 bo
441 3472 629 3540 aduentum
639 3475 845 3560 presentibus
855 3475 1023 3564 insertum,
1034 3476 1075 3543 de
1093 3475 1296 3560 benignitate
1311 3475 1414 3558 Regia
1423 3475 1494 3538 atto·

382 3579 480 3646 ritate
490 3577 573 3666 (lgy)
583 3581 789 3664 presencium
801 3581 950 3649 duximus
966 3581 1494 3666 confirmandum,attcndentesqne

383 3693 415 3753 et
430 3687 675 3754 considerantes
700 3688 894 3772 obsequiosa
920 3689 1036 3757 merita
1068 3689 1244 3758 eorundem
1262 3690 1328 3757 len
1346 3687 1377 3754 at
1392 3683 1493 3768 BIssij‚

381 3811 445 3876 que
460 3791 554 3858 nobis
570 3793 605 3859 in
621 3793 759 3862 diuersis
775 3797 881 3879 Regni
890 3796 997 3864 nostri
1015 3795 1282 3881 expedicionibus
1299 3793 1436 3860 fideliter
1452 3813 1496 3860 ex·

378 3899 490 3966 bibere
507 3899 710 3991 studuerunt,
742 3903 776 3968 in
801 3902 919 3984 quibus
945 3923 1052 3972 coram
1076 3903 1179 3972 oculis
1198 3911 1307 3970 nostre
1321 3900 1494 3968 Maiestatis

376 4006 600 4094 multiplieiter
616 4012 648 4074 ct
662 4006 878 4076 laudabiliter
894 4015 1083 4076 meruerunt
1098 4009 1315 4094 complacere,
1332 4013 1366 4074 ct
1381 4007 1496 4095 specie·

375 4113 450 4180 liter
466 4113 552 4182 idem
568 4115 709 4201 Etesiae,
724 4122 800 4183 tnnc
826 4137 897 4184 cum
915 4117 1108 4201 Magistrum
1133 4115 1334 4182 Demetrium
1351 4111 1497 4180 comitem

377 4221 629 4310 Posoniensern,
656 4222 696 4290 de
712 4223 824 4290 Zolum
842 4229 874 4290 et
891 4223 932 4290 de
948 4224 1047 4292 Saros
1081 4223 1233 4290 dilectum
1258 4227 1292 4288 et
1306 4219 1432 4289 fidelem
1449 4239 1497 4286 uo·

375 4335 479 4395 strum
494 4327 528 4394 in
544 4327 722 4395 subsidium
754 4329 878 4398 domini
908 4330 1036 4398 Alberti
1053 4331 1156 4397 Ducis
1171 4327 1304 4396 Austris
1336 4327 1495 4395 karissimi

376 4435 497 4502 scocris
514 4438 636 4522 nostri,
668 4455 781 4504 uersus
797 4443 907 4521 partes
932 4437 1015 4505 Reni
1045 4437 1263 4523 misissemus,
1296 4435 1404 4522 ipsum
1418 4435 1497 4501 inse-

359 4541 516 4626 uquendo,
532 4543 613 4611 inibi
629 4542 723 4611 nobis
738 4545 883 4612 notorics
903 4541 1080 4612 dinoscitur
1107 4542 1297 4629 inpendisse
1313 4539 1496 4624 famulatus,
