<?xml version="1.0" encoding="UTF-8"?>
<!DOCTYPE html PUBLIC "-//W3C//DTD XHTML 1.0 Transitional//EN"
    "http://www.w3.org/TR/xhtml1/DTD/xhtml1-transitional.dtd">
<html xmlns="http://www.w3.org/1999/xhtml" xml:lang="en" lang="en">
 <head>
  <title>
</title>
<meta http-equiv="Content-Type" content="text/html;charset=utf-8" />
  <meta name='ocr-system' content='tesseract 3.04.00' />
  <meta name='ocr-capabilities' content='ocr_page ocr_carea ocr_par ocr_line ocrx_word'/>
</head>
<body>
  <div class='ocr_page' id='page_1' title='image "./codexdiplomatic19wenzgoog_0420.png"; bbox 0 0 3170 5166; ppageno 0'>
   <div class='ocr_carea' id='block_1_1' title="bbox 864 332 1015 432">
    <p class='ocr_par' dir='ltr' id='par_1_1' title="bbox 864 332 1015 432">
     <span class='ocr_line' id='line_1_1' title="bbox 864 332 1015 432; baseline 0 -34"><span class='ocrx_word' id='word_1_1' title='bbox 864 332 1015 432; x_wconf 53' lang='lat' dir='ltr'><strong>Q-</strong></span> 
     </span>
    </p>
   </div>
   <div class='ocr_carea' id='block_1_2' title="bbox 359 521 1572 3165">
    <p class='ocr_par' dir='ltr' id='par_1_2' title="bbox 359 521 1572 3165">
     <span class='ocr_line' id='line_1_2' title="bbox 377 521 1509 618; baseline -0.01 -20"><span class='ocrx_word' id='word_1_2' title='bbox 377 532 486 618; x_wconf 86' lang='lat' dir='ltr'><strong>ipsum</strong></span> <span class='ocrx_word' id='word_1_3' title='bbox 501 526 693 596; x_wconf 83' lang='lat' dir='ltr'><strong>Ladialaum</strong></span> <span class='ocrx_word' id='word_1_4' title='bbox 709 525 926 614; x_wconf 87' lang='lat' dir='ltr'><strong>peremptorie</strong></span> <span class='ocrx_word' id='word_1_5' title='bbox 950 529 1138 610; x_wconf 87' lang='lat' dir='ltr'><strong>assumpta,</strong></span> <span class='ocrx_word' id='word_1_6' title='bbox 1165 521 1317 589; x_wconf 82' lang='lat' dir='ltr'><strong>eteniam</strong></span> <span class='ocrx_word' id='word_1_7' title='bbox 1332 543 1392 608; x_wconf 86' lang='lat' dir='ltr'><strong>per</strong></span> <span class='ocrx_word' id='word_1_8' title='bbox 1408 521 1509 590; x_wconf 85' lang='lat' dir='ltr'><strong>‹lomi-</strong></span> 
     </span>
     <span class='ocr_line' id='line_1_3' title="bbox 363 627 1510 722; baseline -0.007 -20"><span class='ocrx_word' id='word_1_9' title='bbox 363 658 455 705; x_wconf 84' lang='lat' dir='ltr'><strong>num</strong></span> <span class='ocrx_word' id='word_1_10' title='bbox 471 640 591 722; x_wconf 80' lang='lat' dir='ltr'><strong>Regem</strong></span> <span class='ocrx_word' id='word_1_11' title='bbox 617 633 868 703; x_wconf 89' lang='lat' dir='ltr'><strong>misericorditur</strong></span> <span class='ocrx_word' id='word_1_12' title='bbox 883 637 915 700; x_wconf 86' lang='lat' dir='ltr'><strong>et</strong></span> <span class='ocrx_word' id='word_1_13' title='bbox 940 651 980 698; x_wconf 85' lang='lat' dir='ltr'><strong>ex</strong></span> <span class='ocrx_word' id='word_1_14' title='bbox 995 630 1272 717; x_wconf 76' lang='lat' dir='ltr'><strong>superabundanti</strong></span> <span class='ocrx_word' id='word_1_15' title='bbox 1298 627 1430 697; x_wconf 89' lang='lat' dir='ltr'><strong>iusticia</strong></span> <span class='ocrx_word' id='word_1_16' title='bbox 1445 628 1510 694; x_wconf 86' lang='lat' dir='ltr'><strong>sibi</strong></span> 
     </span>
     <span class='ocr_line' id='line_1_4' title="bbox 360 736 1509 831; baseline -0.01 -19"><span class='ocrx_word' id='word_1_17' title='bbox 360 743 581 830; x_wconf 78' lang='lat' dir='ltr'><strong>assignatam</strong></span> <span class='ocrx_word' id='word_1_18' title='bbox 597 737 684 831; x_wconf 80' lang='lat' dir='ltr'><strong>(lgy)</strong></span> <span class='ocrx_word' id='word_1_19' title='bbox 702 740 934 810; x_wconf 79' lang='lat' dir='ltr'><strong>contumaciter</strong></span> <span class='ocrx_word' id='word_1_20' title='bbox 949 739 1061 806; x_wconf 88' lang='lat' dir='ltr'><strong>venire</strong></span> <span class='ocrx_word' id='word_1_21' title='bbox 1076 736 1240 824; x_wconf 79' lang='lat' dir='ltr'><strong>neglexit,</strong></span> <span class='ocrx_word' id='word_1_22' title='bbox 1254 737 1351 822; x_wconf 87' lang='lat' dir='ltr'><strong>jura,</strong></span> <span class='ocrx_word' id='word_1_23' title='bbox 1367 738 1460 820; x_wconf 87' lang='lat' dir='ltr'><strong>leges</strong></span> <span class='ocrx_word' id='word_1_24' title='bbox 1480 744 1509 802; x_wconf 91' lang='lat' dir='ltr'><strong>et</strong></span> 
     </span>
     <span class='ocr_line' id='line_1_5' title="bbox 378 843 1518 938; baseline -0.009 -20"><span class='ocrx_word' id='word_1_25' title='bbox 378 851 486 936; x_wconf 81' lang='lat' dir='ltr'><strong>Regni</strong></span> <span class='ocrx_word' id='word_1_26' title='bbox 496 848 746 918; x_wconf 88' lang='lat' dir='ltr'><strong>consuetudines</strong></span> <span class='ocrx_word' id='word_1_27' title='bbox 757 845 1033 938; x_wconf 87' lang='lat' dir='ltr'><strong>contempnendo:</strong></span> <span class='ocrx_word' id='word_1_28' title='bbox 1049 865 1108 930; x_wconf 90' lang='lat' dir='ltr'><strong>pro</strong></span> <span class='ocrx_word' id='word_1_29' title='bbox 1125 865 1164 912; x_wconf 90' lang='lat' dir='ltr'><strong>eo</strong></span> <span class='ocrx_word' id='word_1_30' title='bbox 1180 843 1301 911; x_wconf 89' lang='lat' dir='ltr'><strong>nemini</strong></span> <span class='ocrx_word' id='word_1_31' title='bbox 1315 845 1351 910; x_wconf 93' lang='lat' dir='ltr'><strong>in</strong></span> <span class='ocrx_word' id='word_1_32' title='bbox 1367 865 1426 912; x_wconf 88' lang='lat' dir='ltr'><strong>suo</strong></span> <span class='ocrx_word' id='word_1_33' title='bbox 1436 843 1518 927; x_wconf 87' lang='lat' dir='ltr'><strong>iure</strong></span> 
     </span>
     <span class='ocr_line' id='line_1_6' title="bbox 359 953 1507 1040; baseline -0.005 -18"><span class='ocrx_word' id='word_1_34' title='bbox 359 957 495 1024; x_wconf 79' lang='lat' dir='ltr'>-deesse</span> <span class='ocrx_word' id='word_1_35' title='bbox 510 957 669 1040; x_wconf 82' lang='lat' dir='ltr'><strong>volentes,</strong></span> <span class='ocrx_word' id='word_1_36' title='bbox 694 955 834 1021; x_wconf 86' lang='lat' dir='ltr'><strong>maxime</strong></span> <span class='ocrx_word' id='word_1_37' title='bbox 859 974 931 1020; x_wconf 90' lang='lat' dir='ltr'><strong>curn</strong></span> <span class='ocrx_word' id='word_1_38' title='bbox 957 959 1123 1020; x_wconf 90' lang='lat' dir='ltr'><strong>crescente</strong></span> <span class='ocrx_word' id='word_1_39' title='bbox 1138 953 1344 1020; x_wconf 72' lang='lat' dir='ltr'><strong>contumacia</strong></span> <span class='ocrx_word' id='word_1_40' title='bbox 1360 967 1507 1020; x_wconf 85' lang='lat' dir='ltr'><strong>crescere</strong></span> 
     </span>
     <span class='ocr_line' id='line_1_7' title="bbox 379 1060 1507 1150; baseline -0.004 -21"><span class='ocrx_word' id='word_1_41' title='bbox 379 1084 465 1150; x_wconf 91' lang='lat' dir='ltr'><strong>pena</strong></span> <span class='ocrx_word' id='word_1_42' title='bbox 481 1063 620 1147; x_wconf 80' lang='lat' dir='ltr'><strong>debeat3</strong></span> <span class='ocrx_word' id='word_1_43' title='bbox 638 1069 672 1130; x_wconf 88' lang='lat' dir='ltr'><strong>et</strong></span> <span class='ocrx_word' id='word_1_44' title='bbox 686 1069 722 1130; x_wconf 85' lang='lat' dir='ltr'><strong>ut</strong></span> <span class='ocrx_word' id='word_1_45' title='bbox 737 1083 817 1148; x_wconf 90' lang='lat' dir='ltr'><strong>quos</strong></span> <span class='ocrx_word' id='word_1_46' title='bbox 842 1062 938 1128; x_wconf 87' lang='lat' dir='ltr'><strong>timor</strong></span> <span class='ocrx_word' id='word_1_47' title='bbox 954 1060 1016 1127; x_wconf 87' lang='lat' dir='ltr'><strong>Dei</strong></span> <span class='ocrx_word' id='word_1_48' title='bbox 1041 1080 1062 1126; x_wconf 87' lang='lat' dir='ltr'><strong>a</strong></span> <span class='ocrx_word' id='word_1_49' title='bbox 1080 1061 1166 1126; x_wconf 90' lang='lat' dir='ltr'><strong>malo</strong></span> <span class='ocrx_word' id='word_1_50' title='bbox 1181 1079 1245 1127; x_wconf 91' lang='lat' dir='ltr'><strong>non</strong></span> <span class='ocrx_word' id='word_1_51' title='bbox 1269 1066 1421 1146; x_wconf 86' lang='lat' dir='ltr'><strong>reuocat,</strong></span> <span class='ocrx_word' id='word_1_52' title='bbox 1453 1079 1507 1126; x_wconf 87' lang='lat' dir='ltr'><strong>eos</strong></span> 
     </span>
     <span class='ocr_line' id='line_1_8' title="bbox 380 1165 1506 1255; baseline -0.005 -17"><span class='ocrx_word' id='word_1_53' title='bbox 380 1169 494 1238; x_wconf 89' lang='lat' dir='ltr'><strong>saltim</strong></span> <span class='ocrx_word' id='word_1_54' title='bbox 509 1170 638 1236; x_wconf 89' lang='lat' dir='ltr'><strong>ooibeat</strong></span> <span class='ocrx_word' id='word_1_55' title='bbox 653 1191 739 1254; x_wconf 88' lang='lat' dir='ltr'><strong>pena</strong></span> <span class='ocrx_word' id='word_1_56' title='bbox 755 1169 965 1255; x_wconf 76' lang='lat' dir='ltr'><strong>temporalis5</strong></span> <span class='ocrx_word' id='word_1_57' title='bbox 983 1189 1048 1235; x_wconf 86' lang='lat' dir='ltr'><strong>una</strong></span> <span class='ocrx_word' id='word_1_58' title='bbox 1064 1189 1136 1236; x_wconf 90' lang='lat' dir='ltr'><strong>oum</strong></span> <span class='ocrx_word' id='word_1_59' title='bbox 1161 1166 1333 1234; x_wconf 91' lang='lat' dir='ltr'><strong>Dominico</strong></span> <span class='ocrx_word' id='word_1_60' title='bbox 1349 1165 1506 1250; x_wconf 78' lang='lat' dir='ltr'><strong>Magistro</strong></span> 
     </span>
     <span class='ocr_line' id='line_1_9' title="bbox 380 1273 1508 1361; baseline -0.003 -19"><span class='ocrx_word' id='word_1_61' title='bbox 380 1274 635 1343; x_wconf 84' lang='lat' dir='ltr'><strong>Tauarnioorum</strong></span> <span class='ocrx_word' id='word_1_62' title='bbox 652 1276 772 1342; x_wconf 89' lang='lat' dir='ltr'><strong>domini</strong></span> <span class='ocrx_word' id='word_1_63' title='bbox 789 1277 900 1361; x_wconf 87' lang='lat' dir='ltr'><strong>Regis,</strong></span> <span class='ocrx_word' id='word_1_64' title='bbox 917 1274 1066 1342; x_wconf 87' lang='lat' dir='ltr'><strong>Rolaudo</strong></span> <span class='ocrx_word' id='word_1_65' title='bbox 1081 1274 1245 1359; x_wconf 87' lang='lat' dir='ltr'><strong>quondam</strong></span> <span class='ocrx_word' id='word_1_66' title='bbox 1261 1273 1428 1358; x_wconf 84' lang='lat' dir='ltr'><strong>Palatino,</strong></span> <span class='ocrx_word' id='word_1_67' title='bbox 1444 1275 1508 1340; x_wconf 85' lang='lat' dir='ltr'><strong>bla-</strong></span> 
     </span>
     <span class='ocr_line' id='line_1_10' title="bbox 380 1379 1572 1468; baseline 0.001 -20"><span class='ocrx_word' id='word_1_68' title='bbox 380 1381 481 1468; x_wconf 83' lang='lat' dir='ltr'><strong>gistro</strong></span> <span class='ocrx_word' id='word_1_69' title='bbox 505 1383 671 1450; x_wconf 81' lang='lat' dir='ltr'><strong>Demetrio</strong></span> <span class='ocrx_word' id='word_1_70' title='bbox 703 1379 829 1449; x_wconf 81' lang='lat' dir='ltr'><strong>Gemite</strong></span> <span class='ocrx_word' id='word_1_71' title='bbox 859 1381 1055 1450; x_wconf 88' lang='lat' dir='ltr'><strong>Posonieusi</strong></span> <span class='ocrx_word' id='word_1_72' title='bbox 1071 1387 1103 1448; x_wconf 91' lang='lat' dir='ltr'><strong>et</strong></span> <span class='ocrx_word' id='word_1_73' title='bbox 1134 1379 1319 1467; x_wconf 86' lang='lat' dir='ltr'><strong>deZ01um,</strong></span> <span class='ocrx_word' id='word_1_74' title='bbox 1351 1382 1509 1466; x_wconf 82' lang='lat' dir='ltr'><strong>Magistro</strong></span> <span class='ocrx_word' id='word_1_75' title='bbox 1571 1425 1572 1432; x_wconf 24' lang='grc' dir='ltr'><strong>κ</strong></span> 
     </span>
     <span class='ocr_line' id='line_1_11' title="bbox 379 1488 1508 1576; baseline -0.002 -18"><span class='ocrx_word' id='word_1_76' title='bbox 379 1489 506 1558; x_wconf 76' lang='lat' dir='ltr'><strong>Thomu</strong></span> <span class='ocrx_word' id='word_1_77' title='bbox 521 1489 587 1556; x_wconf 88' lang='lat' dir='ltr'><strong>filio</strong></span> <span class='ocrx_word' id='word_1_78' title='bbox 607 1488 737 1557; x_wconf 87' lang='lat' dir='ltr'><strong>Andree</strong></span> <span class='ocrx_word' id='word_1_79' title='bbox 768 1489 891 1576; x_wconf 81' lang='lat' dir='ltr'><strong>Comitc</strong></span> <span class='ocrx_word' id='word_1_80' title='bbox 916 1489 1085 1574; x_wconf 80' lang='lat' dir='ltr'><strong>Nytriensi</strong></span> <span class='ocrx_word' id='word_1_81' title='bbox 1114 1496 1146 1554; x_wconf 88' lang='lat' dir='ltr'><strong>at</strong></span> <span class='ocrx_word' id='word_1_82' title='bbox 1170 1489 1353 1572; x_wconf 85' lang='lat' dir='ltr'><strong>Borsiensi,</strong></span> <span class='ocrx_word' id='word_1_83' title='bbox 1386 1496 1421 1557; x_wconf 87' lang='lat' dir='ltr'><strong>et</strong></span> <span class='ocrx_word' id='word_1_84' title='bbox 1436 1491 1508 1574; x_wconf 84' lang='lat' dir='ltr'><strong>alijs</strong></span> 
     </span>
     <span class='ocr_line' id='line_1_12' title="bbox 367 1594 1572 1682; baseline 0.002 -25"><span class='ocrx_word' id='word_1_85' title='bbox 367 1596 563 1664; x_wconf 74' lang='lat' dir='ltr'><strong>‚saronicus</strong></span> <span class='ocrx_word' id='word_1_86' title='bbox 587 1615 627 1661; x_wconf 91' lang='lat' dir='ltr'><strong>ao</strong></span> <span class='ocrx_word' id='word_1_87' title='bbox 657 1595 826 1662; x_wconf 80' lang='lat' dir='ltr'><strong>Nobilibus</strong></span> <span class='ocrx_word' id='word_1_88' title='bbox 852 1594 955 1679; x_wconf 84' lang='lat' dir='ltr'><strong>Regni</strong></span> <span class='ocrx_word' id='word_1_89' title='bbox 986 1615 1046 1681; x_wconf 88' lang='lat' dir='ltr'><strong>per</strong></span> <span class='ocrx_word' id='word_1_90' title='bbox 1078 1594 1243 1661; x_wconf 88' lang='lat' dir='ltr'><strong>dominnm</strong></span> <span class='ocrx_word' id='word_1_91' title='bbox 1260 1596 1383 1677; x_wconf 82' lang='lat' dir='ltr'><strong>Regem</strong></span> <span class='ocrx_word' id='word_1_92' title='bbox 1398 1594 1434 1661; x_wconf 93' lang='lat' dir='ltr'><strong>in</strong></span> <span class='ocrx_word' id='word_1_93' title='bbox 1450 1595 1509 1661; x_wconf 90' lang='lat' dir='ltr'><strong>hac</strong></span> <span class='ocrx_word' id='word_1_94' title='bbox 1571 1599 1572 1682; x_wconf 50' lang='lat' dir='ltr'><strong>p</strong></span> 
     </span>
     <span class='ocr_line' id='line_1_13' title="bbox 381 1699 1509 1786; baseline 0.001 -18"><span class='ocrx_word' id='word_1_95' title='bbox 381 1703 477 1771; x_wconf 89' lang='lat' dir='ltr'><strong>nobis</strong></span> <span class='ocrx_word' id='word_1_96' title='bbox 501 1703 536 1767; x_wconf 92' lang='lat' dir='ltr'><strong>in</strong></span> <span class='ocrx_word' id='word_1_97' title='bbox 550 1701 657 1769; x_wconf 88' lang='lat' dir='ltr'><strong>socios</strong></span> <span class='ocrx_word' id='word_1_98' title='bbox 675 1699 847 1786; x_wconf 63' lang='lat' dir='ltr'><strong>deputatis</strong></span> <span class='ocrx_word' id='word_1_99' title='bbox 872 1701 978 1786; x_wconf 90' lang='lat' dir='ltr'><strong>ipsum</strong></span> <span class='ocrx_word' id='word_1_100' title='bbox 1007 1699 1199 1766; x_wconf 86' lang='lat' dir='ltr'><strong>Ladizlaum</strong></span> <span class='ocrx_word' id='word_1_101' title='bbox 1223 1699 1317 1766; x_wconf 86' lang='lat' dir='ltr'><strong>iuxta</strong></span> <span class='ocrx_word' id='word_1_102' title='bbox 1348 1704 1509 1769; x_wconf 83' lang='lat' dir='ltr'><strong>continen-</strong></span> 
     </span>
     <span class='ocr_line' id='line_1_14' title="bbox 382 1791 1572 1895; baseline 0.002 -21"><span class='ocrx_word' id='word_1_103' title='bbox 382 1809 467 1874; x_wconf 88' lang='lat' dir='ltr'><strong>ciam</strong></span> <span class='ocrx_word' id='word_1_104' title='bbox 482 1809 630 1895; x_wconf 87' lang='lat' dir='ltr'><strong>ipsarum</strong></span> <span class='ocrx_word' id='word_1_105' title='bbox 641 1809 783 1894; x_wconf 85' lang='lat' dir='ltr'><strong>priorum</strong></span> <span class='ocrx_word' id='word_1_106' title='bbox 798 1808 983 1892; x_wconf 87' lang='lat' dir='ltr'><strong>patencium</strong></span> <span class='ocrx_word' id='word_1_107' title='bbox 1003 1807 1184 1875; x_wconf 88' lang='lat' dir='ltr'><strong>litterarum</strong></span> <span class='ocrx_word' id='word_1_108' title='bbox 1200 1815 1386 1875; x_wconf 88' lang='lat' dir='ltr'><strong>nostrarum</strong></span> <span class='ocrx_word' id='word_1_109' title='bbox 1403 1817 1511 1876; x_wconf 84' lang='lat' dir='ltr'><strong>contra</strong></span> <span class='ocrx_word' id='word_1_110' title='bbox 1571 1791 1572 1816; x_wconf 53' lang='lat'>¹</span> 
     </span>
     <span class='ocr_line' id='line_1_15' title="bbox 381 1915 1509 2004; baseline 0.002 -23"><span class='ocrx_word' id='word_1_111' title='bbox 381 1916 520 1983; x_wconf 88' lang='lat' dir='ltr'><strong>eundem</strong></span> <span class='ocrx_word' id='word_1_112' title='bbox 535 1917 664 2004; x_wconf 80' lang='lat' dir='ltr'><strong>Rufeyn</strong></span> <span class='ocrx_word' id='word_1_113' title='bbox 689 1917 815 1982; x_wconf 77' lang='lat' dir='ltr'><strong>Bonum</strong></span> <span class='ocrx_word' id='word_1_114' title='bbox 841 1915 971 1994; x_wconf 84' lang='lat' dir='ltr'><strong>racione</strong></span> <span class='ocrx_word' id='word_1_115' title='bbox 996 1915 1219 2001; x_wconf 83' lang='lat' dir='ltr'><strong>dampnorum,</strong></span> <span class='ocrx_word' id='word_1_116' title='bbox 1236 1915 1442 2000; x_wconf 83' lang='lat' dir='ltr'><strong>iniuriarum,</strong></span> <span class='ocrx_word' id='word_1_117' title='bbox 1459 1937 1509 1983; x_wconf 91' lang='lat' dir='ltr'><strong>no·</strong></span> 
     </span>
     <span class='ocr_line' id='line_1_16' title="bbox 382 2023 1509 2110; baseline 0 -22"><span class='ocrx_word' id='word_1_118' title='bbox 382 2032 614 2110; x_wconf 74' lang='lat' dir='ltr'><strong>camentorum,</strong></span> <span class='ocrx_word' id='word_1_119' title='bbox 630 2023 915 2090; x_wconf 86' lang='lat' dir='ltr'><strong>interfeccionibus</strong></span> <span class='ocrx_word' id='word_1_120' title='bbox 947 2030 979 2090; x_wconf 87' lang='lat' dir='ltr'><strong>et</strong></span> <span class='ocrx_word' id='word_1_121' title='bbox 994 2024 1279 2090; x_wconf 88' lang='lat' dir='ltr'><strong>uulneracionibus</strong></span> <span class='ocrx_word' id='word_1_122' title='bbox 1294 2023 1461 2090; x_wconf 90' lang='lat' dir='ltr'><strong>hominum</strong></span> <span class='ocrx_word' id='word_1_123' title='bbox 1477 2026 1509 2088; x_wconf 92' lang='lat' dir='ltr'><strong>in</strong></span> 
     </span>
     <span class='ocr_line' id='line_1_17' title="bbox 381 2129 1510 2218; baseline 0 -22"><span class='ocrx_word' id='word_1_124' title='bbox 381 2131 508 2198; x_wconf 88' lang='lat' dir='ltr'><strong>eisdem</strong></span> <span class='ocrx_word' id='word_1_125' title='bbox 523 2131 683 2217; x_wconf 85' lang='lat' dir='ltr'><strong>prioribus</strong></span> <span class='ocrx_word' id='word_1_126' title='bbox 698 2131 885 2218; x_wconf 88' lang='lat' dir='ltr'><strong>patentibus</strong></span> <span class='ocrx_word' id='word_1_127' title='bbox 910 2129 1027 2198; x_wconf 87' lang='lat' dir='ltr'><strong>litteris</strong></span> <span class='ocrx_word' id='word_1_128' title='bbox 1051 2131 1169 2198; x_wconf 87' lang='lat' dir='ltr'><strong>nostris</strong></span> <span class='ocrx_word' id='word_1_129' title='bbox 1187 2149 1425 2217; x_wconf 84' lang='lat' dir='ltr'><strong>expressorum,</strong></span> <span class='ocrx_word' id='word_1_130' title='bbox 1442 2152 1510 2198; x_wconf 85' lang='lat' dir='ltr'><strong>sen-</strong></span> 
     </span>
     <span class='ocr_line' id='line_1_18' title="bbox 382 2235 1510 2322; baseline -0.001 -18"><span class='ocrx_word' id='word_1_131' title='bbox 382 2237 568 2304; x_wconf 87' lang='lat' dir='ltr'><strong>tencialiter</strong></span> <span class='ocrx_word' id='word_1_132' title='bbox 579 2235 780 2303; x_wconf 87' lang='lat' dir='ltr'><strong>decreuimus</strong></span> <span class='ocrx_word' id='word_1_133' title='bbox 790 2236 859 2304; x_wconf 86' lang='lat' dir='ltr'><strong>fore</strong></span> <span class='ocrx_word' id='word_1_134' title='bbox 870 2237 1061 2322; x_wconf 88' lang='lat' dir='ltr'><strong>conuictum,</strong></span> <span class='ocrx_word' id='word_1_135' title='bbox 1079 2243 1111 2302; x_wconf 88' lang='lat' dir='ltr'><strong>et</strong></span> <span class='ocrx_word' id='word_1_136' title='bbox 1127 2237 1161 2301; x_wconf 92' lang='lat' dir='ltr'><strong>in</strong></span> <span class='ocrx_word' id='word_1_137' title='bbox 1176 2256 1317 2322; x_wconf 86' lang='lat' dir='ltr'><strong>persona</strong></span> <span class='ocrx_word' id='word_1_138' title='bbox 1333 2255 1394 2304; x_wconf 88' lang='lat' dir='ltr'><strong>sua</strong></span> <span class='ocrx_word' id='word_1_139' title='bbox 1402 2245 1510 2303; x_wconf 85' lang='lat' dir='ltr'><strong>&#39;morte</strong></span> 
     </span>
     <span class='ocr_line' id='line_1_19' title="bbox 382 2343 1508 2430; baseline 0 -21"><span class='ocrx_word' id='word_1_140' title='bbox 382 2345 495 2411; x_wconf 87' lang='lat' dir='ltr'><strong>debita</strong></span> <span class='ocrx_word' id='word_1_141' title='bbox 512 2343 826 2430; x_wconf 86' lang='lat' dir='ltr'><strong>condempnandum,</strong></span> <span class='ocrx_word' id='word_1_142' title='bbox 849 2364 908 2410; x_wconf 91' lang='lat' dir='ltr'><strong>sen</strong></span> <span class='ocrx_word' id='word_1_143' title='bbox 925 2346 1029 2410; x_wconf 85' lang='lat' dir='ltr'><strong>eciam</strong></span> <span class='ocrx_word' id='word_1_144' title='bbox 1055 2343 1251 2429; x_wconf 85' lang='lat' dir='ltr'><strong>puniendum</strong></span> <span class='ocrx_word' id='word_1_145' title='bbox 1278 2345 1349 2410; x_wconf 82' lang='lat' dir='ltr'><strong>sinc</strong></span> <span class='ocrx_word' id='word_1_146' title='bbox 1373 2345 1508 2429; x_wconf 87' lang='lat' dir='ltr'><strong>strepitu</strong></span> 
     </span>
     <span class='ocr_line' id='line_1_20' title="bbox 378 2450 1509 2540; baseline 0.001 -24"><span class='ocrx_word' id='word_1_147' title='bbox 378 2451 496 2537; x_wconf 89' lang='lat' dir='ltr'><strong>judieij</strong></span> <span class='ocrx_word' id='word_1_148' title='bbox 513 2451 661 2540; x_wconf 84' lang='lat' dir='ltr'><strong>alicuius,</strong></span> <span class='ocrx_word' id='word_1_149' title='bbox 679 2458 712 2518; x_wconf 87' lang='lat' dir='ltr'><strong>et</strong></span> <span class='ocrx_word' id='word_1_150' title='bbox 727 2453 875 2518; x_wconf 90' lang='lat' dir='ltr'><strong>omnibus</strong></span> <span class='ocrx_word' id='word_1_151' title='bbox 892 2451 959 2518; x_wconf 90' lang='lat' dir='ltr'><strong>illis</strong></span> <span class='ocrx_word' id='word_1_152' title='bbox 975 2450 1243 2538; x_wconf 78' lang='lat' dir='ltr'><strong>possessionibus,</strong></span> <span class='ocrx_word' id='word_1_153' title='bbox 1256 2469 1318 2534; x_wconf 89' lang='lat' dir='ltr'><strong>que</strong></span> <span class='ocrx_word' id='word_1_154' title='bbox 1328 2453 1435 2538; x_wconf 88' lang='lat' dir='ltr'><strong>ipsum</strong></span> <span class='ocrx_word' id='word_1_155' title='bbox 1450 2452 1509 2517; x_wconf 89' lang='lat' dir='ltr'><strong>La-</strong></span> 
     </span>
     <span class='ocr_line' id='line_1_21' title="bbox 382 2557 1509 2647; baseline 0.001 -25"><span class='ocrx_word' id='word_1_156' title='bbox 382 2557 526 2624; x_wconf 86' lang='lat' dir='ltr'><strong>dizlaum</strong></span> <span class='ocrx_word' id='word_1_157' title='bbox 541 2564 678 2643; x_wconf 80' lang='lat' dir='ltr'><strong>tangere</strong></span> <span class='ocrx_word' id='word_1_158' title='bbox 695 2557 928 2646; x_wconf 86' lang='lat' dir='ltr'><strong>dinoscuntur,</strong></span> <span class='ocrx_word' id='word_1_159' title='bbox 954 2557 1183 2628; x_wconf 84' lang='lat' dir='ltr'><strong>denudandum</strong></span> <span class='ocrx_word' id='word_1_160' title='bbox 1200 2563 1234 2625; x_wconf 87' lang='lat' dir='ltr'><strong>ct</strong></span> <span class='ocrx_word' id='word_1_161' title='bbox 1249 2558 1461 2647; x_wconf 77' lang='lat' dir='ltr'><strong>pulsandum,</strong></span> <span class='ocrx_word' id='word_1_162' title='bbox 1478 2567 1509 2624; x_wconf 85' lang='lat' dir='ltr'><strong>ct</strong></span> 
     </span>
     <span class='ocr_line' id='line_1_22' title="bbox 383 2663 1509 2752; baseline 0.001 -24"><span class='ocrx_word' id='word_1_163' title='bbox 383 2663 530 2731; x_wconf 88' lang='lat' dir='ltr'><strong>deductis</strong></span> <span class='ocrx_word' id='word_1_164' title='bbox 561 2666 657 2734; x_wconf 85' lang='lat' dir='ltr'><strong>factis</strong></span> <span class='ocrx_word' id='word_1_165' title='bbox 689 2665 925 2752; x_wconf 87' lang='lat' dir='ltr'><strong>principalibus</strong></span> <span class='ocrx_word' id='word_1_166' title='bbox 958 2665 1000 2734; x_wconf 88' lang='lat' dir='ltr'><strong>de</strong></span> <span class='ocrx_word' id='word_1_167' title='bbox 1016 2666 1139 2734; x_wconf 84' lang='lat' dir='ltr'><strong>eisdem</strong></span> <span class='ocrx_word' id='word_1_168' title='bbox 1164 2666 1434 2750; x_wconf 86' lang='lat' dir='ltr'><strong>possessionibus,</strong></span> <span class='ocrx_word' id='word_1_169' title='bbox 1450 2685 1509 2748; x_wconf 87' lang='lat' dir='ltr'><strong>que</strong></span> 
     </span>
     <span class='ocr_line' id='line_1_23' title="bbox 382 2771 1510 2860; baseline 0.001 -25"><span class='ocrx_word' id='word_1_170' title='bbox 382 2772 472 2839; x_wconf 83' lang='lat' dir='ltr'><strong>lacta</strong></span> <span class='ocrx_word' id='word_1_171' title='bbox 488 2771 686 2858; x_wconf 75' lang='lat' dir='ltr'><strong>principalia</strong></span> <span class='ocrx_word' id='word_1_172' title='bbox 717 2773 781 2858; x_wconf 92' lang='lat' dir='ltr'><strong>ipsi</strong></span> <span class='ocrx_word' id='word_1_173' title='bbox 796 2771 924 2858; x_wconf 86' lang='lat' dir='ltr'><strong>Rosoyn</strong></span> <span class='ocrx_word' id='word_1_174' title='bbox 955 2775 1046 2840; x_wconf 88' lang='lat' dir='ltr'><strong>Bano</strong></span> <span class='ocrx_word' id='word_1_175' title='bbox 1079 2773 1255 2860; x_wconf 85' lang='lat' dir='ltr'><strong>debentur,</strong></span> <span class='ocrx_word' id='word_1_176' title='bbox 1288 2773 1510 2841; x_wconf 84' lang='lat' dir='ltr'><strong>residnitatem</strong></span> 
     </span>
     <span class='ocr_line' id='line_1_24' title="bbox 385 2879 1509 2966; baseline 0.004 -24"><span class='ocrx_word' id='word_1_177' title='bbox 385 2879 562 2944; x_wconf 88' lang='lat' dir='ltr'><strong>earundem</strong></span> <span class='ocrx_word' id='word_1_178' title='bbox 592 2880 837 2966; x_wconf 88' lang='lat' dir='ltr'><strong>possessionum</strong></span> <span class='ocrx_word' id='word_1_179' title='bbox 857 2881 891 2946; x_wconf 93' lang='lat' dir='ltr'><strong>in</strong></span> <span class='ocrx_word' id='word_1_180' title='bbox 907 2900 1022 2948; x_wconf 89' lang='lat' dir='ltr'><strong>manus</strong></span> <span class='ocrx_word' id='word_1_181' title='bbox 1054 2886 1181 2948; x_wconf 84' lang='lat' dir='ltr'><strong>nostras</strong></span> <span class='ocrx_word' id='word_1_182' title='bbox 1212 2887 1369 2965; x_wconf 85' lang='lat' dir='ltr'><strong>tauquam</strong></span> <span class='ocrx_word' id='word_1_183' title='bbox 1385 2880 1509 2948; x_wconf 72' lang='lat' dir='ltr'><strong>indicis</strong></span> 
     </span>
     <span class='ocr_line' id='line_1_25' title="bbox 383 2983 1571 3076; baseline 0.009 -27"><span class='ocrx_word' id='word_1_184' title='bbox 383 2983 631 3055; x_wconf 85' lang='lat' dir='ltr'><strong>deuoluendam.</strong></span> <span class='ocrx_word' id='word_1_185' title='bbox 648 2987 768 3055; x_wconf 88' lang='lat' dir='ltr'><strong>Datum</strong></span> <span class='ocrx_word' id='word_1_186' title='bbox 783 2988 876 3055; x_wconf 86' lang='lat' dir='ltr'><strong>Budc</strong></span> <span class='ocrx_word' id='word_1_187' title='bbox 893 2997 1010 3056; x_wconf 87' lang='lat' dir='ltr'><strong>octauo</strong></span> <span class='ocrx_word' id='word_1_188' title='bbox 1025 2988 1078 3058; x_wconf 81' lang='lat' dir='ltr'><strong>(lie</strong></span> <span class='ocrx_word' id='word_1_189' title='bbox 1095 2996 1168 3076; x_wconf 93' lang='lat' dir='ltr'><strong>post</strong></span> <span class='ocrx_word' id='word_1_190' title='bbox 1184 2990 1318 3056; x_wconf 87' lang='lat' dir='ltr'><strong>tercium</strong></span> <span class='ocrx_word' id='word_1_191' title='bbox 1334 2988 1419 3056; x_wconf 89' lang='lat' dir='ltr'><strong>diem</strong></span> <span class='ocrx_word' id='word_1_192' title='bbox 1433 2993 1511 3056; x_wconf 87' lang='lat' dir='ltr'><strong>stre-</strong></span> <span class='ocrx_word' id='word_1_193' title='bbox 1570 3047 1571 3060; x_wconf 23' lang='lat' dir='ltr'><strong>a</strong></span> 
     </span>
     <span class='ocr_line' id='line_1_26' title="bbox 381 3095 1571 3165; baseline 0.008 -7"><span class='ocrx_word' id='word_1_194' title='bbox 381 3112 499 3160; x_wconf 83' lang='lat' dir='ltr'><strong>aarum</strong></span> <span class='ocrx_word' id='word_1_195' title='bbox 515 3115 600 3161; x_wconf 84' lang='lat' dir='ltr'><strong>anuo</strong></span> <span class='ocrx_word' id='word_1_196' title='bbox 616 3096 750 3162; x_wconf 92' lang='lat' dir='ltr'><strong>Domini</strong></span> <span class='ocrx_word' id='word_1_197' title='bbox 765 3097 816 3161; x_wconf 77' lang='grc' dir='ltr'><strong>Μο</strong></span> <span class='ocrx_word' id='word_1_198' title='bbox 834 3097 1068 3165; x_wconf 83' lang='lat' dir='ltr'><strong>trecentesimo.</strong></span> <span class='ocrx_word' id='word_1_199' title='bbox 1570 3095 1571 3114; x_wconf 56' lang='lat'>³</span> 
     </span>
    </p>
   </div>
   <div class='ocr_carea' id='block_1_3' title="bbox 380 3271 1508 3430">
    <p class='ocr_par' dir='ltr' id='par_1_3' title="bbox 380 3257 1571 3430">
     <span class='ocr_line' id='line_1_27' title="bbox 380 3271 1508 3342; baseline 0.001 -21"><span class='ocrx_word' id='word_1_200' title='bbox 380 3272 449 3337; x_wconf 68' lang='grc' dir='ltr'><strong>(ΙΙΙ.</strong></span> <span class='ocrx_word' id='word_1_201' title='bbox 461 3273 552 3325; x_wconf 83' lang='lat' dir='ltr'><strong>Endre</strong></span> <span class='ocrx_word' id='word_1_202' title='bbox 573 3271 726 3341; x_wconf 77' lang='lat' dir='ltr'><strong>kirtlynak</strong></span> <span class='ocrx_word' id='word_1_203' title='bbox 742 3277 853 3330; x_wconf 76' lang='lat' dir='ltr'><strong>ttoo-ki</strong></span> <span class='ocrx_word' id='word_1_204' title='bbox 867 3275 1031 3342; x_wconf 82' lang='lat' dir='ltr'><strong>megarbsltll</strong></span> <span class='ocrx_word' id='word_1_205' title='bbox 1045 3272 1226 3342; x_wconf 71' lang='lat' dir='ltr'><strong>okmbnyabbl</strong></span> <span class='ocrx_word' id='word_1_206' title='bbox 1240 3277 1310 3329; x_wconf 83' lang='lat' dir='ltr'><strong>mint</strong></span> <span class='ocrx_word' id='word_1_207' title='bbox 1323 3277 1430 3330; x_wconf 82' lang='lat' dir='ltr'><strong>lentabb</strong></span> <span class='ocrx_word' id='word_1_208' title='bbox 1456 3278 1508 3324; x_wconf 79' lang='lat' dir='ltr'><strong>24r</strong></span> 
     </span>
     <span class='ocr_line' id='line_1_28' title="bbox 855 3362 1029 3430; baseline 0 -12"><span class='ocrx_word' id='word_1_209' title='bbox 855 3362 926 3418; x_wconf 68' lang='lat' dir='ltr'><strong>suam</strong></span> <span class='ocrx_word' id='word_1_210' title='bbox 940 3362 1029 3430; x_wconf 81' lang='lat' dir='ltr'><strong>alatt.)</strong></span> 
     </span>
    </p>
   </div>
   <div class='ocr_carea' id='block_1_4' title="bbox 848 3659 1060 3674">
    <p class='ocr_par' dir='ltr' id='par_1_4' title="bbox 848 3659 1060 3674">
     <span class='ocr_line' id='line_1_29' title="bbox 848 3659 1060 3674; baseline 0.005 -2"><span class='ocrx_word' id='word_1_211' title='bbox 848 3659 1060 3674; x_wconf 59' lang='grc' dir='ltr'><strong>ιι--η--Ι</strong></span> 
     </span>
    </p>
   </div>
   <div class='ocr_carea' id='block_1_5' title="bbox 0 0 1598 5166">
    <p class='ocr_par' dir='ltr' id='par_1_5' title="bbox 0 0 1598 5166">
     <span class='ocr_line' id='line_1_30' title="bbox 0 0 1598 5166; baseline 0 0"><span class='ocrx_word' id='word_1_212' title='bbox 0 0 1598 5166; x_wconf 95' lang='lat' dir='ltr'><strong> </strong></span> 
     </span>
    </p>
   </div>
  </div>
 </body>
</html>
