3098 5172
567 349 727 454 „Q

89 565 151 618 nus
168 543 350 616 contineri:
366 544 454 631 quod
468 543 584 616 Comes
600 546 642 615 de
657 547 787 616 Barana
813 567 873 634 pro
888 553 1033 636 tempore
1060 549 1215 621 constitu·

87 665 139 742 tus,
152 656 253 724 simul
269 675 342 722 oum
357 653 590 740 iobagionibus
608 654 715 724 (lustri
732 653 878 724 eiusdem
896 656 1075 744 predictam
1094 665 1215 728 terram

88 761 233 832 Guaresd
248 761 500 849 impediuissent
514 763 556 830 ab
573 763 686 830 eodem
697 761 719 852 ,'
734 768 767 830 et
783 763 895 832 ordine
912 763 1087 834 iudioiario
1104 775 1217 835 eontra

88 868 261 956 predictum
276 868 473 954 Magistrum
493 869 686 938 Gorraldum
703 871 961 958 proaesaissent;
978 874 1089 957 ipsam
1106 873 1217 959 itaqua

90 986 206 1045 terram
224 975 372 1044 Gneresd
386 977 544 1062 Magister
561 978 722 1046 Corradus
738 997 831 1046 suam
848 999 922 1048 esse
937 979 1051 1049 heredi
1061 982 1180 1050 tarium
1196 1001 1218 1047 a

89 1087 149 1153 ruis
164 1083 429 1171 progenitoribus
448 1089 499 1151 est
521 1085 711 1170 confessus,
729 1093 761 1152 et
777 1105 849 1153 oum
866 1087 1006 1174 iamper
1023 1093 1146 1155 oartarn
1170 1087 1216 1154 in-

90 1191 294 1276 quisioiouem
310 1190 475 1258 Baronum
498 1195 531 1257 et
546 1191 684 1258 aliorum
701 1191 857 1276 nobilium
874 1191 949 1261 aoiri
965 1193 1080 1281 potuit,
1098 1191 1216 1282 (quod)

88 1301 155 1386 ipsa
169 1304 260 1365 terra
275 1295 413 1366 Guerest
428 1305 515 1366 esset
530 1305 563 1366 et
579 1297 696 1368 luisset
711 1299 861 1384 Magistri
878 1299 1027 1368 Corraldi
1043 1301 1207 1387 antadioti,

91 1415 120 1476 et
133 1427 206 1474 eum
221 1405 321 1492 ijdem
337 1406 452 1475 Comes
480 1407 521 1474 de
536 1408 669 1476 Baraua
684 1413 717 1475 et
740 1407 933 1494 iobagiones
958 1409 1065 1479 (lustri
1080 1407 1218 1498 predioti

92 1513 265 1583 seeundum
275 1514 364 1581 uiam
375 1513 503 1584 iustioie
513 1515 688 1602 proaedere
698 1535 764 1584 non
774 1514 956 1584 uoluissent
972 1518 1210 1604 oontruipsum,

95 1622 230 1690 eundem
245 1629 365 1690 terram
391 1621 551 1692 Gueresth
566 1629 602 1690 ut
621 1624 677 1710 jus
703 1644 795 1692 suum
821 1621 1051 1691 hereditarium
1076 1624 1217 1705 relique·

94 1735 162 1797 runt
176 1729 285 1798 eidem
299 1729 455 1814 Magistro
471 1729 627 1798 Oorraldo
643 1731 779 1816 panitiae
793 1731 1035 1818 possidendam.
1052 1730 1215 1798 Vndsnos

26 1923 31 1936 .
95 1839 194 1924 ipsum
210 1844 329 1904 terram
346 1837 518 1926 (lueresth,
534 1839 606 1922 ipso
631 1837 787 1922 Magistro
807 1840 902 1904 Petro
927 1839 1058 1905 nomina
1083 1843 1115 1905 at
1145 1837 1217 1904 vioe

93 1943 191 2028 ipsius
207 1943 245 2010 B.
262 1945 484 2032 Episcopi,oui
500 1943 650 2013 dominus
665 1945 813 2012 Andreas
834 1948 902 2012 Rex
918 1945 1085 2030 Huugarie
1108 1945 1215 2032 ipsam

91 2057 204 2118 terram
219 2053 409 2138 oontulerat,
423 2051 503 2118 risis
519 2051 623 2119 eoiam
645 2050 760 2118 litteris
777 2050 899 2118 domini
914 2051 1013 2136 Regis
1037 2051 1095 2138 diij
1116 2049 1217 2119 nostri

93 2157 592 2246 karissimiprotestuoionalibus
608 2177 680 2224 oum
696 2157 806 2243 sigillo
822 2158 940 2225 anuleo
957 2154 1215 2243 impressis,reli·

94 2265 226 2352 quimus,
243 2287 319 2352 ymo
340 2265 468 2334 restitui
484 2264 631 2351 teoimus,
647 2271 804 2351 perpetuo
819 2271 851 2332 et
862 2263 1126 2332 inreuooabiliter
1136 2265 1221 2350 paol-

96 2372 149 2442 fios
164 2373 407 2461 possidendam,
422 2372 596 2442 tenendam
613 2377 645 2438 et
662 2371 857 2460 habendam,
873 2373 962 2441 nullo
988 2371 1117 2458 penitus
1148 2391 1223 2440 oon·

97 2483 269 2551 trudiotore
286 2484 453 2552 existente.
484 2483 606 2550 Datum
617 2481 650 2548 in
660 2481 789 2567 Posega
804 2481 838 2546 iu
849 2487 972 2549 uetanis
982 2479 1133 2548 Omnium
1143 2481 1223 2548 San·

97 2595 216 2657 storum
226 2609 316 2657 anno
331 2589 463 2660 Domini
479 2587 600 2657 M⁰OO⁰
615 2588 828 2672 nonagesimo
845 2587 967 2672 quinto.

100 2747 236 2819 (Ersdetis
251 2748 428 2822 bitrhlrtyln,
441 2767 459 2803 a
470 2748 549 2804 hltnl
563 2751 615 2802 oda
627 2767 709 2817 nyorn
715 2754 756 2803 ott
768 2747 862 2821 peasdt
875 2749 1010 2815 slrsrsat3
1023 2762 1041 2800 a
1061 2743 1135 2800 mtlr.
1157 2740 1223 2798 ntro

439 2839 534 2907 Merop
547 2835 640 2891 essldd
667 2837 877 2908 larbltdrdbnn.)

628 3513 702 3584 124.

106 3693 200 3763 VIII.
216 3689 1228 3783 BonisdorpdpaJdrroajudruidraeketfdbotolmozzabopyar

214 3807 335 3872 orrorot‘
345 3803 563 3891 pitapb'bsdpro
574 3803 737 3889 pitrpdlrb't
752 3802 993 3868 kinoveabeaaerr.
1011 3798 1108 3865 1295.

205 3977 396 4048 Bonilaoius
419 3977 604 4066 Episcopus
630 3997 743 4046 servus
767 3995 932 4047 servorum
959 3976 1021 4043 Dei
1047 3973 1228 4042 venerabili

96 4085 191 4156 fratri
207 4086 352 4156 Johanni
368 4083 623 4172 Archiapisoopo
639 4083 791 4152 Jadreusi
807 4084 945 4151 salutem
961 4087 994 4151 et
1005 4079 1230 4167 Apostolioam

95 4193 365 4264 benedictionem.
391 4193 543 4261 Debitum
559 4191 659 4262 olfioii
675 4191 777 4261 nostri
793 4193 939 4276 requirit,
954 4197 990 4258 ut
1004 4189 1089 4256 iuter
1115 4186 1232 4254 solliei-

96 4301 229 4370 tudines
245 4301 341 4387 alias,
358 4301 475 4387 quibua
490 4297 624 4370 assidue
639 4298 825 4387 premimur,
852 4296 1039 4384 speoialiter
1063 4293 1151 4361 eirea
1175 4295 1232 4360 Ee·

97 4409 220 4478 elesius
235 4408 415 4477 sollertiam
431 4407 622 4476 adhibentes
637 4407 782 4494 ipsarum
798 4403 996 4472 utilitatibus
1021 4399 1231 4486 intendimus,

98 4517 131 4585 in
147 4537 188 4586 eo
205 4515 359 4603 maxima,
377 4519 413 4583 nt
428 4513 581 4598 viduatis,
597 4535 640 4583 ne
655 4515 751 4600 longe
767 4509 951 4580 vacationis
976 4506 1151 4595 dispendia
1173 4525 1230 4594 pu·

11 4717 12 4720 Ἴ
103 4629 240 4722 tiantnr,
257 4623 408 4703 eeleriter
422 4629 531 4705 nostre
547 4621 717 4719 diligentie
733 4617 840 4695 studio
855 4619 897 4694 de
912 4618 1042 4692 illorum
1058 4612 1234 4710 providea-
