3170 5166
808 301 969 405 „³2⁶-

325 520 391 569 ures
401 550 412 588 ,
432 499 565 567 Alberto
583 499 623 565 de
639 499 773 567 Borswa
781 552 792 587 ,
810 499 944 568 Simone
960 499 1046 569 Noui
1063 499 1169 568 Casiri
1194 501 1456 590 Archidiaeonis,

325 613 358 675 et
373 608 451 692 alijs
467 607 594 684 multis;
612 627 699 674 auno
714 610 846 675 Domini
862 606 1010 677 M⁰OOG⁰.
1035 611 1206 694 Regnante
1232 609 1363 678 Andrea
1378 609 1458 676 Illu-

287 719 298 736 “
326 715 385 782 stri
400 716 489 798 Rege
505 715 683 802 Hungarie,
718 715 874 800 Gregorio
891 717 1005 784 Eleeto
1037 716 1271 801 strigoniensi,
1304 716 1460 786 lohanne

326 821 592 908 Arehyepisoopo
609 821 796 908 (tolosensi,
823 831 855 890 et
880 825 1010 892 domino
1035 828 1146 892 nostro
1162 825 1343 893 venerabili
1359 832 1459 912 patre

327 928 459 998 Andron
474 930 536 997 Dei
552 931 666 1015 grauia
681 931 842 1020 Episcopo
856 932 1011 1019 Agriensi
1027 931 1254 1000 existentibus.

636 1091 665 1157 A
880 1095 907 1160 Β
947 1133 951 1138 -
1124 1093 1150 1159 O

329 1253 470 1321 (Eredstie
482 1252 655 1324 bbrhtrtytn,
669 1257 782 1322 melyrdl
795 1269 812 1306 a
824 1253 916 1323 peesdt
928 1257 1157 1322 selyemminbron
1176 1257 1262 1323 sugg,
1278 1270 1296 1307 a
1307 1255 1394 1310 budai
1407 1257 1460 1310 kin.

723 1347 847 1399 kamaruu
858 1343 1050 1415 levdlttrban.)

787 1631 1001 1646 m

859 2175 937 2242 260.

333 2369 383 2438 Aa
399 2376 465 2458 apri
480 2373 701 2458 loriptoloonod·
717 2398 738 2438 a
754 2375 884 2460 Beretey
906 2373 1088 2461 bolysdpbeo
1105 2381 1219 2442 tdrtdnt
1241 2378 1378 2464 osztdlyt
1394 2383 1459 2442 to'r-

633 2484 734 2568 ppuzo
751 2481 1019 2568 bu'aoapadpleoele.
1036 2486 1135 2550 1300.

440 2677 598 2748 Omnibus
614 2678 732 2747 Christi
749 2680 898 2748 fidelibus
914 2686 980 2748 tam
997 2681 1205 2767 presentibus
1230 2701 1326 2767 quam
1343 2680 1460 2750 futuris

334 2807 469 2874 presens
486 2789 641 2875 seriptum
658 2789 851 2874 inspecturis
862 2788 1045 2876 Capitulum
1061 2790 1208 2858 Eoelesie
1223 2791 1397 2875 Agriensis
1411 2810 1462 2858 sa·
1570 2809 1571 2816 ¹

332 2896 433 2963 lutem
448 2897 482 2962 in
499 2897 641 2964 omnium
657 2898 832 2964 saluatore.
863 2897 914 2963 Ad
939 2899 1161 2965 uniuersorum
1178 2898 1333 2966 notioiam
1347 2905 1462 2966 tenore
1569 2983 1570 2986 Ἴ

332 3005 535 3090 presencium
565 3005 712 3072 volumus
743 3005 931 3092 peruenire,
957 3005 1045 3090 quod
1069 3006 1185 3073 Petrus
1216 3007 1301 3074 filius
1328 3004 1461 3073 comitis
1569 3033 1570 3062 i

333 3111 468 3197 Georgij
487 3114 602 3181 Oomes
618 3111 660 3179 do
675 3113 770 3181 Nouo
788 3111 921 3198 Castro,
939 3119 972 3178 et
996 3113 1153 3197 Magister
1176 3113 1346 3182 lohannes
1362 3113 1462 3180 trater

333 3219 480 3287 eiusdem
506 3240 547 3288 ex
563 3241 628 3286 una
645 3226 739 3304 parte
749 3271 758 3306 ,
788 3219 831 3285 ab
862 3221 969 3286 ultera
988 3241 1064 3288 vero
1080 3221 1216 3306 Egidius
1234 3227 1268 3288 et
1283 3219 1462 3309 Dyonisius

335 3327 391 3412 filij
410 3327 567 3396 lobannis
585 3347 644 3414 pro
661 3347 697 3395 se
713 3335 746 3394 et
760 3346 819 3411 pro
835 3327 1023 3395 Andronioo
1054 3330 1155 3396 fratre
1179 3334 1325 3414 ipsorum
1349 3347 1462 3396 eoram

335 3433 430 3502 nobis
446 3435 661 3520 personaliter
678 3433 844 3503 constituti
871 3435 1070 3502 oonoorditer
1095 3437 1294 3523 retulerunt,
1324 3436 1412 3521 quod
1428 3435 1461 3502 iu

333 3541 524 3629 quibusdam
541 3543 805 3628 possessionibus
821 3545 890 3611 suis
920 3545 1056 3611 iuferius
1072 3542 1281 3610 declarandis
1298 3542 1373 3629 pari
1389 3564 1462 3610 oon·
1567 3577 1568 3592 ι

333 3669 432 3721 sensu
447 3651 546 3716 talem
562 3649 647 3718 inter
663 3672 699 3721 se
714 3650 870 3719 iecissent
887 3651 1101 3736 diuisionem,
1127 3651 1213 3735 quod
1227 3651 1330 3736 ijdem
1347 3651 1462 3718 Comes

332 3763 448 3829 Petrus
464 3763 498 3826 et
513 3759 669 3844 Magister
684 3759 706 3826 J
708 3761 852 3830 ohannes
863 3761 1029 3843 quandam
1045 3761 1286 3846 possessionem
1301 3757 1463 3846 Beretbey
1566 3797 1567 3828 r

332 3870 572 3953 vocatamque
588 3867 633 3933 ad
649 3867 738 3953 ipsos
755 3867 919 3935 adomino
931 3867 1102 3954 llyuhaele
1112 3867 1283 3952 Proposito
1292 3865 1463 3951 llyslieusi

333 3977 432 4044 sratre
446 3975 589 4061 ipsorum
605 3973 699 4042 titulo
724 3974 870 4061 pignoris
888 3975 994 4043 extitit
1010 3975 1183 4060 deuolute,
1211 3993 1284 4040 eum
1300 3973 1463 4042 uniuersis

333 4083 531 4152 utilitatibus
548 4083 635 4163 suis;
653 4081 731 4168 quia
748 4083 826 4150 dieti
843 4083 900 4169 filij
917 4083 1079 4152 iohannis
1105 4081 1255 4169 spiritum
1271 4080 1464 4149 rebellionis

334 4212 445 4260 eorum
460 4189 614 4276 vitarunt,
632 4197 664 4260 et
680 4191 743 4258 sibi
759 4191 950 4259 studuerunt
960 4193 1175 4279 eomplaoere,
1191 4191 1233 4258 ob
1249 4189 1465 4258 dileoeiouem

334 4297 519 4386 eorundem,
549 4317 613 4366 nou
638 4304 775 4384 aoeepta
805 4301 915 4384 aliqua
946 4299 1086 4385 peounia
1101 4299 1144 4366 ab
1169 4297 1293 4366 eisdem
1308 4319 1368 4384 pro
1393 4317 1465 4382 pre-

335 4407 423 4475 diota
454 4407 680 4495 possessione,
712 4406 878 4476 dedissent
908 4414 941 4476 et
965 4407 1172 4475 tradiderunt
1203 4407 1284 4494 ipsis
1309 4403 1387 4489 tiliJs
1411 4403 1464 4472 Jo-

334 4515 454 4582 hannis
485 4521 520 4582 et
548 4514 724 4582 heredibus
756 4535 868 4583 eorum
899 4515 1116 4602 heredumque
1138 4535 1268 4583 snorum
1298 4531 1463 4585 suecesso-

337 4621 426 4692 ribus
442 4628 596 4712 perpetuo
627 4619 859 4712 possidendam
876 4629 908 4692 et
923 4623 1120 4698 habendam.
1151 4623 1276 4692 Presati
1306 4641 1384 4691 uero
1401 4619 1463 4706 filij
