3170 5166
323 460 408 529 filins
424 458 582 546 Stephani
598 458 706 526 fidelis
722 466 841 556 noster,
860 458 946 544 qnod
961 459 1118 528 Nicotaus
1131 459 1237 527 dietus
1253 460 1369 529 Boion
1386 481 1470 547 pos·
1583 469 1584 496 ³

325 566 503 638 sessionem
518 587 611 636 snam
628 566 859 636 hereditariam
874 569 1010 654 Kopaoh
1021 573 1169 636 vocatam
1186 569 1219 635 in
1238 568 1402 636 Comitatn
1418 569 1463 636 de
1583 609 1584 632 1

324 679 455 744 Barana
471 676 563 742 iuxta
578 677 726 742 Drauam
743 675 933 744 existentem
949 676 1173 761 potentialiter
1189 674 1348 743 detineret
1363 695 1462 744 oeeu·
1583 727 1584 770 4

325 792 449 872 potam,
467 786 500 851 in
517 783 731 870 preindieinm
748 784 893 851 eiusdem
909 803 976 850 non
1015 783 1178 851 modinum
1211 791 1244 851 et
1267 805 1467 870 granamem
1583 825 1584 830 =

326 893 420 960 Vnde
440 889 633 960 mandamus
648 890 798 958 fidelitati
821 898 876 958 tne
891 889 1112 976 precipiendo,
1139 896 1317 974 quaternus
1333 890 1464 959 dietam
1583 911 1584 914 ¹

325 1002 564 1086 possessionem
589 998 726 1085 Kopaoh
753 997 860 1066 eidem
884 997 1042 1083 Magistro
1066 997 1220 1066 Korardo
1246 997 1337 1066 reddi
1352 997 1468 1064 fanias-
1583 1023 1584 1084 j

327 1116 359 1174 et
375 1107 501 1176 restilni
516 1105 645 1173 instieia
667 1103 842 1192 mediante,
858 1112 890 1171 et
904 1105 1011 1192 ipsum
1027 1107 1081 1172 nel
1112 1104 1282 1173 offioiaiern
1313 1124 1406 1172 sunm
1421 1104 1464 1170 in

328 1214 442 1282 eadem
467 1217 680 1280 manuteneas
695 1217 728 1278 et
743 1230 915 1280 conserues
931 1212 1129 1278 anctoritate
1155 1218 1267 1278 nostra
1283 1210 1466 1278 mediante.

324 1321 489 1388 Preterea·
503 1337 543 1386 ex
567 1323 661 1405 parte
686 1317 835 1403 Magistri
859 1317 990 1404 Kemyn
1015 1318 1074 1402 fiiij
1087 1318 1255 1406 nareneij,
1281 1316 1465 1386 seeundum

326 1428 414 1512 quod
430 1427 653 1496 instrumentis
668 1425 748 1492 dieti
765 1425 902 1494 Oorardi
926 1425 1047 1493 videris
1064 1425 1237 1512 contineri,
1253 1425 1358 1492 eidem
1374 1425 1466 1492 satis
1583 1459 1584 1490 1

325 1533 505 1605 faeeionem
520 1533 708 1619 impendere
728 1533 848 1601 debeas
864 1533 1096 1622 omnimodam,
1113 1532 1203 1599 alind
1219 1553 1285 1598 non
1301 1533 1471 1599 faetores*
1583 1595 1584 1608 ,

325 1643 447 1710 Datum
461 1639 553 1708 Bude
577 1639 659 1708 ieria
684 1647 799 1724 quarta
814 1639 963 1725 proxima
978 1645 1056 1707 ante
1081 1640 1296 1706 Natiuitatem
1313 1637 1472 1721 Virginis
1583 1645 1584 1668 ³

328 1749 486 1818 Glorioso.

434 1855 585 1926 Kivttl:
607 1856 763 1940 Magistro
773 1854 917 1923 iohanni
933 1856 998 1923 titio
1010 1857 1126 1924 Chaair
1137 1854 1253 1922 Comiti
1263 1853 1304 1920 de
1314 1855 1469 1920 Barana,
1583 1857 1584 1890 i

295 2059 301 2070 '
329 2053 469 2116 (Eredetie
504 2049 679 2119 biirhdrtydn,
703 2066 720 2102 a
744 2052 862 2104 kiriilrb'l
896 2053 949 2108 oda
972 2060 1096 2120 nyomott
1115 2054 1207 2120 penset
1228 2053 1371 2116 elvennett;
1392 2065 1411 2102 a
1435 2053 1472 2102 b»
1583 2063 1584 2072 ¹

685 2139 781 2208 trenay
795 2141 888 2195 esaldd
909 2140 1109 2209 iereitdrdbon)

784 2415 1000 2440 ——0—

848 2957 925 3025 att.

330 3261 398 3326 ΙΙΙ.
413 3261 524 3325 Eadre
539 3261 720 3345 inindipaoie
738 3282 910 3347 parentoso
936 3267 1199 3350 eaotmdnaneppei
1221 3264 1462 3350 addsaeddihffi

330 3371 413 3455 doqy
428 3367 536 3447 Peter,
552 3365 720 3433 Abrohom
745 3378 854 3435 mester
869 3369 989 3452 fldaak
1004 3371 1144 3456 aepeitdl
1159 3393 1199 3435 ne
1214 3372 1317 3458 ozedje
1345 3397 1384 3438 αι
1401 3375 1463 3441 ok·

705 3476 779 3542 nori
792 3478 877 3542 soor.
891 3457 943 3543 riv
958 3479 1079 3543 entant.

434 3667 582 3736 Andreas
598 3671 660 3738 Dei
677 3669 789 3756 grania
799 3673 868 3739 Rex
884 3671 1030 3758 Vngarie
1044 3671 1196 3740 fidelibus
1211 3673 1281 3740 sais
1298 3673 1462 3758 Magistro

324 3775 447 3844 Jaoobo
472 3775 547 3841 aule
572 3796 630 3843 sue
654 3775 791 3846 Notario
818 3786 851 3846 et
874 3779 1031 3864 Magistro
1062 3778 1200 3846 Nioolao
1226 3779 1293 3846 filio
1319 3780 1467 3848 Comitis-

326 3883 432 3967 Panli,
460 3881 687 3952 eolleotoribus
711 3885 806 3952 vnins
831 3885 967 3953 tertonis
993 3886 1028 3952 in
1052 3883 1215 3954 Comitatn
1241 3887 1284 3954 de
1300 3878 1462 3956 Zathmar

327 3992 523 4078 constitutis,
549 3991 689 4060 salntem
714 4000 748 4060 et
772 3993 928 4079 graciam.
954 3993 1122 4062 Fideiitati
1146 4001 1254 4063 vestre
1278 3995 1412 4062 firmiter
1427 4002 1472 4063 et.

326 4099 471 4166 districte
507 4098 718 4186 precipiendo
751 4101 955 4184 mandamns,
992 4109 1152 4186 qnatenus
1186 4123 1284 4189 snper
1318 4105 1463 4192 populos

225 4241 228 4248 ·
324 4207 413 4274 Petri
429 4207 487 4297 iiiij
508 4208 657 4292 Magistri
681 4209 838 4298 Abraem,
864 4217 897 4276 et
924 4230 1022 4296 snper
1046 4210 1238 4294 iobagiones
1264 4210 1402 4279 Omodei
1417 4212 1466 4278 de

325 4313 457 4402 Tygnd,
481 4323 514 4382 et
538 4314 699 4385 Johannis
715 4316 755 4384 de
769 4319 860 4405 Wra,
876 4317 1074 4385 seruientem
1100 4317 1255 4405 eiusdem,
1272 4325 1466 4402 presentem

327 4423 498 4491 ooileotam
523 4424 619 4493 vnins
643 4425 787 4512 fertonis,
812 4445 910 4510 qnam
927 4425 1059 4493 raoione
1084 4425 1167 4493 lueri
1192 4444 1321 4492 oamere
1346 4435 1465 4494 nostre

327 4532 418 4614 exigi
436 4531 668 4619 ordinanimns‚
695 4533 825 4617 exigere
850 4533 1039 4603 nallatenus
1064 4533 1278 4621 presumatis;
1304 4534 1383 4617 qnia
1399 4555 1468 4604 nos
