3120 5172
605 1014 682 1082 205.

81 1233 275 1319 Apoaooyt
289 1229 516 1318 kdptolaoaolo
530 1229 808 1316 oizoapsepteoeta
833 1233 916 1316 leopy
944 1226 1086 1296 demeat
1101 1231 1215 1298 Karon--

77 1342 202 1428 maele
212 1341 280 1426 fiai
303 1339 444 1428 lljodadn
458 1347 539 1405 neoti
555 1339 737 1406 denotatae
752 1337 884 1404 eladtdle
905 1336 1034 1424 Oopyui
1049 1337 1145 1404 Pete
1157 1359 1216 1404 oo·-

514 1447 646 1514 meaaelo.
667 1444 765 1514 1298.

177 1661 350 1730 Vniuersis
364 1659 487 1728 Christi
501 1658 651 1727 fidelibus
666 1677 801 1745 presens
827 1657 983 1742 seriptum
1007 1658 1205 1744 iuspeoturis

82 1768 258 1856 Capitulum
274 1767 420 1838 Euelesie
435 1765 644 1836 Posoniensis
660 1766 798 1833 salutem
813 1765 847 1832 in
864 1765 981 1833 salutis
1007 1771 1127 1832 autore.
1152 1764 1205 1833 Ad

81 1875 298 1945 uniuersorum
312 1874 465 1943 noticiam
481 1879 548 1942 tam
564 1872 771 1960 presenoium
788 1891 886 1956 quam
901 1870 1078 1940 futurorum
1088 1872 1202 1942 harum

83 1984 322 2052 sedevolumus
338 1983 526 2068 peruenire,
551 1979 639 2067 qirod
664 1979 830 2048 constituti
854 1978 1071 2065 personaliter
1095 1999 1214 2048 eoram

82 2089 168 2157 notis
182 2090 374 2178 Kumperth,
390 2089 542 2175 Myohael
558 2095 590 2156 et
603 2088 711 2156 Boooh
725 2085 783 2172 filij
801 2086 982 2173 Kumperth
1008 2085 1050 2154 de
1077 2087 1205 2156 (lumba

83 2196 120 2262 ab
134 2217 198 2264 vna
212 2203 316 2284 parte,
334 2194 448 2264 (lomes
462 2197 581 2264 Petrus
595 2196 685 2264 filius
708 2193 841 2262 Andree
866 2190 907 2260 do
932 2194 1051 2280 Ongya
1075 2215 1135 2279 pro
1159 2215 1206 2280 se,

82 2308 110 2368 et
123 2301 220 2371 datie
236 2322 294 2371 suo
311 2303 435 2371 comite
449 2303 610 2372 Farkasio
625 2304 669 2372 ab
686 2303 800 2389 altera3
815 2300 915 2388 ijdem
929 2302 1119 2390 Kumperth,
1130 2303 1199 2388 My·

89 2409 174 2476 ohael
191 2415 224 2479 et
238 2410 350 2479 Boooh
364 2411 440 2478 rius
455 2411 545 2478 uoois
557 2409 736 2477 ministerio
760 2409 1004 2500 profitebantur,
1031 2410 1118 2496 quod
1141 2409 1213 2496 ipsi·
1302 2435 1305 2441 ·

83 2517 240 2599 quandam
254 2519 493 2605 possessionem
508 2517 651 2605 ipsorum
667 2515 830 2602 Wyuasar
854 2523 1004 2585 vocatam
1028 2519 1062 2588 in
1088 2519 1204 2588 Distri-

82 2632 131 2690 otu
147 2623 326 2692 Ghollokua
342 2625 488 2693 habitam
503 2631 603 2692 totam
619 2643 691 2691 enm
716 2623 878 2692 uniuersis
903 2624 1096 2694 utilitatibus
1121 2628 1205 2696 eius·

83 2729 150 2797 dem
165 2738 198 2799 et
212 2731 427 2818 pertinenoijs
443 2750 637 2815 quoeunque
653 2729 783 2798 nomine
799 2737 1004 2818 censeantur,
1021 2733 1083 2801 sub
1107 2733 1214 2802 oertie.

83 2837 183 2927 metis,
199 2838 318 2925 quibus
335 2839 514 2925 antiquitus
529 2836 767 2927 possessosum,
784 2835 891 2904 eidem
908 2837 1026 2904 domiti
1051 2840 1148 2908 Petro
1173 2847 1206 2908 et

82 2943 171 3014 fratri
186 2966 245 3014 suo
260 2945 430 3030 Farkasio‚
456 2952 488 3012 et
513 2966 571 3030 per
596 2964 653 3012 eos
679 2943 748 3011 suis
782 2943 958 3012 heredibus
984 2944 1214 3031 heredumque

82 3073 207 3122 suorum
223 3055 466 3124 suceessoribus
481 3075 542 3141 pro
558 3055 695 3139 triginta
711 3059 834 3139 septem
850 3053 970 3120 mareis
996 3053 1204 3123 denariorum

80 3159 320 3246 Viennensium,
335 3181 481 3230 maroam
496 3161 675 3247 quamlibet
698 3159 811 3227 deoem
838 3162 951 3245 pensis
976 3163 1213 3250 computanda.

81 3285 117 3336 ex
131 3268 256 3354 integro
273 3268 396 3338 habitis
412 3276 444 3337 et
468 3269 618 3359 reoeptis,
643 3267 799 3356 dedisset,
823 3266 1012 3334 tradidisset
1037 3275 1069 3336 et
1094 3269 1204 3338 vendi-

80 3373 186 3456 risset,
195 3380 272 3462 jure
287 3382 445 3463 perpetuo
460 3375 722 3444 irreuoeabiliter
736 3371 909 3442 tenendam
935 3393 1066 3460 semper
1090 3382 1124 3442 ot
1147 3377 1210 3446 ha-

79 3479 232 3570 bendum3
247 3488 350 3550 totum
374 3482 583 3569 proprietatis
608 3485 641 3547 et
666 3480 813 3568 dominii,
839 3477 928 3564 quod
952 3479 996 3546 ad
1022 3481 1204 3566 predictam

78 3591 316 3673 possessionem
340 3589 506 3676 Wyuasar
532 3587 650 3673 quouis
675 3587 746 3654 iure
771 3587 894 3656 habere
919 3588 1144 3679 nosoebautur,
1170 3593 1204 3660 in

79 3695 143 3760 iam
159 3695 262 3765 diotos
277 3694 420 3766 Comites
436 3698 568 3765 Petrum
586 3702 619 3764 et
633 3696 832 3764 Furiasium
849 3703 881 3764 et
897 3716 1008 3765 eorum
1033 3701 1204 3783 posterita-

78 3808 141 3870 tem
157 3801 341 3872 vniuersam
358 3802 562 3873 oonierentes
577 3803 834 3872 transtulissent.
851 3803 1036 3888 Obligando
1053 3825 1098 3894 se,
1117 3808 1208 3892 quod

79 3927 269 3993 quoeunque
284 3929 442 3996 processu
457 3917 636 3998 temporum
654 3910 786 3979 eosdem
801 3910 934 3978 Petrum
951 3917 985 3978 et
1008 3911 1202 3983 Farkasium

80 4013 227 4104 Comites,
247 4017 301 4084 vel
317 4035 428 4086 eorum
446 4020 669 4103 posteritatem
686 4018 818 4085 raoione
833 4016 1019 4103 supradicte
1028 4023 1205 4103 possessio·

79 4124 128 4189 nis
143 4123 265 4190 vellent
278 4121 426 4191 forsitam
441 4126 625 4208 molestare,
650 4130 772 4191 extuno
794 4123 895 4210 ijdem
920 4125 1111 4212 Kumperth,
1136 4130 1209 4217 lly-

82 4227 174 4295 ohael
189 4235 220 4296 et
234 4230 355 4318 Boooh,
380 4237 437 4298 aut
467 4231 518 4298 sui
542 4250 748 4300 suooessores
773 4251 831 4298 seu
855 4231 994 4299 heredos
1019 4237 1208 4306 tenerentur

84 4335 234 4422 expedire
249 4337 317 4407 suis
332 4339 498 4408 laboribus
514 4344 547 4406 et
571 4337 735 4425 expensis.
761 4337 801 4404 In
825 4339 919 4408 ouius
944 4338 1147 4411 vendicionis
1173 4355 1206 4415 et

84 4443 258 4528 empeionis
274 4446 463 4515 memoriam
478 4455 647 4534 presentes
673 4445 876 4534 appensione
900 4445 1000 4532 sigilli
1024 4449 1126 4516 nostri
1151 4471 1207 4521 au-

84 4549 194 4618 tentioi
209 4551 378 4622 roboratas
403 4553 556 4624 duximus
581 4551 815 4624 concedendas.
842 4553 962 4622 Datum
986 4552 1068 4623 teria
1093 4558 1213 4640 quinta
