3120 5172
790 1061 802 1074 ·
907 1033 986 1100 202.

321 1308 335 1318 ,
368 1223 425 1290 At
441 1213 511 1313 egri
524 1229 745 1317 lcdptulaanak
760 1231 1034 1316 hieroprapboete,
1050 1236 1133 1320 bqqy
1143 1233 1285 1299 Pellaeae
1295 1233 1484 1299 Pe'terntertsr

369 1334 500 1404 -Szdllb'a
516 1337 775 1405 multicoloribus
796 1341 941 1426 bizocyoa
958 1339 1146 1406 birtolcrdsat
1170 1341 1408 1428 adomdnyoaott
1422 1340 1485 1404 Ber

759 1446 827 1514 kase
843 1449 1008 1513 commode.
1031 1447 1130 1516 1298.

481 1638 640 1711 Omnibus
657 1638 777 1708 Christi
792 1641 940 1710 fidelibus
955 1650 1021 1710 tam
1037 1641 1243 1728 presentibus
1259 1662 1356 1727 quam
1380 1641 1484 1710 futuris

370 1763 506 1826 presens
538 1747 696 1835 scriptum
721 1749 915 1836 inspecturis
942 1747 1127 1835 Capitulum
1153 1751 1304 1818 Ecclesie
1333 1751 1489 1836 Agriensis

372 1851 510 1920 salutem
527 1855 561 1921 in
577 1856 717 1923 omnium
734 1857 910 1925 saluatore.
926 1856 980 1924 Ad
996 1856 1219 1924 uniuersorum
1229 1857 1382 1924 noticiam
1391 1864 1489 1924 tenore

371 1961 573 2043 presencium
589 1965 739 2032 volumus
764 1963 949 2050 peruenire,
981 1962 1068 2047 quod
1093 1962 1251 2048 Magister
1275 1965 1392 2034 Petrus
1414 1965 1489 2032 filius

370 2063 457 2132 Petri
473 2068 578 2136 dictus
594 2071 739 2138 Pethuue
754 2070 798 2137 ad
814 2079 959 2139 nostram
974 2069 1136 2141 accedens
1153 2072 1360 2156 presenciam
1384 2091 1489 2158 propo-

362 2176 437 2241 ·suit
451 2177 727 2262 viuauoce,qu0d
743 2178 909 2262 quandam
924 2177 1123 2264 particulam
1148 2185 1234 2248 terre
1260 2178 1303 2247 de
1327 2185 1413 2247 terra
1437 2199 1492 2247 sua

371 2278 567 2351 hereditaria
583 2285 699 2352 Zelens
715 2286 886 2353 nominata
902 2305 923 2350 a
939 2289 1033 2370 parte
1060 2283 1243 2370 aquilonali
1267 2289 1376 2374 sitam,
1402 2285 1491 2354 certis

368 2391 462 2457 metis
478 2390 695 2480 infrascriptis
711 2397 753 2462 ab
770 2394 846 2461 aliis
865 2393 957 2462 terris
967 2393 1034 2462 suis
1045 2397 1240 2486 separatam,
1254 2415 1328 2462 cum
1338 2396 1490 2464 ruiuersis

366 2497 562 2569 utilitatibus
579 2506 612 2567 et
626 2501 837 2588 pertinenciJs
852 2502 931 2588 suis,
950 2501 990 2568 ob
1007 2499 1122 2568 merita
1137 2501 1349 2569 seruiciorum
1365 2503 1490 2570 Comitis

367 2603 494 2674 Berkez
510 2607 682 2676 seruientia
700 2609 761 2691 sui,
778 2629 842 2693 que
859 2615 927 2676 tam
944 2608 1023 2676 dieti
1048 2607 1151 2694 patris
1176 2609 1239 2696 sui,
1266 2629 1365 2693 quam
1389 2611 1488 2696 ipsius

364 2713 575 2804 temporibus,
593 2737 659 2784 non
675 2717 854 2784 formidans
871 2736 907 2784 se
922 2735 1086 2802 exponere
1112 2713 1251 2784 diuersis
1278 2715 1411 2784 casibus
1435 2716 1489 2783 for-

367 2826 442 2887 tune
472 2823 611 2892 fideliter
636 2833 669 2892 et
692 2825 904 2895 laudabiliter
928 2824 1085 2911 inpendit,
1111 2823 1265 2910 dedisset,
1290 2825 1442 2894 donasset
1464 2835 1492 2895 et

358 2921 554 2998 contulisset
570 2931 675 3000 eidem
693 2931 813 2999 comiti
830 2931 965 3018 Berkea,
983 2941 1015 2998 et
1030 2931 1099 2998 suis
1124 2929 1300 3000 heredibus
1323 2932 1490 3006 ‚heredum-

365 3055 427 3119 que
443 3059 574 3108 suorum
584 3039 826 3109 successoribus
844 3043 1002 3126 perpetuo
1012 3035 1244 3124 possidendam
1255 3047 1287 3106 et
1298 3038 1490 3126 habendam,

363 3156 396 3216 et
412 3171 432 3215 a
448 3150 576 3216 nemine
591 3169 745 3234 processu
761 3149 915 3232 temporis
932 3167 988 3233 per
1004 3147 1189 3234 quempiam
1206 3148 1431 3234 repetendam.
1443 3151 1491 3216 lu-

359 3277 462 3342 super
477 3257 637 3341 obligauit
652 3277 688 3324 se
704 3256 790 3323 idem
807 3254 963 3339 Magister
978 3255 1094 3322 Petrus
1110 3259 1143 3320 et
1158 3253 1293 3321 heredes
1309 3273 1395 3343 suos,
1423 3276 1490 3341 pre·

364 3367 484 3434 dictum
504 3364 660 3432 Comitem
685 3363 823 3448 Berkez,
850 3368 882 3429 et
901 3361 1039 3428 heredes
1072 3360 1217 3428 eiusdem
1243 3362 1426 3444 uniuersos,
1452 3363 1490 3428 ab

361 3473 510 3540 omnibus
525 3471 655 3538 racione
670 3470 774 3556 ipsius
790 3475 876 3538 terre
893 3469 1038 3554 inpetere
1053 3467 1234 3536 nitentibus
1260 3468 1440 3536 defendere
1464 3483 1493 3542 et

351 3580 517 3666 expedire
532 3577 676 3664 proprijs
692 3576 858 3646 laboribus
875 3575 941 3643 suis
958 3583 991 3644 et
1016 3573 1179 3661 expensis.
1205 3577 1311 3646 utetas
1335 3597 1414 3646 vero
1441 3579 1490 3665 ip·

359 3689 426 3756 sins
441 3686 600 3775 particule
615 3691 699 3752 terre
715 3682 802 3750 idern
817 3685 975 3768 Magister
991 3684 1108 3751 Petrus
1126 3683 1234 3750 taliter
1250 3683 1416 3768 expressit
1444 3705 1493 3752 co

358 3820 428 3866 ram
445 3796 558 3862 nobis:
574 3793 661 3878 quod
677 3792 784 3879 prima
809 3798 897 3860 meta
922 3790 1038 3875 incipit
1063 3791 1155 3858 iuxta
1179 3791 1344 3876 quandam
1368 3796 1492 3860 terram

359 3927 451 3974 suam
466 3906 589 3972 Kasow
614 3910 764 3969 vocaturn
791 3922 812 3968 a
836 3907 931 3985 parte
955 3899 1244 3986 aquilonali;inde
1254 3897 1422 3984 egreditur
1448 3903 1491 3967 ad

355 4017 490 4100 plagam
506 4007 762 4087 meridionalem,
779 4015 811 4075 ct
838 4007 944 4076 eundo
969 4009 1073 4094 iungit
1099 4008 1265 4093 quendam
1289 4011 1409 4092 locum,
1438 4009 1493 4074 vbi

349 4120 421 4186 due
432 4121 485 4187 vie
499 4119 534 4185 in
551 4117 682 4184 modum
694 4116 799 4183 crucis
815 4117 1055 4200 coniunguntur
1066 4142 1075 4204 3
1087 4125 1120 4183 et
1131 4117 1238 4210 adhuc
1249 4117 1371 4184 directe
1380 4117 1493 4184 eundo

355 4228 531 4312 pertransit
548 4224 710 4309 quandam
726 4225 825 4311 viam,
843 4245 905 4310 que
919 4226 1011 4292 venit
1038 4223 1079 4290 de
1104 4223 1302 4312 Ladamach,
1327 4229 1360 4290 et
1381 4222 1494 4309 iungit

355 4336 516 4420 quendam
533 4337 675 4400 montem
700 4332 895 4419 lapidosum,
919 4333 954 4399 in
979 4355 1042 4418 quo
1067 4333 1242 4402 reflectitur
1267 4350 1378 4400 versus
1405 4333 1495 4400 occi-

352 4442 504 4527 dentem,
531 4446 563 4508 et
579 4441 684 4508 eundo
700 4441 743 4508 ad
759 4443 866 4528 ipsam
883 4442 1018 4528 plagam
1044 4440 1167 4509 directe
1191 4439 1361 4509 descendit
1386 4459 1492 4527 super

354 4549 517 4633 quendam
542 4549 713 4633 ryuulum3
730 4555 762 4616 et
786 4549 984 4618 transeundo
1018 4550 1125 4635 ipsum
1153 4549 1294 4617 riuulnm
1320 4546 1414 4614 venit
1450 4549 1495 4615 ad

346 4655 518 4739 quanda-m
533 4653 664 4721 vineam
680 4656 891 4742 Taybazeley
908 4661 1066 4746 vocatam,
1094 4664 1126 4724 et
1151 4656 1197 4724 ibi
1221 4654 1400 4724 reflectitur
1429 4657 1493 4724 ite·
