3112 5158
865 911 941 979 103.

338 1095 369 1160 A
387 1094 487 1159 dadai
502 1091 724 1180 bdptolc'aaak
739 1091 1014 1177 bizonyrcytevete,
1035 1093 1120 1180 boqy
1135 1093 1260 1180 Persea,
1287 1092 1452 1160 Bada-ret-

340 1204 463 1268 bdccizi
487 1201 643 1266 labosnaic
651 1198 716 1284 fiai
731 1199 875 1284 bizoayos
893 1201 1033 1264 bdzubot
1048 1223 1070 1264 a
1085 1201 1277 1289 aysssoziqeta'
1289 1205 1453 1287 apricazdr·

682 1305 792 1370 dciraak
806 1307 1003 1394 dtenqedtc'k.
1020 1305 1117 1371 1294.

447 1504 514 1570 Nos
531 1499 714 1588 Capitulum
730 1501 875 1569 Ecclesia
899 1501 1060 1569 Budensis
1088 1501 1312 1587 significamus
1336 1503 1451 1569 uniuer-
1542 1557 1543 1564 ,

339 1609 396 1694 sis,
413 1628 494 1691 quos
510 1608 593 1678 soire
609 1609 809 1695 expedierit,
835 1608 922 1693 qtrod
938 1608 1128 1676 Dominicus
1144 1616 1177 1676 et
1191 1609 1388 1677 Vinoeucius
1403 1609 1451 1693 filij

339 1715 468 1783 Pentuk
485 1716 525 1785 de
541 1717 665 1784 Calidis
681 1717 784 1802 Aquis
811 1738 919 1784 coram
945 1718 1039 1784 uobis
1055 1717 1271 1804 personaliter
1296 1716 1454 1783 constituti
1542 1747 1543 1760 κ

339 1821 480 1890 confessi
503 1830 596 1908 sunt;
622 1823 707 1908 quod
732 1825 862 1890 domum
887 1825 957 1892 siue
983 1824 1145 1911 palacium
1173 1823 1307 1891 Comitis
1332 1823 1455 1890 Nicolai

338 1929 396 2013 fiiij
414 1931 515 1998 Ereus
540 1931 693 1998 astruenti
717 1933 861 2017 ipsorum
886 1932 1083 2016 reliquerunt
1108 1932 1270 1998 sororibus
1295 1928 1335 1997 de
1351 1931 1455 1998 Insula

339 2041 439 2106 Beate
454 2040 598 2124 Virginis
622 2039 723 2106 libere
747 2059 787 2106 ac
811 2046 968 2124 perpetuo
996 2039 1249 2127 possidendum,
1283 2037 1454 2106 seeundum

338 2146 425 2230 quod
439 2145 602 2232 predictus
619 2145 734 2213 Comes
750 2147 906 2214 Nicolaus
931 2145 1070 2232 profatis
1085 2147 1278 2215 dominabus
1297 2144 1457 2215 sororibus
1542 2147 1543 2152 ’

337 2257 508 2337 legauerat
523 2254 629 2320 adhue
647 2255 759 2322 uiuens
769 2306 778 2342 ,
796 2275 859 2321 uon
884 2255 1032 2321 obstante
1057 2249 1247 2338 quocunque
1263 2259 1453 2322 testamento

339 2363 391 2428 uel
406 2381 599 2446 quacunque
615 2358 824 2428 ordinacione
835 2361 924 2427 facta
934 2382 955 2426 a
966 2363 1088 2428 Gemite
1098 2362 1236 2428 Nicolao
1251 2361 1454 2448 supradict03

338 2470 563 2537 renunciantes
580 2469 669 2534 omni
683 2469 764 2554 iuri,
781 2469 809 2534 si
826 2468 912 2552 quod
929 2469 963 2534 in
983 2469 1069 2535 dicto
1085 2469 1217 2555 palacio
1233 2477 1290 2535 ant
1306 2471 1340 2536 in
1358 2467 1456 2534 sunda

338 2579 426 2642 curie
442 2576 546 2643 eidem
563 2577 691 2661 patacio
707 2575 894 2643 adherentis
910 2575 980 2643 siue
990 2575 1171 2644 adiacentis
1188 2576 1458 2643 babuerunttem·

338 2704 418 2770 porc
433 2683 634 2751 succedente.
659 2685 697 2750 In
723 2683 815 2750 euius
841 2684 888 2748 rei
912 2683 1100 2750 memoriam
1126 2691 1159 2750 et
1184 2683 1366 2751 firmitatem
1382 2703 1454 2768 pre·

338 2799 446 2858 sentes
462 2791 586 2859 litteras
603 2793 821 2859 concessimus
837 2793 939 2876 sigilli
954 2793 1056 2859 nostri
1082 2793 1259 2860 munimine
1276 2792 1458 2858 roboratas.

337 2901 456 2967 Datum
474 2922 532 2987 per
547 2921 663 2969 manus
680 2901 809 2968 disereti
827 2902 889 2969 riri
905 2903 1052 2986 Magistri
1071 2903 1217 2970 LadiuIai
1234 2901 1380 2968 Lectoris
1398 2901 1456 2966 Ec-

337 3010 567 3096 clesie'nostre,
585 3031 671 3076 anno
687 3010 819 3076 Domini
842 3009 961 3075 ΜΘΟΟὓ
976 3011 1187 3096 nonagesimo
1204 3018 1332 3092 quarto.
1348 3007 1460 3092 Magi-

336 3124 404 3184 stro
421 3117 522 3184 Panis
540 3115 690 3200 Contere,
705 3118 863 3200 Magistro
881 3117 1036 3200 Gregorio
1054 3117 1203 3204 Custode,
1220 3115 1370 3184 Johaune
1392 3117 1457 3180 De-

337 3243 430 3312 eano,
446 3227 625 3313 ceterisque
640 3226 813 3292 Canonicis
829 3226 1041 3312 presentibus,
1058 3223 1285 3292 existentibus.

336 3423 472 3491 (Eredetie
484 3416 658 3488 borntrrytn,
670 3421 784 3489 melyrb'i
797 3441 814 3476 a
832 3422 963 3490 kiptalan
976 3418 1094 3491 pecsdtje
1107 3416 1333 3490 hdrtyaasiuegen
1347 3419 1425 3490 sugg,
1439 3437 1457 3473 a

658 3515 739 3564 budai
753 3516 804 3565 kir.
820 3515 944 3567 kamarai
963 3510 1155 3580 leveltdrban.)
