3098 5172
584 350 746 452 „nge-

99 541 179 610 mite
193 543 367 630 uybnroio,
386 547 419 609 et
434 540 622 612 Alexandro
639 543 705 611 dlio
721 543 883 612 Johannis
900 543 1000 612 fratre
1016 544 1163 614 eiusdem
1190 546 1232 612 de

99 647 189 717 Keer
205 669 248 716 ex
262 655 456 734 ruoperto,
483 650 631 734 Nyoolao
658 650 797 718 offioiale
820 650 910 717 Petri
936 659 969 718 et
993 652 1069 719 Jule
1092 652 1232 718 filiorum

99 754 271 842 Reynoldy
286 755 451 840 quondam
467 757 611 824 Palatini
627 778 686 842 pro
701 757 782 844 ipsis
807 757 950 826 dominis
966 760 1036 826 suis
1052 779 1093 826 ex
1110 760 1231 843 altera,
1320 821 1322 826 .

100 883 212 930 eoram
226 862 322 929 nobis
337 863 553 946 personaliter
566 863 758 946 eonstitutis‚
775 864 893 950 prefati
905 865 1020 933 (lomes
1045 866 1228 950 'lyburoius

101 978 134 1038 et
150 969 339 1038 Alexander
354 979 590 1055 proposuerunt
605 971 682 1038 uiua
698 990 798 1054 vooe,
816 968 904 1053 quod
922 978 1024 1039 totam
1045 973 1233 1056 porcionem
1328 973 1330 976 ’

100 1077 247 1146 eiusdem
263 1076 440 1144 Alexandri
459 1079 493 1143 in
510 1085 598 1144 terra
613 1077 744 1144 Zakula
759 1084 876 1143 rooata
900 1079 1105 1164 existentem,
1131 1097 1230 1161 quam

100 1183 218 1250 ordine
246 1183 423 1270 judiciario
448 1184 490 1250 ab
514 1183 595 1269 ipsis
620 1183 698 1269 filijs
726 1183 888 1271 Reyuoldi
913 1185 1135 1270 requirebant,
1162 1205 1234 1252 eum

100 1290 265 1357 uniuersis
282 1291 474 1360 utilitatibus
491 1297 524 1360 et
539 1291 754 1378 pertinenoijs
769 1293 847 1379 suis,
873 1291 1016 1376 receptis
1039 1291 1231 1376 quatuorde-

101 1397 166 1462 eim
182 1401 303 1464 mareis
317 1399 360 1464 ab
375 1397 499 1466 eisdem
515 1397 593 1484 dlijs
619 1398 792 1486 Reynoldy
817 1418 875 1484 pro
901 1399 1025 1486 eadem,
1051 1399 1132 1484 ipsis
1147 1399 1234 1484 ¹tilijs

100 1504 277 1593 Reynoldy
292 1512 325 1574 et
340 1507 408 1574 suis
424 1504 596 1574 heredibus
612 1505 825 1588 reliquissent
834 1512 992 1592 perpetuo
1003 1505 1234 1589 possidendam

102 1619 134 1678 et
149 1612 346 1681 habendam.
363 1612 499 1698 Insuper
515 1613 700 1698 obligarunt
724 1633 760 1680 so
785 1613 885 1698 ijdem
909 1613 1025 1679 Comes
1051 1613 1234 1698 Tybureius

100 1725 134 1785 et
148 1719 350 1806 Alexander,
367 1740 406 1788 ao
421 1719 559 1788 heredes
576 1738 662 1804 suos,
678 1720 781 1787 diotos
797 1719 882 1786 tilios
898 1716 1069 1806 Reynoldy
1085 1728 1117 1786 et
1144 1720 1233 1786 here·

100 1825 163 1894 des
180 1827 352 1895 eorundem
369 1831 411 1896 ab
427 1827 575 1896 omnibus
591 1829 723 1895 raoione
738 1827 865 1912 prefate
895 1826 1057 1912 porcionis
1082 1829 1239 1914 impetere

102 1933 284 2003 nitentibus
299 1932 474 2002 defendere
486 1945 519 2002 et
534 1933 688 2020 expedire
704 1935 849 2020 proprijs
864 1933 1032 2001 laboribus
1057 1941 1090 2000 et
1115 1953 1233 2021 expen-

105 2042 165 2110 sis.
181 2043 222 2110 In
238 2041 330 2108 ouius
362 2061 419 2128 roy
450 2041 669 2110 testimonium
701 2040 743 2107 ad
768 2040 959 2108 instanoiam
987 2039 1133 2125 partium
1159 2062 1230 2127 pre·

99 2155 215 2215 sentes
231 2147 450 2216 oonoessimus
465 2148 567 2232 sigilli
583 2148 686 2215 nostri
701 2148 881 2215 munimine
896 2146 1077 2214 roboratas.
1095 2147 1233 2215 Prosen-

99 2255 192 2320 tibus
207 2259 317 2320 tamen
333 2255 491 2338 Magistro
507 2254 657 2323 Johanne
673 2255 818 2337 Leotore,
833 2254 967 2339 Mykow
982 2251 1136 2338 Custode,
1152 2253 1235 2319 Mar·

100 2363 173 2429 tino
190 2361 233 2427 de
247 2359 363 2447 Patha,
380 2361 478 2428 Petro
495 2359 536 2427 de
552 2361 687 2446 Kemey,
702 2361 862 2447 Magistro
877 2359 1029 2428 iohanne
1056 2359 1098 2426 de
1125 2361 1234 2427 Heues

97 2466 354 2536 Arohidiaoonis
370 2475 403 2535 ot
420 2469 495 2554 alijs
521 2469 650 2554 multis3
681 2489 768 2536 anno
794 2469 925 2536 Domini
950 2468 1070 2536 ΜΟΟΟ0
1095 2485 1236 2552 nonage-

97 2577 190 2644 simo
206 2585 308 2644 sexto.
325 2577 497 2661 Regnante
512 2577 646 2644 Andrea
661 2576 786 2644 Illustri
810 2579 901 2663 Rege
925 2575 1097 2661 Hungarie
1112 2599 1119 2659 3
1137 2574 1238 2644 Lodo-

104 2683 210 2750 merio
238 2681 468 2768 strigoniensi,
495 2683 648 2750 Johanno
672 2683 842 2751 Colooensi
868 2683 1152 2768 Arohiepisoopis3
1178 2681 1234 2749 do·-

99 2793 195 2857 mino
220 2797 333 2857 nostro
364 2788 545 2857 venerabili
569 2797 665 2876 patre
688 2789 840 2856 Andrea-
848 2791 911 2860 Dei
936 2789 1052 2874 gracia
1076 2789 1240 2874 Episeopo

101 2895 262 2982 Agriensi
277 2895 502 2964 existemibus.

370 3076 400 3140 A
661 3077 687 3142 B
948 3070 973 3136 O

101 3270 249 3338 (Erodotie
261 3265 438 3343 bertingen,
452 3271 566 3336 melyrb'l
585 3270 703 3340 apeosbt
716 3267 888 3337 sergo-vbrbs
902 3263 1130 3332 selyemrsinbron
1154 3267 1224 3332 filgg

418 3362 530 3415 sbudai
543 3363 594 3414 kir.
607 3365 730 3414 kamarai
743 3355 938 3426 lerdltdrban.)

576 3655 784 3668 ..ι-...ιιι-
