3120 5172
790 983 868 1050 285.

260 1184 292 1248 Α
306 1186 493 1250 Ιοονωκίοεεῖῡ
509 1185 692 1268 ecaterpama'
707 1181 945 1266 mnoanp'taat
953 1183 1104 1268 jetaattca
1129 1183 1194 1245 III.
1214 1183 1327 1246 Eudae
1352 1182 1399 1246 ti-

260 1291 402 1377 rdlptoa,
421 1294 500 1377 bopy
518 1292 609 1356 Kasai
623 1290 727 1355 Dones
743 1291 774 1352 ts
789 1287 894 1354 Jctct
912 1312 951 1352 aa
968 1289 1076 1354 latvdru
1092 1288 1315 1374 clorsqubiro'
1349 1291 1399 1355 lci-

262 1397 442 1464 caldecota
457 1399 558 1484 cljdro
573 1399 698 1484 kirtlyi
713 1399 745 1462 ts
762 1395 953 1462 bonomtbcli
979 1397 1152 1460 ambcralceo
1175 1397 1393 1462 tutamento-

631 1505 703 1570 daut
717 1505 852 1570 kdvcttclt
871 1505 909 1568 el.
927 1501 1025 1570 1299.

373 1699 653 1767 Excellentissimo
673 1700 813 1766 Domino
829 1719 887 1765 suo
905 1697 1035 1764 domino
1051 1696 1181 1765 Andree
1200 1697 1261 1766 Del
1279 1695 1396 1782 gracia

265 1808 390 1876 illustri
407 1809 488 1894 Regi
503 1808 647 1892 Vagarie
663 1807 850 1873 conuentus
867 1807 1102 1873 cruciferorum
1119 1807 1267 1872 ldoelesie
1278 1805 1397 1873 Sancti

264 1914 363 2001 Regis
379 1914 537 2000 Stephani
553 1912 592 1980 de
623 1913 786 1997 Strigonio
813 1913 979 1980 oraciones
1004 1913 1038 1978 in
1064 1913 1214 1979 Domino.
1241 1912 1395 1997 Receptis

266 2022 381 2090 litteris
397 2021 532 2089 Comitis
554 2019 601 2084 St.
626 2019 826 2102 Vicejudicis
843 2019 939 2086 Ourie
955 2019 1069 2086 Vestro
1094 2018 1295 2099 screnitatis,
1321 2037 1396 2086 cum

270 2128 464 2197 Sebastiano
480 2126 546 2192 filio
563 2127 707 2193 Potoucb
724 2127 763 2191 da
780 2127 934 2193 Machala
958 2127 1091 2193 homine
1117 2132 1224 2192 nestro
1250 2134 1397 2194 nostmm

268 2235 430 2305 hominem
446 2233 644 2318 fidedignum
670 2235 802 2301 nomine
825 2232 994 2300 Nicolaum
1020 2233 1173 2299 clericum
1198 2234 1267 2300 cori
1291 2235 1396 2301 nostri

268 2363 328 2429 pro
346 2339 529 2410 testimonio
545 2341 729 2407 curabimus
747 2339 920 2409 destinare.
936 2339 999 2420 Qui
1011 2340 1139 2408 demum
1150 2341 1193 2408 ad
1204 2362 1263 2408 nos
1274 2342 1400 2408 reuersi

142 2492 145 2497 -
270 2449 365 2517 nobis
381 2449 569 2536 retulerunt,
586 2449 671 2532 quod
689 2467 760 2514 oum
777 2448 840 2532 ipsi
856 2449 891 2514 in
907 2449 1013 2516 eundo
1029 2469 1089 2534 per
1104 2449 1267 2532 quandam
1286 2449 1401 2516 villam

271 2556 590 2643 Arcbiepisonpalem
630 2555 757 2622 Bulcbu
788 2563 938 2623 vocatam
956 2557 1105 2623 transire
1144 2556 1329 2641 uoluissent,
1356 2555 1405 2622 ad

271 2663 418 2730 citandos
432 2663 627 2747 Lorandum,
643 2661 848 2750 Dyonisinm,
865 2662 1067 2749 Michaelem,
1084 2669 1116 2728 et
1126 2663 1208 2730 alios
1219 2663 1345 2731 nobiles
1355 2663 1399 2732 de

272 2771 375 2854 Kena,
392 2779 424 2838 et
439 2791 511 2839 cnm
526 2770 672 2858 prefatus
688 2771 866 2857 Dyonisius
882 2771 1003 2837 nobilis
1018 2769 1059 2836 de
1075 2771 1163 2838 Kenv
1179 2791 1251 2837 cum
1274 2769 1403 2837 Jacobo

272 2879 372 2946 fratre
382 2899 439 2948 suo
456 2881 527 2965 ipso
543 2879 604 2965 die,
620 2886 766 2962 tempore
781 2887 814 2945 et
825 2877 905 2944 bora
913 2878 947 2943 in
957 2879 1031 2963 ipsa
1039 2877 1120 2944 villa
1130 2877 1257 2944 Bnlcbu
1268 2876 1381 2945 inisset
1394 2903 1404 2963 ς

273 2993 306 3057 et
321 2987 449 3056 eosdem
464 2986 612 3054 homines
628 2993 771 3054 uestrum
788 2993 820 3051 et
835 2991 981 3054 nostrum
997 2986 1232 3073 requisiuisset,
1258 3007 1321 3071 quo
1346 2986 1396 3051 ire

272 3094 469 3178 intenderem
492 3099 524 3162 el
540 3093 641 3179 ijdcm
656 3093 751 3161 bomo
767 3101 922 3161 restaret
938 3101 1047 3160 noster
1063 3094 1232 3180 dixissent,
1247 3091 1397 3160 seiread

273 3203 419 3272 citandos
435 3203 584 3282 eosdem3
610 3209 685 3268 tunc
709 3201 808 3288 ijdcm
840 3203 1028 3288 Dyonisuis‚
1060 3209 1093 3269 et
1122 3200 1265 3270 Jacobus
1295 3201 1401 3267 frater

274 3311 429 3396 eiusdem,
458 3331 530 3376 cum
555 3309 774 3377 seruientibus
799 3310 952 3396 ipsorum,
978 3309 1112 3375 armatis
1128 3308 1278 3375 manibus
1304 3327 1408 3394 super

273 3419 403 3485 eoadem
419 3417 596 3502 irruissent,
614 3423 647 3482 et
663 3416 837 3483 enormiter
854 3416 1087 3501 percussissent
1103 3415 1243 3502 eosdem,
1260 3435 1299 3483 ac
1316 3415 1402 3483 duos

275 3545 376 3610 equos
392 3544 464 3591 cum
491 3524 589 3591 frenis
617 3531 648 3590 et
674 3525 777 3609 sellis,
803 3522 956 3590 videlicet
982 3544 1081 3589 unum
1106 3542 1225 3606 equum
1251 3523 1398 3607 Magistri

275 3632 384 3700 Zuard
399 3652 471 3698 eum
486 3633 568 3699 sella
584 3631 729 3698 eiusdem
746 3633 787 3698 ab
809 3632 940 3697 homine
957 3635 1075 3715 nostro,
1102 3638 1135 3698 et
1160 3630 1262 3696 alium
1288 3650 1406 3714 equum

276 3738 421 3806 similiter
436 3730 518 3804 oum
533 3739 614 3805 sella
640 3744 672 3804 ct
702 3737 793 3805 freno
819 3758 840 3804 a
865 3738 1028 3806 seruiente
1059 3736 1207 3819 Magistri
1231 3737 1358 3824 Chaalr‚
1374 3747 1410 3804 et

275 3845 422 3931 gladium
440 3843 585 3912 ciusdem
602 3845 784 3931 seruientia,
803 3853 834 3912 et
850 3845 1016 3930 cingulum
1034 3865 1106 3910 cum
1122 3845 1248 3931 bicello,
1265 3865 1305 3912 ae
1320 3846 1407 3914 alias

269 3971 337 4038 res,
355 3951 503 4018 eiciendo
520 3950 650 4020 eosdem
667 3950 803 4036 deipsis
820 3953 916 4036 equis
933 3951 966 4016 in
984 3959 1115 4036 terram,
1133 3953 1335 4036 recepissent
1363 3955 1407 4020 ab

278 4059 418 4138 eisdem;
445 4067 477 4127 et
502 4061 566 4127 nisi
598 4059 743 4146 prefatus
771 4059 982 4126 Sebastianus
1007 4058 1102 4126 bomo
1128 4066 1239 4126 nester
1264 4061 1411 4148 presidio

277 4169 354 4252 luge
364 4167 398 4232 in
414 4168 589 4236 ecclesiam
604 4169 706 4254 ipsius
722 4167 798 4234 ville
815 4167 981 4252 euasisset,
998 4166 1237 4234 interfecissent
1254 4169 1408 4236 eundem.

277 4277 431 4342 Preterea
446 4276 647 4363 postmodum
664 4277 812 4360 sequenti
829 4275 881 4344 die
897 4275 981 4345 idem
1008 4275 1223 4343 Sebastianus
1240 4277 1335 4343 bomo
1352 4296 1410 4344 ue·

280 4391 344 4450 ster
369 4385 429 4449 snb
455 4385 638 4451 testimonio
670 4385 816 4451 eiusdem
842 4384 980 4450 bominis
1005 4386 1117 4468 nostri,
1146 4383 1299 4450 videlicet
1323 4383 1414 4451 laria

281 4492 395 4574 quinta
411 4491 557 4576 proxima
572 4497 646 4557 ante
663 4491 900 4558 decensionem
917 4491 1047 4558 Domini
1064 4491 1179 4558 citauit
1194 4493 1322 4558 eosdem
1349 4493 1414 4557 Lo-

281 4597 430 4682 randum‚
448 4599 637 4684 Dyonisium
653 4599 754 4665 filium
765 4599 925 4686 Symonis,
937 4600 1093 4668 iacobum
1107 4599 1241 4667 tratrem
1255 4598 1415 4686 eiusdem,
