3098 5172
114 1136 1260 1226 IILEndrekr'rcilydelybendupyjaesmeqerdaitiauyjdnak&edidici--

106 1250 154 1332 je't
170 1249 329 1333 ta'rppazd
339 1247 537 1332 cdomdnydt
547 1249 673 1325 Ldazld,
687 1247 806 1312 Mikdda
817 1269 914 1313 comes
921 1247 972 1332 fla
982 1252 1140 1314 szdnrdra.
1154 1245 1250 1309 1295.

221 1422 372 1489 Andreas
389 1424 452 1489 Dei
468 1425 580 1507 gracia
591 1424 767 1510 Hungarie,
787 1426 967 1511 Daimaeie,
979 1423 1248 1508 Oroacie,3Rame‚

118 1530 244 1613 Seruio,
261 1528 411 1614 Gallioie,
444 1530 645 1615 Lodomerie,
673 1529 842 1616 Cumanis,
862 1531 1080 1614 Bolgarieque
1095 1530 1166 1594 Rex
1182 1547 1249 1592 om-

115 1636 211 1702 nibus
228 1631 349 1700 Christi
377 1634 524 1702 fidelibus
548 1643 615 1702 tam
636 1639 845 1721 presentibus
862 1657 958 1719 quam
974 1636 1089 1704 futuris
1114 1652 1248 1718 presens

114 1741 271 1824 seriptum
296 1742 491 1827 inspecturis
519 1741 660 1808 salutem
685 1743 718 1808 in
749 1743 889 1810 Domino
921 1745 1165 1828 sempiternam.
1191 1739 1243 1804 Ad

114 1848 338 1913 uniuersorum
355 1856 423 1914 tam
438 1849 641 1935 presencium
657 1869 753 1932 quam
770 1849 951 1916 futurorum
969 1849 1121 1916 noticiam
1132 1845 1246 1911 harum

117 1955 201 2021 serie
217 1957 363 2023 volumus
379 1957 559 2041 peruenire,
587 1956 671 2038 quod
696 1957 814 2023 nobilis
840 1957 889 2023 vir
915 1959 1031 2024 Comes
1058 1953 1245 2036 Ladizlaus,

115 2061 200 2127 filius
218 2062 351 2128 Comitis
367 2062 508 2145 Nicolai,
525 2060 568 2128 ad
585 2067 728 2128 nostram
746 2060 903 2128 accedens
920 2061 1131 2147 presenciam,
1157 2058 1247 2122 exhi-

116 2161 184 2235 buit
194 2169 289 2236 nobis
300 2169 462 2253 quoddam
483 2169 688 2253 priuilegium
705 2169 833 2235 domine
856 2169 1059 2235 Thomasiue
1074 2165 1248 2232 karissime

116 2275 228 2340 matris
244 2284 356 2341 nostre
372 2296 471 2360 super
486 2275 668 2342 collacione
685 2275 852 2342 cuiusdam
881 2283 965 2342 terre
981 2295 1039 2342 seu
1065 2272 1242 2358 possessio·

117 2383 167 2447 nis
183 2383 253 2447 Zub
267 2389 383 2448 uocate
400 2383 600 2466 confectum3
618 2389 732 2468 petens
749 2403 770 2448 a
786 2382 891 2466 nobis,
920 2387 954 2446 ut
979 2383 1085 2466 ipsum
1112 2380 1245 2465 priuile-

115 2488 203 2571 gium
219 2495 326 2555 ratum
344 2488 465 2555 habere
475 2496 507 2554 et
522 2497 631 2556 nostro
642 2489 851 2572 dignaremur
862 2489 1033 2574 priuilegio
1044 2489 1244 2554 confirmare.

116 2591 214 2661 Cuius
231 2596 362 2679 quidem
379 2595 543 2681 priuilegij
561 2604 657 2662 tenor
672 2599 747 2664 talis
764 2605 831 2662 est:

223 2702 427 2770 'thomasius
444 2705 482 2770 D.
500 2725 548 2788 gr.
565 2713 669 2770 mater
684 2704 808 2772 domini
833 2703 963 2772 Andree
989 2703 1122 2770 illustris
1148 2701 1251 2783 Regis

116 2807 288 2892 Hungarie
320 2809 381 2876 sib.
407 2807 623 2896 (kdvetkezik
648 2810 850 2877 'thomasino
882 2833 903 2877 a
935 2810 1046 2896 kirtly
1076 2808 1248 2894 auyjainak

121 2914 259 2980 rese-ki
276 2915 442 3001 okmtuya
457 2917 538 2982 mint
553 2917 652 2983 alato
666 2921 728 2984 122
745 2939 790 2984 sa.
807 2917 853 3002 a.)

225 3023 294 3088 Nos
311 3022 410 3106 igitur
426 3023 639 3090 consideratis
656 3028 688 3089 et
705 3024 807 3089 eciam
819 3020 1250 3105 circumspectismeritorijs
1299 3103 1302 3108 Ι

117 3127 285 3211 obsequijs
301 3128 438 3213 predicti
456 3129 589 3196 Comitis
599 3129 756 3213 Ladizlai‚
768 3148 830 3212 que
840 3127 935 3194 nobis
952 3127 1097 3194 exhibuit
1113 3127 1191 3194 locis
1217 3132 1249 3192 et

116 3235 316 3317 temporibus
341 3235 518 3322 oportunis,
535 3244 567 3303 et
577 3236 764 3322 specialiter
780 3235 813 3299 in
833 3234 895 3300 hoc
904 3234 1038 3302 articulo
1050 3257 1057 3316 ;
1068 3233 1249 3321 predictum

116 3340 324 3424 priuilegium
340 3342 470 3410 domine
485 3343 598 3410 matris
614 3349 734 3421 nostre,
744 3362 809 3407 non
825 3343 987 3427 abrasum,
1005 3363 1069 3408 non
1086 3343 1248 3410 cancella·

116 3453 195 3532 tum,
213 3447 324 3514 necin
340 3450 518 3531 aliquasui
543 3456 635 3533 parte
659 3449 825 3535 uiciatum,
842 3447 892 3516 'de
920 3450 1019 3516 uerbo
1044 3449 1087 3514 ad
1112 3451 1247 3517 uerbum

115 3557 323 3638 presentibus
354 3557 520 3644 insertum,
547 3557 740 3625 auctoritate
765 3560 868 3625 nostri
896 3557 1061 3644 priuilegij
1091 3557 1245 3627 duximus

116 3651 382 3750 confirmandum,
399 3665 581 3749 predictam
596 3671 717 3731 terram
733 3667 803 3731 Zub
818 3665 881 3750 ipsi
898 3665 1013 3731 Comiti
1028 3665 1183 3733 Ladizlao
1201 3669 1250 3733 ni·

116 3768 313 3836 ehiiominus
329 3771 521 3838 auctoritate
535 3772 736 3858 presencium
769 3774 874 3840 denuo
901 3771 1026 3857 damus,
1052 3773 1251 3841 conferimus

116 3881 149 3940 et
166 3875 336 3945 donamus.
347 3878 384 3944 In
401 3881 493 3947 euius
510 3880 556 3945 rei
573 3881 762 3946 memoriam
787 3881 1034 3964 firmitatemque
1058 3887 1247 3966 perpetuam

116 3992 287 4067 presentes
304 3987 523 4053 concessimus
540 3987 663 4053 litteras
678 3985 819 4070 duplicis
836 3986 936 4070 sigilli
952 3987 1053 4053 nostri
1070 3987 1248 4053 munimine

115 4093 299 4160 roboratas.
326 4095 446 4160 Datum
473 4115 530 4179 per
546 4114 660 4160 manus
677 4093 807 4160 discreti
823 4093 885 4159 uiri
910 4093 1056 4177 Magistri
1083 4093 1246 4162 Theodori

118 4200 272 4267 Albensis
288 4200 438 4268 Ecclesie
452 4201 624 4287 Prepesiti,
653 4203 728 4268 aute
752 4205 860 4268 nostre
885 4197 1175 4282 vice-Cancellarij
1201 4202 1248 4266 di·

119 4307 233 4375 dileeti
251 4313 282 4374 et
297 4307 515 4376 tidelisnostri
525 4331 611 4377 anno
628 4310 758 4376 Domini
773 4309 807 4374 M
813 4307 894 4374 ⁰000
904 4307 1113 4392 nonagesimo
1124 4308 1256 4392 quinto.

206 4487 257 4552 (Aa
271 4488 373 4540 eredeti
387 4485 453 4541 utdn
466 4491 563 4541 Knsua
576 4486 696 4552 Ndndoa
709 4490 825 4554 Megyer
839 4491 905 4544 Sion
919 4491 970 4544 111.
984 4491 1041 4542 kat.
1056 4489 1118 4540 935.
1130 4487 1160 4554 1.)
