3132 5162
560 340 718 440 -ca-

80 535 158 601 mine
173 537 209 601 in
235 534 403 602 dexteram
420 536 575 602 collocari
601 535 796 619 sempiterne
812 533 915 600 letitie
937 531 1108 599 dulcedine
1124 528 1201 596 frui-

81 650 174 709 turus.
191 641 313 708 Datum
329 641 416 728 apud
434 643 695 710 Urbemvetercm
723 641 763 708 ll.
787 639 865 708 Idus
889 639 1068 725 Februarii,
1094 635 1198 704 Ponti.

81 749 190 817 leatus
207 747 308 816 nostri
325 769 413 814 anno
429 750 541 816 tercio.

179 858 218 922 In
234 875 262 921 e.
280 877 322 920 m.
340 854 494 941 Capitale
509 855 655 922 Ecclesia
670 854 848 940 dadrensis,
867 853 960 920 Glero
988 849 1141 918 ciuitatis
1169 857 1202 916 et

79 962 220 1030 Dioeesis
237 963 417 1046 Jadrensis,
434 963 535 1029 nobili
554 963 623 1029 uiro
640 961 766 1048 Comiti,
793 961 998 1054 consiliariis
1024 965 1056 1026 et
1081 957 1201 1044 populo

80 1069 225 1137 doleatis
241 1077 275 1136 et
290 1069 438 1138 Diocesis
454 1069 635 1157 Jadrcnsis,
652 1077 684 1136 et
709 1068 871 1138 universis
887 1066 1113 1151 Suffraganeis
1140 1065 1201 1129 llo·

80 1177 174 1244 clesie
190 1176 370 1245 ledrensis.

80 1373 211 1436 rl'bciner,
224 1375 324 1425 Vetera
337 1375 515 1425 Monumenta
526 1373 668 1458 Slavorum
678 1372 901 1424 Maridionalium
914 1373 1054 1424 historiam
1066 1373 1202 1424 illustran-

506 1466 547 1516 tia
559 1465 582 1514 Ι.
596 1463 652 1514 but.
670 1465 728 1515 109.
742 1462 772 1528 l.)
799 1498 802 1506 ·

533 1659 746 1671 nnn——u-—v

601 2102 657 2170 32.

84 2280 137 2344 IV.
153 2281 271 2346 lulittae
278 2282 436 2366 paipdaak
446 2283 620 2367 boacasdpi
636 2283 865 2369 ‹skada'lyolera
881 2285 1202 2370 cooacllcazdfelmeat·

529 2392 634 2474 vespa.
654 2391 750 2456 1291.

181 2545 340 2614 Nicolaus
366 2549 548 2634 Episcopus
582 2570 695 2616 servus
721 2567 885 2616 servorum
912 2551 994 2629 Dei,
1020 2551 1202 2619 venerabili

79 2652 162 2720 tratri
182 2705 189 2719 .
206 2705 214 2722 .
232 2705 240 2724 .
263 2654 425 2742 Episcopo
441 2657 631 2742 duserensi,
647 2658 784 2724 salutem
801 2663 834 2724 et
859 2657 1081 2742 Apostolioam
1106 2658 1202 2726 bene·

79 2760 257 2830 dictionem.
274 2761 396 2830 Potitio
412 2763 526 2832 dilecti
541 2763 602 2830 filii
618 2765 838 2848 Drusingonis
854 2763 896 2831 de
913 2765 1045 2832 Chorsia
1061 2765 1150 2853 laici,
1168 2771 1200 2832 et

80 2865 193 2934 dilecte
208 2868 275 2936 lilie
293 2869 401 2936 Grube
418 2870 459 2937 de
475 2871 563 2938 Arbo
576 2877 631 2938 tue
646 2871 797 2938 Diocesis
814 2873 907 2940 nobis
924 2873 1074 2958 exposita
1100 2872 1200 2940 eonti-

79 2975 183 3060 nebat,
200 2976 288 3059 quud
303 2977 369 3061 ipsi
386 2977 463 3052 olim
479 2977 594 3061 ignari,
612 2978 700 3062 quud
716 2979 827 3063 aliqua
843 2987 929 3048 esset
944 2980 1092 3046 affinitas
1118 2979 1203 3046 inter

81 3099 140 3166 eos,
165 3101 228 3164 que
253 3082 493 3151 matrimonium
519 3078 700 3172 impediret,
728 3085 857 3169 publice
882 3087 916 3152 in
947 3085 1031 3152 faeie
1056 3085 1203 3152 Ecclesie

79 3189 314 3256 matrimonium
331 3190 461 3259 insimul
479 3198 718 3278 contraxerunt,
734 3213 773 3259 ac
799 3193 929 3259 tandem
945 3192 1029 3258 inter
1054 3212 1109 3258 eos
1134 3213 1203 3259 car·

81 3295 146 3362 nali
162 3299 282 3383 copula
298 3301 472 3368 subsecuta
487 3301 570 3370 lilios
579 3309 798 3389 procrearunt.
818 3300 989 3379 Qulavero
999 3299 1202 3386 postmodum

80 3409 120 3476 ad
136 3431 245 3478 eorum
261 3409 411 3496 peruenit
426 3409 587 3494 noticiam,
604 3411 688 3493 quod
715 3409 878 3494 quondam
903 3407 1060 3476 Silvester
1083 3409 1203 3477 lohan-

78 3518 135 3600 nis,
151 3518 214 3584 loci
231 3515 376 3584 eiusdem
392 3515 506 3602 laicus,
524 3515 669 3584 eiusdem
696 3517 804 3583 Grube
830 3515 976 3602 meritus,
994 3516 1097 3583 eidem
1122 3518 1203 3583 Dru·

79 3624 310 3711 singcnitertio
322 3629 354 3689 et
365 3631 480 3707 quarto
491 3623 786 3708 consanguinitatis
802 3623 917 3714 gradu,
928 3624 1004 3690 dum
1016 3623 1148 3708 viveret,
1158 3631 1204 3692 at·

77 3733 209 3819 tinebat,
225 3730 289 3818 ipsi
306 3751 403 3816 super
419 3731 479 3797 boo
494 3731 683 3816 Apostolioe
699 3731 792 3798 Sedis
808 3729 1063 3798 misericordiam
1089 3731 1204 3816 implo-

77 3847 196 3923 rarunt,
212 3847 245 3906 et
260 3843 455 3923 asserentes,
471 3837 557 3922 quod
573 3859 614 3904 ex
638 3837 824 3906 huiusmodi
849 3837 1044 3906 matrimonii
1070 3859 1202 3924 separa-

75 3945 170 4032 tione,
188 3947 216 4014 si
230 3947 333 4033 fieret,
350 3945 464 4030 gravia
487 3953 623 4031 possent
639 3946 673 4013 in
689 3945 756 4014 illis
774 3949 920 4033 partibus
936 3947 1093 4014 scandala
1108 3965 1204 4030 gene·

76 4053 148 4140 rari,
168 4053 301 4136 aliaque
328 4051 475 4140 pericula
500 4055 639 4141 evenire,
664 4048 759 4122 nobis
782 4053 944 4120 humiliter
968 4051 1204 4137 supplicarunt,

75 4167 106 4224 ut
123 4159 296 4243 providere
312 4160 392 4248 ipsis
408 4161 448 4229 de
464 4167 621 4248 oportuno
646 4161 899 4247 dispensationis
927 4159 1083 4226 beneficio
1109 4157 1204 4224 mise·

73 4264 241 4335 ricorditer
258 4267 479 4353 dignaremur.
495 4271 564 4336 Nos
581 4268 691 4356 igitur,
709 4271 763 4352 qui
789 4269 927 4338 salutem
954 4266 1114 4351 querimus
1140 4265 1204 4332 sin-

71 4375 230 4461 gulorum,
247 4384 280 4444 et
296 4377 435 4444 libenter
452 4377 572 4445 Christi
587 4376 735 4445 fidelibus
753 4375 869 4460 qnietis
901 4375 1069 4442 commoda
1095 4392 1205 4458 procu·

72 4503 191 4568 ramus,
207 4485 356 4552 uolentes
366 4483 521 4570 predictis
536 4483 703 4552 scandalis
713 4491 745 4550 et
760 4483 913 4568 perieulis
923 4482 1069 4566 obviare,
1081 4487 1113 4546 et
1127 4499 1200 4565 pre·

73 4589 232 4658 dictorum
247 4591 469 4677 Drusingonis
479 4599 512 4660 et
523 4591 633 4660 Grube
643 4593 824 4661 animarum
833 4589 933 4660 saluti
944 4594 1080 4674 paterna
1090 4587 1123 4652 in
1140 4588 1204 4654 hac
