3170 5166
607 327 768 426 „apo-

230 522 385 590 Kivtll:
402 522 542 588 Domino
558 520 643 604 Regi
659 542 719 606 pro
737 520 893 605 Magistro
916 522 1024 592 Zoard
1039 529 1153 589 eontra
1169 523 1251 590 filios

115 627 253 695 Andree
269 627 310 695 de
325 629 448 694 Boateh
467 635 499 694 et
515 627 678 694 dominam
705 634 840 697 matrem
857 628 1040 716 eorundem,
1057 649 1078 694 a
1093 629 1174 696 feria
1190 635 1253 698 ter·

113 738 184 818 oia,
202 733 513 817 videlieetavigilia
529 733 755 820 Apostolorum
772 734 859 800 Petri
875 743 914 807 et¹
922 735 1027 816 Pauli,
1037 733 1082 800 ad
1092 736 1253 818 quintum-

121 841 286 910 decimum
303 842 389 910 diem
406 861 503 928 super
519 840 766 908 introdueoione
782 841 896 926 Boynn
912 849 1037 910 nocato.

112 1037 260 1104 ·(Eredetie
281 1034 462 1104 bbrhdrtydn,
477 1054 494 1089 a
506 1035 647 1105 zdrpeesdt
660 1037 811 1101 elroszett3
835 1053 852 1088 a
864 1037 947 1090 budai
960 1039 1008 1089 nir.
1033 1041 1158 1091 kamarai
1170 1038 1252 1092 lerdi-

632 1123 749 1192 tdrban.)

654 1947 732 2024 269.

115 2142 155 2208 A
165 2145 277 2230 jdaoeda'
291 2143 488 2211 konoentnok
512 2144 786 2230 bizonpadqleuele,
802 2145 883 2230 kopp
902 2145 1043 2211 Bctrozui
1057 2145 1080 2208 I
1081 2143 1137 2212 ltu
1153 2167 1254 2210 comeo

124 2252 147 2318 ’.Ι
156 2252 236 2318 brusa
252 2261 333 2318 nevit
348 2253 500 2338 tuystpu
517 2252 621 2317 britta
636 2253 746 2318 Moob
764 2251 953 2338 bzoeppenelr
963 2251 1137 2333 tsfiaiualr.
1154 2252 1254 2318 1300.

231 2446 303 2514 Nos
318 2446 507 2532 Propositus
523 2449 556 2512 et
579 2447 765 2515 Conuentus
781 2444 823 2514 de
838 2447 952 2515 lazow
982 2446 1098 2514 damus
1113 2467 1174 2532 pro
1190 2467 1254 2514 me·
1303 2439 1306 2444 ’

118 2551 240 2636 moria,
258 2552 344 2636 quod
359 2551 574 2638 personaliter
605 2572 713 2621 eoram
728 2551 821 2621 nobis
839 2551 1004 2621 constituti
1020 2551 1136 2621 (lomes
1152 2553 1253 2639 Elyas

123 2660 169 2727 de
185 2658 315 2726 Baraba
331 2659 373 2725 ab
388 2678 455 2726 una
470 2665 574 2747 parte,
593 2679 633 2727 ex
649 2661 753 2727 altera
769 2681 845 2728 uero
865 2659 983 2727 nobilis
1000 2659 1130 2729 domina
1143 2661 1255 2727 relieta

121 2767 247 2854 Enoch,
259 2765 315 2852 filij
335 2765 480 2834 eiusdem
495 2765 616 2851 Enoch,
633 2787 703 2833 eum
720 2766 798 2856 filijs
814 2767 881 2836 suis
897 2768 1000 2836 Paulo
1017 2773 1050 2834 et
1064 2767 1254 2852 Dominioo;

120 2873 211 2944 idem
227 2875 331 2960 Elyas
347 2873 485 2959 protulit
501 2875 579 2941 viua
595 2893 685 2962 uoco,
702 2873 789 2956 quod
807 2872 1017 2940 hereditatem
1033 2893 1131 2940 unam
1148 2875 1193 2940 ad
1208 2875 1254 2960 ip·

117 3003 196 3051 sum
213 2983 315 3050 solum
331 2982 556 3068 pertinentem,
572 2984 638 3048 don
648 2980 693 3048 ad
703 2981 829 3064 aliquos
845 2987 1001 3064 oognatos
1018 2981 1132 3067 ipsius,
1144 2981 1256 3048 Thura

120 3093 287 3175 uocatam,
304 3089 435 3171 reliquit
450 3088 515 3154 iam
544 3086 628 3155 dioto
645 3087 775 3154 domins
793 3106 866 3153 oum
881 3087 957 3175 filijs
974 3087 1042 3152 suis
1072 3087 1255 3172 antedictis,

119 3214 230 3279 usque
247 3216 311 3279 quo
326 3195 386 3279 filij
405 3194 455 3262 sui
472 3197 670 3262 nutrirentur
696 3192 739 3259 ad
755 3199 874 3260 etatem
890 3192 1084 3280 sensibilem,
1098 3194 1201 3260 libere
1217 3213 1256 3262 ao

120 3306 236 3390 quiete
250 3321 443 3388 permanere
469 3321 540 3368 oum
559 3301 708 3369 omnibus
733 3299 928 3370 utilitatibus
944 3299 1046 3384 ipsius
1078 3301 1257 3384 possessio-

123 3412 190 3478 nis.
206 3410 320 3480 Eoiam
344 3405 435 3478 'idem
462 3405 550 3496 (tgyl
570 3407 703 3475 domina
731 3407 802 3493 ipso
820 3405 873 3473 die
888 3407 998 3474 retulit
1013 3427 1121 3476 coram
1151 3409 1258 3494 nobis,

112 3515 270 3608 quotide
286 3516 382 3584 rebus
413 3515 595 3600 mobilibus,
626 3521 658 3581 et
681 3513 766 3600 alijs,
798 3519 954 3597 quantum
986 3513 1027 3581 de
1042 3514 1115 3601 ipso
1145 3514 1257 3582 Enoch

113 3624 245 3692 marito
261 3643 320 3690 suo
336 3629 413 3689 ante
430 3621 517 3688 dioto
533 3621 754 3709 remansisset,
764 3621 840 3706 ipsa
855 3621 982 3707 integre
991 3621 1160 3690 habuisset
1176 3619 1258 3689 duos

120 3735 232 3800 boues
246 3736 279 3795 et
294 3728 445 3797 undeoim
463 3748 552 3816 oues,
569 3735 601 3795 et
617 3729 659 3796 de
675 3729 771 3796 rebus
787 3729 853 3794 iam
884 3728 980 3796 dietis
996 3728 1049 3796 uel
1080 3748 1158 3796 suus
1173 3729 1258 3797 iilius

115 3842 234 3926 ipsum
250 3838 366 3923 lllyam
399 3835 482 3904 dixit
512 3835 748 3923 inpartioipem,
774 3836 822 3902 ita
837 3836 923 3919 quod
938 3855 999 3902 nee
1014 3835 1087 3920 ipsa
1113 3833 1257 3923 domina,

118 3965 188 4014 neu
203 3942 262 4026 filij
280 3945 331 4013 sui
346 3963 443 4030 super
458 3945 564 4031 ipsum
583 3943 702 4031 Elyam
717 3951 775 4012 aut
789 3943 889 4010 filium
904 3961 1009 4012 summ
1028 3941 1187 4008 iuniorem
1204 3962 1259 4009 ua-

111 4055 214 4121 leant
235 4049 422 4135 aliquando
450 4049 490 4117 de
521 4051 602 4137 ipsis
632 4051 729 4120 robus
759 4052 935 4135 querelare.
966 4051 1087 4120 Datum
1119 4051 1257 4120 sabbato

117 4157 278 4248 proximo
294 4161 368 4243 post
383 4164 517 4226 oetauas
533 4157 637 4226 Pasos
652 4179 738 4226 anno
754 4159 886 4227 Domini
905 4157 1060 4226 M⁰GOGt

233 4281 388 4348 Kivdl:
407 4283 471 4350 Pro
488 4281 612 4350 Comita
628 4284 720 4368 ldlya

114 4481 272 4544 (Eredetie
284 4475 451 4544 burhtrtrtn
463 4493 479 4530 a
492 4477 585 4546 paosdt
598 4480 737 4545 elusanam,
751 4493 768 4531 a
780 4476 900 4546 Βάτεια]
919 4476 1012 4534 esaldd
1023 4474 1211 4534 lerdltdrdbau
1223 4494 1230 4540 ;
1243 4489 1261 4527 a

345 4568 458 4621 bonuau
471 4583 503 4620 az
516 4569 631 4622 eredatit
644 4569 752 4622 kdn'dlte
766 4565 949 4636 Radrdnszlry
962 4567 1049 4637 aeta.)
