3132 5162
801 307 959 410 *aa*

175 507 180 517 “
309 497 368 562 bns
386 493 525 580 publicis
540 493 727 564 insudasse.
744 498 840 564 Proin
857 498 900 565 ad
916 501 1143 568 uniuersorum
1160 501 1315 569 noticiam
1330 507 1440 569 tenore

311 602 518 686 presencium
537 601 651 668 harum
662 604 746 670 serie
762 607 912 672 uolumus
922 609 1104 694 peruenire,
1122 608 1206 690 quod
1222 606 1382 676 discretus
1397 613 1443 676 vir

310 709 468 796 Magister
482 708 679 777 Theodorus
695 711 848 780 Albensis
864 714 1011 782 Ecclesia
1027 715 1225 801 Propositus,
1236 717 1309 783 aule
1320 716 1440 783 domini

310 817 412 883 nostri
427 817 526 902 Regis
548 821 706 885 consortis
734 821 835 886 nostri
861 821 1028 888 karissimi
1055 821 1384 908 llice-Cancellarius,
1400 822 1439 890 ad

311 931 456 994 nostram
472 925 639 1010 [accedens
664 926 864 1011 presenciam
890 929 1029 995 anobis
1064 927 1227 996 humiliter
1252 930 1441 1015 suplicando

311 1033 503 1119 postulauit,
529 1042 564 1103 vt
588 1031 751 1118 quandam
779 1041 897 1102 terram
922 1043 1068 1103 nostram
1091 1037 1285 1120 Reginalem
1313 1036 1440 1103 Iwanch

236 1231 241 1240 .
312 1148 461 1208 uocatam
478 1142 512 1207 in
528 1142 693 1208 comitatu
708 1139 844 1207 Albensi
861 1141 1065 1226 existentem,
1082 1142 1123 1208 de
1139 1142 1367 1210 munificencia
1385 1146 1440 1210 lte-

311 1248 415 1332 ginali
432 1247 555 1331 ,eidem
592 1253 624 1313 et
639 1246 794 1317 iratribus
812 1249 880 1314 suis
895 1248 976 1316 dare
992 1256 1024 1315 et
1048 1249 1195 1318 conferre
1221 1249 1433 1332 dignaremur.
1542 1243 1543 1246 ’

268 1358 274 1364 ’
313 1354 431 1420 Verum
449 1353 526 1438 quia
541 1354 634 1421 nobis
653 1354 694 1420 de
710 1355 873 1438 qualitate
889 1361 921 1421 et
939 1357 1122 1438 quantitate
1138 1356 1226 1423 dicte
1250 1363 1335 1423 terre
1361 1358 1437 1424 ueri·
1542 1435 1543 1438 Ἴ

313 1468 366 1527 tas
381 1483 447 1530 non
463 1463 643 1548 constabat,
660 1461 811 1530 fidelibus
827 1463 948 1532 nostris
974 1463 1126 1551 Capitnlo
1150 1466 1296 1533 Bndensi
1321 1467 1438 1533 nostis
1542 1449 1543 1514 i

313 1569 432 1636 litteris
442 1567 588 1638 dedimus
608 1571 641 1636 iu
667 1568 841 1656 mandatis,
858 1577 892 1637 ut
916 1591 1014 1638 unum
1031 1591 1070 1638 ex
1085 1571 1167 1657 ipsis
1182 1591 1241 1658 pro
1257 1572 1440 1638 testimonio
1542 1619 1543 1632 ,

314 1677 478 1744 mitterent
508 1675 708 1760 fidedignum
720 1727 729 1760 ‚
755 1696 865 1744 coram
896 1697 960 1762 quo
984 1678 1141 1762 Magister
1172 1677 1313 1763 Vgrinus
1344 1679 1437 1744 homo

313 1791 423 1852 noster
454 1782 692 1850 reambulando
723 1784 844 1852 dictam
886 1791 1006 1853 terram
1031 1787 1236 1871 presentibus
1277 1793 1440 1852 commeta·
1542 1797 1543 1858 ι

314 1891 385 1960 sels
400 1897 433 1957 et
457 1890 573 1958 uicinis
605 1898 764 1960 statueret
794 1891 859 1977 ipsi
891 1893 1048 1978 Magistro
1074 1891 1246 1961 Theodoro
1271 1890 1435 1978 Proposito
1542 1935 1543 1944 ι

314 1999 447 2067 Albensi
474 2007 507 2066 ot
537 1997 690 2066 fratribus
716 1998 880 2084 eiusdem,
911 1999 940 2066 si
971 2020 1036 2066 non
1066 1999 1159 2066 fieret
1190 1999 1433 2081 contradictum,
1542 2031 1543 2078 3

315 2105 605 2174 contradictoribus
622 2113 730 2172 autem
747 2105 790 2171 ad
815 2111 958 2172 nostram
983 2107 1184 2191 presenciam
1201 2105 1347 2172 euocatis
1371 2125 1438 2172 eon·
1542 2097 1543 2140 ἓ

315 2219 366 2280 tra
380 2215 486 2298 ipsum
502 2211 693 2296 Magistrum
709 2210 915 2279 Theodorum
932 2221 965 2278 et
989 2210 1107 2278 iratres
1132 2209 1276 2278 eiusdem
1307 2209 1351 2276 ad
1381 2219 1436 2276 ter·
1542 2213 1543 2278 ἐ

315 2321 438 2388 minum
453 2325 695 2402 competentem.
711 2318 806 2398 Quod
833 2317 961 2403 quidem
978 2319 1163 2405 Capitulum
1189 2319 1319 2386 demum
1344 2317 1435 2386 nobis

315 2429 551 2512 rescripserunt
567 2425 599 2492 in
617 2427 676 2492 hec
691 2429 809 2494 verba:
1542 2499 1543 2528 1

423 2533 703 2601 Excellentissime
719 2534 847 2601 domine
864 2553 923 2600 sue
947 2534 983 2599 F.
1000 2535 1063 2602 Dei
1088 2535 1199 2617 gracia
1214 2531 1432 2600 illustrissime
1542 2603 1543 2606 ,

315 2643 441 2726 Regino
457 2641 601 2725 Vngarie
616 2641 803 2726 Capitulum
816 2640 976 2710 Budensis
987 2639 1131 2707 Ecclesia
1142 2641 1310 2707 oraciones
1327 2642 1359 2706 in
1375 2641 1433 2705 Do·
1542 2653 1543 2726 ζ

316 2751 402 2815 mino
419 2747 543 2816 debitas
560 2755 593 2816 et
608 2748 753 2816 denotas.
768 2749 963 2835 Recepimus
979 2748 1104 2840 litteras
1121 2755 1229 2814 uestro
1247 2744 1435 2814 Serenitatis
1542 2825 1543 2830 ἵ

317 2855 402 2922 hunc
416 2856 450 2921 in
466 2854 596 2922 modum
613 2855 817 2924 continentes
844 2880 851 2921 :
1542 2867 1543 2882 ¹

422 2965 458 3030 F.
469 2965 531 3031 Dei
548 2965 659 3048 gracia
683 2963 809 3046 Regina
834 2963 979 3047 Vngarie
1008 2961 1159 3030 fidelibus
1191 2961 1259 3028 suis
1291 2957 1435 3045 Capitulo

316 3069 460 3140 Budensi
477 3071 615 3138 salutem
631 3077 662 3137 et
678 3069 834 3153 graciam.
853 3069 932 3135 Cum
948 3087 1008 3137 nos
1033 3076 1153 3136 terram
1178 3075 1323 3135 nostram
1348 3063 1437 3148 Regi·
1542 3107 1543 3112 κ

317 3179 425 3246 nalem
442 3177 575 3246 luranoh
591 3184 741 3244 uocatum
758 3197 828 3244 cum
846 3177 994 3244 omuibus
1010 3177 1079 3244 suis
1105 3174 1311 3256 utilitatibus,
1338 3173 1437 3258 pratis
1542 3191 1543 3246 ξ

315 3286 446 3368 scilieet,
463 3286 569 3372 siluis,
587 3283 712 3370 tenetis,
728 3284 854 3372 insulis,
872 3291 905 3352 et
920 3285 1070 3351 omnibus
1088 3284 1166 3370 alijs
1177 3281 1436 3365 atdneuoijssuis
1542 3291 1543 3310 ³

317 3394 358 3462 do
389 3393 594 3478 plenitudine
619 3400 729 3460 nostre
754 3395 864 3477 gracie
899 3393 1057 3476 Magistro
1087 3391 1257 3458 Theodoro
1290 3387 1438 3454 Albensis
1542 3467 1543 3476 ἵ

317 3500 464 3568 Ecclesia
487 3499 666 3583 Prepesito,
691 3500 765 3565 aule
790 3501 931 3566 illustris
956 3497 1064 3582 Regis,
1090 3497 1257 3564 karissimi
1284 3493 1436 3561 consortis

315 3607 697 3677 nostriVicecauoellario
708 3616 740 3674 et
752 3606 905 3675 frutribus
922 3609 988 3674 suis
1000 3607 1187 3675 duxerimus
1200 3603 1436 3684 conserendam,
1542 3625 1543 3694 j

316 3717 468 3783 fidelitati
484 3723 590 3783 vestre
607 3715 815 3801 precipiendo
833 3715 1035 3801 mandamus,
1051 3722 1211 3800 quatenus
1228 3713 1363 3780 mittatis
1390 3712 1438 3776 bo·
1542 3705 1543 3776 j

228 3819 231 3824 ’
318 3825 434 3890 minem
467 3829 611 3890 vostrum
646 3820 827 3909 ydoneum,
864 3823 923 3889 sub
955 3824 1046 3890 cuius
1077 3823 1260 3888 testimonio
1291 3819 1440 3903 Magister
1542 3877 1543 3890 ,

317 3934 456 4016 Vgrinus
473 3932 568 4008 homo
596 3937 705 3998 nostor
729 3931 909 3999 reambulet
934 3931 1113 4016 predictam
1139 3937 1269 4015 terram,
1286 3925 1436 4011 erigendo

316 4043 408 4108 iuxta
423 4047 550 4109 ueteres
566 4025 668 4106 motas
684 4060 789 4107 nouus
806 4041 992 4120 constituat,
1011 4045 1042 4104 et
1058 4045 1132 4122 post
1147 4037 1208 4106 hec
1224 4057 1350 4104 cursum
1374 4051 1435 4100 me·

318 4157 432 4236 tarum,
448 4149 759 4234 nominasiluarnm‚
786 4146 977 4226 insularum,
1004 4156 1181 4231 pratorum,
1209 4143 1385 4212 senatorum
1407 4144 1439 4204 et
1542 4171 1543 4184 2

319 4259 461 4326 omnium
477 4257 614 4325 aliarum
630 4257 802 4324 utilitatem
829 4256 975 4341 predicte
1000 4259 1085 4322 terre
1110 4252 1205 4321 nobis
1230 4251 1368 4320 fideliter
1391 4265 1435 4311 re·
1542 4267 1543 4298 z

318 4365 480 4434 scribatis.
497 4368 616 4434 Datum
633 4363 787 4450 Strigonij
804 4364 839 4431 in
855 4363 996 4430 crastino
1013 4361 1162 4428 Omnium
1178 4360 1375 4426 Sanctorum.
1542 4431 1543 4444 ἶ

426 4474 494 4541 Nos
509 4473 620 4558 igitiur
636 4473 799 4542 mandatis
817 4477 925 4538 uestro
950 4468 1142 4538 Serenitatis
1161 4467 1292 4534 obedire
1318 4464 1440 4550 cupieu-
1542 4565 1543 4572 ἶ

320 4592 378 4668 tes,
394 4591 428 4651 ut
453 4589 608 4668 tenemur,
626 4603 697 4648 cum
723 4581 811 4650 dioto
835 4578 965 4648 homine
990 4581 1096 4649 uestro
1122 4575 1312 4662 Magistrum
1336 4571 1439 4640 Lutra·
1542 4613 1543 4660 ,
