3120 5172
816 223 972 330 jae

326 418 467 503 predicti
493 417 704 505 Laureneius,
732 419 896 504 Onmpurd
923 423 954 482 et
978 417 1076 484 Nana
1101 418 1286 481 tenerentur
1302 407 1434 496 expedire

326 526 468 612 proprljs
483 527 551 594 suis
567 525 732 594 laboribus
748 533 781 593 et
796 526 968 610 expensis;
983 524 1070 590 lacta
1086 529 1194 590 autom
1209 525 1273 589 ista
1288 519 1398 605 empcio
1408 526 1435 584 ct

328 633 474 702 vendicio
490 655 531 700 ex
546 636 632 701 bona
659 636 844 717 voluntate,
878 653 1036 701 consensu
1063 639 1094 698 et
1120 629 1333 716 permissione
1346 625 1435 714 proxi-

320 762 460 838 ¹morum,
475 741 653 808 vicinorum
670 749 702 807 et
725 748 1016 808 commetaneorum
1042 759 1182 806 suorum.
1211 736 1296 815 Quia
1311 735 1396 802 vicini
1409 741 1436 802 et

330 849 544 916 commetanei
561 856 636 914 sunt
653 849 717 925 isti,
736 847 821 915 sicut
836 847 1005 932 dixeruni3
1031 868 1052 913 a
1067 853 1160 932 parte
1176 843 1319 910 inferiori
1334 843 1437 908 Paulus

329 964 363 1022 et
378 955 569 1022 Dominicus
585 955 643 1042 filij
661 956 790 1022 Martini
806 955 848 1022 de
864 957 967 1022 Borea
992 974 1065 1020 cum
1081 954 1236 1021 fratribus
1262 958 1294 1018 et
1309 951 1439 1034 cognatis

330 1061 410 1147 suis,
428 1061 582 1128 videlicet
600 1061 716 1146 Gyurk
749 1069 780 1130 et
795 1062 965 1146 Vduorus3
999 1070 1031 1128 et
1057 1061 1133 1130 inde
1164 1059 1257 1127 vadit
1288 1058 1439 1142 adportes

332 1167 563 1234 meridionales
581 1169 624 1234 ad
640 1177 762 1236 terram
787 1169 1009 1236 Chozkfonlde
1034 1173 1192 1251 vocatam,
1208 1175 1241 1234 et
1256 1167 1300 1234 ad
1314 1164 1443 1246 Alks3a

335 1279 428 1360 parto
443 1280 552 1340 autem
568 1277 729 1360 superiori
745 1277 886 1343 Michael
897 1275 983 1342 filius
999 1277 1124 1359 Hegun,
1144 1295 1216 1340 cum
1232 1272 1375 1357 cognatis
1384 1270 1444 1336 suis

334 1379 509 1448 Benedicto
526 1381 612 1448 dioto
628 1382 744 1470 Burus,
761 1391 792 1450 et
808 1383 958 1453 Jobanne
975 1383 1041 1450 filio
1059 1382 1151 1449 Ethe.
1177 1384 1214 1447 Iu
1231 1381 1334 1468 pratis
1349 1386 1444 1445 autern

334 1493 366 1554 et
382 1488 416 1554 in
441 1487 535 1554 siluis
551 1489 649 1555 vicini
666 1497 698 1556 et
713 1491 926 1558 commetanei
950 1497 1024 1580 sunt
1039 1490 1227 1556 Dominicus
1244 1494 1276 1554 ct
1291 1485 1446 1554 iohannes

333 1595 392 1680 filij
411 1593 570 1661 Johannis
585 1593 694 1660 fratris
710 1597 830 1680 Bolnlr,
856 1619 913 1684 pro
929 1619 964 1666 so
989 1605 1021 1664 et
1039 1617 1096 1683 pro
1113 1603 1206 1682 patre
1222 1616 1280 1661 suo
1296 1592 1448 1678 permisis·

331 1707 404 1770 sent
421 1719 528 1768 emere
542 1702 680 1786 pacifice
695 1709 727 1769 et
743 1705 861 1786 quiete.
888 1705 1084 1772 Adiecerunt
1111 1706 1263 1787 insuper,
1280 1703 1364 1785 quod
1378 1721 1449 1785 pre·

333 1811 414 1876 dicti
429 1809 579 1876 Andreas
595 1818 627 1877 et
652 1811 774 1878 Choma
792 1785 945 1880 feciisent
969 1813 1163 1899 proclamari
1182 1814 1215 1877 in
1235 1811 1400 1877 Prouincia
1416 1811 1447 1872 in

331 1916 402 1983 foro
419 1917 548 2000 publico
565 1937 637 1983 enm
654 1917 784 1985 homine
801 1921 936 1987 Comitis
956 1920 1162 1988 Posoniensis
1187 1921 1247 1984 sub
1275 1917 1452 1984 testimonio

333 2025 471 2092 bominis
481 2025 582 2092 nostri
592 2026 696 2092 tribus
708 2027 831 2092 vicibus
841 2026 885 2092 ad
901 2035 966 2094 tres
983 2028 1154 2094 terminos:
1174 2026 1261 2110 quod
1278 2025 1454 2108 quicunque

333 2131 510 2216 predictam
522 2133 757 2218 possessionem
768 2133 890 2200 vellent
899 2135 1054 2221 inpedire,
1071 2135 1123 2200 vel
1139 2133 1266 2216 aliquid
1282 2135 1452 2199 conuenire

337 2237 504 2326 baberent,
516 2259 588 2305 cum
599 2241 712 2307 eadem
724 2241 919 2308 venirentad
932 2241 1098 2328 indicium,
1115 2249 1147 2309 et
1162 2249 1379 2328 proponerent
1394 2263 1456 2307 ma·
1550 2218 1553 2235 ⁴

335 2344 471 2430 niseste;
512 2355 544 2412 et
573 2347 658 2430 quod
690 2349 769 2434 ipsis
802 2352 905 2418 tribus
937 2351 1062 2418 vicibus
1103 2364 1218 2416 nemo‘
1238 2349 1387 2433 venisset,
1428 2359 1458 2415 et

337 2473 432 2517 nemo
458 2455 717 2542 contradixisset,
743 2457 801 2524 sed
826 2457 1049 2542 permisissent
1075 2477 1181 2524 emere
1209 2463 1242 2522 et
1273 2477 1459 2543 comparare

333 2559 448 2626 Comiti
464 2563 594 2631 Andree
611 2573 642 2631 et
659 2565 782 2634 Chama
798 2567 1004 2652 supradietis.
1030 2567 1068 2631 Iu
1084 2567 1175 2634 cuius
1199 2567 1245 2632 rei
1272 2569 1459 2634 memoriam

333 2675 365 2733 et
396 2679 582 2756 perpetuam
615 2673 800 2740 firmitatem
841 2674 886 2740 ad
926 2675 1121 2760 peticionem
1153 2673 1319 2756 utriusque
1357 2678 1459 2760 partis

334 2787 502 2858 presentes
533 2787 663 2846 nostras
696 2783 914 2848 concessimus
946 2782 1072 2847 litteras
1110 2781 1213 2866 sigilli
1251 2784 1355 2848 nostri
1396 2804 1450 2848 mu

332 2887 454 2954 nimine
470 2887 648 2955 roboratas.
666 2891 760 2956 Anno
777 2891 907 2976 Domini
925 2891 1045 2957 M⁰OO⁰
1061 2893 1272 2975 nonagesimo
1288 2912 1386 2976 nono,
1403 2898 1464 2956 ter-

334 2993 387 3058 cia
403 2992 484 3060 seria
500 2995 651 3080 proxima
666 3003 740 3081 post
756 3004 905 3078 octauam
922 2997 1014 3064 Beati
1030 2996 1145 3064 Jacobi
1161 2997 1322 3084 Apostoli.

332 3186 437 3256 (Bebelr
450 3187 546 3242 Istvdn
556 3207 646 3244 comes
661 3189 874 3259 orontgbirdnnk
891 3197 969 3247 laer.
983 3197 1027 3260 „in
1041 3196 1175 3261 Visegrsd
1190 3198 1236 3246 12⁰
1250 3196 1294 3246 die
1305 3201 1466 3246 cutenorum

335 3278 397 3330 festi
410 3280 613 3346 Assumpeionis
626 3281 711 3333 Beate
722 3283 859 3349 Virginis¹⁴
875 3285 934 3336 kelt
946 3283 1104 3349 tetrartum,
1119 3285 1221 3350 melyot
1243 3285 1380 3355 „Thomu
1393 3281 1467 3334 filins

265 3377 268 3390 ¹
335 3368 415 3420 Pauli
428 3385 476 3435 pro
489 3369 626 3436 roligionis
639 3372 801 3424 dominabus
815 3373 1072 3428 sanctimonialibus
1086 3375 1119 3426 de
1131 3375 1225 3426 Veteri
1239 3372 1333 3424 Bnd⁸“
1349 3368 1468 3422 hirim-

334 3451 394 3507 tdrs
409 3458 545 3521 „Andreas
559 3457 630 3510 filius
642 3459 736 3511 Almus
749 3477 799 3526 pro
813 3461 942 3513 Ledialno
955 3463 1010 3514 lilio
1024 3464 1138 3524 Andros,
1152 3463 1241 3514 Paulo
1265 3463 1322 3514 filio
1340 3461 1466 3510 Lauren

335 3543 370 3607 cij
385 3543 418 3594 de
431 3545 523 3608 Borea,
537 3554 566 3599 et
578 3548 657 3600 Gallo
670 3549 728 3601 filio
741 3553 816 3601 Iwnn
829 3553 864 3606 de
878 3553 929 3603 Sur
942 3569 1003 3603 cunr
1017 3554 1211 3619 procuratorijs
1224 3553 1338 3605 litteris·
1368 3550 1468 3600 folmu-

581 3643 678 3702 tetott3
692 3653 710 3689 a
722 3639 805 3690 budsi
818 3639 871 3692 lsir.
887 3642 1010 3693 namurci
1023 3640 1211 3702 levdltlirban.l

796 3925 1008 3938 ..ιω-η...-
