<?xml version="1.0" encoding="UTF-8"?>
<!DOCTYPE html PUBLIC "-//W3C//DTD XHTML 1.0 Transitional//EN"
    "http://www.w3.org/TR/xhtml1/DTD/xhtml1-transitional.dtd">
<html xmlns="http://www.w3.org/1999/xhtml" xml:lang="en" lang="en">
 <head>
  <title>
</title>
<meta http-equiv="Content-Type" content="text/html;charset=utf-8" />
  <meta name='ocr-system' content='tesseract 3.04.00' />
  <meta name='ocr-capabilities' content='ocr_page ocr_carea ocr_par ocr_line ocrx_word'/>
</head>
<body>
  <div class='ocr_page' id='page_1' title='image "./codexdiplomatic19wenzgoog_0351.png"; bbox 0 0 3120 5172; ppageno 0'>
   <div class='ocr_carea' id='block_1_1' title="bbox 675 1124 755 1191">
    <p class='ocr_par' dir='ltr' id='par_1_1' title="bbox 675 1124 755 1191">
     <span class='ocr_line' id='line_1_1' title="bbox 675 1124 755 1191; baseline -0.025 0"><span class='ocrx_word' id='word_1_1' title='bbox 675 1124 755 1191; x_wconf 74' lang='grc'><strong>200.</strong></span> 
     </span>
    </p>
   </div>
   <div class='ocr_carea' id='block_1_2' title="bbox 164 1330 1353 1511">
    <p class='ocr_par' dir='ltr' id='par_1_2' title="bbox 164 1330 1353 1511">
     <span class='ocr_line' id='line_1_2' title="bbox 164 1330 1303 1430; baseline -0.012 -22"><span class='ocrx_word' id='word_1_2' title='bbox 164 1341 219 1408; x_wconf 81' lang='lat' dir='ltr'>Aa</span> <span class='ocrx_word' id='word_1_3' title='bbox 236 1345 425 1430; x_wconf 64' lang='lat' dir='ltr'>astrapaea·</span> <span class='ocrx_word' id='word_1_4' title='bbox 449 1339 672 1427; x_wconf 78' lang='lat' dir='ltr'>lodptolannak</span> <span class='ocrx_word' id='word_1_5' title='bbox 696 1362 889 1427; x_wconf 76' lang='lat' dir='ltr'>upyacaaoc</span> <span class='ocrx_word' id='word_1_6' title='bbox 916 1347 1010 1426; x_wconf 76' lang='lat' dir='ltr'>lippet</span> <span class='ocrx_word' id='word_1_7' title='bbox 1034 1337 1188 1423; x_wconf 76' lang='lat' dir='ltr'>tdrqyuzd</span> <span class='ocrx_word' id='word_1_8' title='bbox 1207 1330 1303 1417; x_wconf 72' lang='lat' dir='ltr'>jeten-</span> 
     </span>
     <span class='ocr_line' id='line_1_3' title="bbox 651 1445 1353 1511; baseline -0.006 -3"><span class='ocrx_word' id='word_1_9' title='bbox 651 1448 719 1511; x_wconf 68' lang='lat' dir='ltr'>ecoe.</span> <span class='ocrx_word' id='word_1_10' title='bbox 735 1445 834 1511; x_wconf 83' lang='lat'><em>1298.</em></span> <span class='ocrx_word' id='word_1_11' title='bbox 1349 1448 1353 1455; x_wconf 86' lang='lat'>&#39;</span> 
     </span>
    </p>
   </div>
   <div class='ocr_carea' id='block_1_3' title="bbox 148 1647 1302 4756">
    <p class='ocr_par' dir='ltr' id='par_1_3' title="bbox 148 1647 1302 4756">
     <span class='ocr_line' id='line_1_4' title="bbox 275 1647 1300 1725; baseline -0.009 -3"><span class='ocrx_word' id='word_1_12' title='bbox 275 1657 353 1725; x_wconf 89' lang='lat' dir='ltr'>Viro</span> <span class='ocrx_word' id='word_1_13' title='bbox 367 1657 469 1725; x_wconf 90' lang='lat' dir='ltr'>nobili</span> <span class='ocrx_word' id='word_1_14' title='bbox 486 1661 519 1724; x_wconf 91' lang='lat' dir='ltr'>et</span> <span class='ocrx_word' id='word_1_15' title='bbox 534 1656 672 1724; x_wconf 91' lang='lat' dir='ltr'>honesto</span> <span class='ocrx_word' id='word_1_16' title='bbox 687 1657 792 1724; x_wconf 91' lang='lat' dir='ltr'>amico</span> <span class='ocrx_word' id='word_1_17' title='bbox 808 1677 868 1724; x_wconf 92' lang='lat' dir='ltr'>suo</span> <span class='ocrx_word' id='word_1_18' title='bbox 883 1653 1063 1723; x_wconf 91' lang='lat' dir='ltr'>reuerendo</span> <span class='ocrx_word' id='word_1_19' title='bbox 1088 1649 1203 1719; x_wconf 75' lang='lat' dir='ltr'>domiti</span> <span class='ocrx_word' id='word_1_20' title='bbox 1228 1647 1300 1714; x_wconf 87' lang='lat' dir='ltr'>Ste-</span> 
     </span>
     <span class='ocr_line' id='line_1_5' title="bbox 165 1753 1302 1849; baseline -0.006 -20"><span class='ocrx_word' id='word_1_21' title='bbox 165 1763 279 1849; x_wconf 90' lang='lat' dir='ltr'>phano</span> <span class='ocrx_word' id='word_1_22' title='bbox 296 1763 480 1832; x_wconf 87' lang='lat' dir='ltr'>Vicsindici</span> <span class='ocrx_word' id='word_1_23' title='bbox 496 1763 593 1833; x_wconf 78' lang='lat' dir='ltr'>Curis</span> <span class='ocrx_word' id='word_1_24' title='bbox 607 1763 730 1832; x_wconf 92' lang='lat' dir='ltr'>domini</span> <span class='ocrx_word' id='word_1_25' title='bbox 747 1765 847 1849; x_wconf 85' lang='lat' dir='ltr'>Regis</span> <span class='ocrx_word' id='word_1_26' title='bbox 861 1763 1019 1848; x_wconf 79' lang='lat' dir='ltr'>Magister</span> <span class='ocrx_word' id='word_1_27' title='bbox 1034 1761 1096 1827; x_wconf 79' lang='lat' dir='ltr'>Th.</span> <span class='ocrx_word' id='word_1_28' title='bbox 1122 1753 1302 1844; x_wconf 88' lang='lat' dir='ltr'>Preposltis</span> 
     </span>
     <span class='ocr_line' id='line_1_6' title="bbox 161 1866 1302 1958; baseline -0.012 -18"><span class='ocrx_word' id='word_1_29' title='bbox 161 1879 197 1940; x_wconf 90' lang='lat' dir='ltr'>et</span> <span class='ocrx_word' id='word_1_30' title='bbox 213 1870 403 1957; x_wconf 79' lang='lat' dir='ltr'>Capitulum</span> <span class='ocrx_word' id='word_1_31' title='bbox 420 1866 571 1939; x_wconf 90' lang='lat' dir='ltr'>Ecclesie</span> <span class='ocrx_word' id='word_1_32' title='bbox 586 1869 819 1954; x_wconf 72' lang='lat' dir='ltr'>strigoniensis</span> <span class='ocrx_word' id='word_1_33' title='bbox 844 1877 1032 1958; x_wconf 86' lang='lat' dir='ltr'>promptam</span> <span class='ocrx_word' id='word_1_34' title='bbox 1059 1866 1240 1934; x_wconf 75' lang='lat' dir='ltr'>amiciciam</span> <span class='ocrx_word' id='word_1_35' title='bbox 1269 1866 1302 1927; x_wconf 92' lang='lat' dir='ltr'>et</span> 
     </span>
     <span class='ocr_line' id='line_1_7' title="bbox 163 1974 1301 2064; baseline -0.011 -19"><span class='ocrx_word' id='word_1_36' title='bbox 163 1987 328 2064; x_wconf 87' lang='lat' dir='ltr'>paratam.</span> <span class='ocrx_word' id='word_1_37' title='bbox 345 1978 515 2046; x_wconf 87' lang='lat' dir='ltr'>Noueritis</span> <span class='ocrx_word' id='word_1_38' title='bbox 530 1986 658 2046; x_wconf 86' lang='lat' dir='ltr'>uestras</span> <span class='ocrx_word' id='word_1_39' title='bbox 674 1979 800 2047; x_wconf 81' lang='lat' dir='ltr'>litteras</span> <span class='ocrx_word' id='word_1_40' title='bbox 816 1996 876 2045; x_wconf 85' lang='lat' dir='ltr'>uos</span> <span class='ocrx_word' id='word_1_41' title='bbox 892 1977 1064 2062; x_wconf 74' lang='lat' dir='ltr'>recepisse,</span> <span class='ocrx_word' id='word_1_42' title='bbox 1090 1974 1176 2041; x_wconf 89' lang='lat' dir='ltr'>inter</span> <span class='ocrx_word' id='word_1_43' title='bbox 1191 1975 1301 2038; x_wconf 92' lang='lat' dir='ltr'>cetera</span> 
     </span>
     <span class='ocr_line' id='line_1_8' title="bbox 164 2083 1300 2173; baseline -0.007 -23"><span class='ocrx_word' id='word_1_44' title='bbox 164 2085 382 2173; x_wconf 85' lang='lat' dir='ltr'>continentes,</span> <span class='ocrx_word' id='word_1_45' title='bbox 399 2083 486 2170; x_wconf 90' lang='lat' dir='ltr'>quod</span> <span class='ocrx_word' id='word_1_46' title='bbox 502 2086 579 2169; x_wconf 90' lang='lat' dir='ltr'>quia</span> <span class='ocrx_word' id='word_1_47' title='bbox 595 2084 717 2153; x_wconf 86' lang='lat' dir='ltr'>iactum</span> <span class='ocrx_word' id='word_1_48' title='bbox 733 2093 820 2154; x_wconf 90' lang='lat' dir='ltr'>terre</span> <span class='ocrx_word' id='word_1_49' title='bbox 836 2088 978 2153; x_wconf 78' lang='lat' dir='ltr'>Korona</span> <span class='ocrx_word' id='word_1_50' title='bbox 988 2090 1115 2167; x_wconf 91' lang='lat' dir='ltr'>uocate,</span> <span class='ocrx_word' id='word_1_51' title='bbox 1127 2095 1300 2167; x_wconf 84' lang='lat' dir='ltr'>superque</span> 
     </span>
     <span class='ocr_line' id='line_1_9' title="bbox 162 2184 1298 2279; baseline -0.01 -19"><span class='ocrx_word' id='word_1_52' title='bbox 162 2193 248 2260; x_wconf 90' lang='lat' dir='ltr'>inter</span> <span class='ocrx_word' id='word_1_53' title='bbox 263 2195 488 2263; x_wconf 88' lang='lat' dir='ltr'>venerabilem</span> <span class='ocrx_word' id='word_1_54' title='bbox 505 2199 633 2279; x_wconf 88' lang='lat' dir='ltr'>patrem</span> <span class='ocrx_word' id='word_1_55' title='bbox 649 2193 814 2261; x_wconf 91' lang='lat' dir='ltr'>dominum</span> <span class='ocrx_word' id='word_1_56' title='bbox 830 2193 868 2259; x_wconf 88' lang='lat' dir='ltr'>B.</span> <span class='ocrx_word' id='word_1_57' title='bbox 885 2191 1083 2278; x_wconf 83' lang='lat' dir='ltr'>Episcopum</span> <span class='ocrx_word' id='word_1_58' title='bbox 1109 2184 1298 2272; x_wconf 88' lang='lat' dir='ltr'>Wesprimi·</span> 
     </span>
     <span class='ocr_line' id='line_1_10' title="bbox 163 2295 1298 2388; baseline -0.005 -22"><span class='ocrx_word' id='word_1_59' title='bbox 163 2320 276 2368; x_wconf 88' lang='lat' dir='ltr'>ensem</span> <span class='ocrx_word' id='word_1_60' title='bbox 295 2308 331 2370; x_wconf 94' lang='lat' dir='ltr'>ut</span> <span class='ocrx_word' id='word_1_61' title='bbox 346 2309 489 2370; x_wconf 92' lang='lat' dir='ltr'>actorem</span> <span class='ocrx_word' id='word_1_62' title='bbox 505 2321 547 2368; x_wconf 86' lang='lat' dir='ltr'>ex</span> <span class='ocrx_word' id='word_1_63' title='bbox 563 2320 630 2368; x_wconf 91' lang='lat' dir='ltr'>una</span> <span class='ocrx_word' id='word_1_64' title='bbox 645 2309 749 2388; x_wconf 90' lang='lat' dir='ltr'>parte,</span> <span class='ocrx_word' id='word_1_65' title='bbox 766 2307 798 2368; x_wconf 93' lang='lat' dir='ltr'>et</span> <span class='ocrx_word' id='word_1_66' title='bbox 813 2299 920 2368; x_wconf 84' lang='lat' dir='ltr'>Euard</span> <span class='ocrx_word' id='word_1_67' title='bbox 935 2321 976 2367; x_wconf 85' lang='lat' dir='ltr'>ac</span> <span class='ocrx_word' id='word_1_68' title='bbox 991 2297 1109 2367; x_wconf 79' lang='lat' dir='ltr'>(lbaak</span> <span class='ocrx_word' id='word_1_69' title='bbox 1124 2295 1298 2382; x_wconf 76' lang='lat' dir='ltr'>Magistros</span> 
     </span>
     <span class='ocr_line' id='line_1_11' title="bbox 159 2402 1299 2494; baseline -0.004 -21"><span class='ocrx_word' id='word_1_70' title='bbox 159 2412 224 2474; x_wconf 90' lang='lat' dir='ltr'>uec</span> <span class='ocrx_word' id='word_1_71' title='bbox 239 2428 308 2478; x_wconf 89' lang='lat' dir='ltr'>non</span> <span class='ocrx_word' id='word_1_72' title='bbox 324 2415 356 2475; x_wconf 93' lang='lat' dir='ltr'>et</span> <span class='ocrx_word' id='word_1_73' title='bbox 370 2409 503 2476; x_wconf 90' lang='lat' dir='ltr'>Petrum</span> <span class='ocrx_word' id='word_1_74' title='bbox 519 2405 651 2474; x_wconf 79' lang='lat' dir='ltr'>fratrem</span> <span class='ocrx_word' id='word_1_75' title='bbox 669 2427 780 2475; x_wconf 89' lang='lat' dir='ltr'>eorum</span> <span class='ocrx_word' id='word_1_76' title='bbox 796 2409 861 2474; x_wconf 90' lang='lat' dir='ltr'>iam</span> <span class='ocrx_word' id='word_1_77' title='bbox 877 2406 1075 2494; x_wconf 78' lang='lat' dir='ltr'>defunctum,</span> <span class='ocrx_word' id='word_1_78' title='bbox 1091 2411 1228 2491; x_wconf 87' lang='lat' dir='ltr'>nepotes</span> <span class='ocrx_word' id='word_1_79' title='bbox 1252 2402 1299 2469; x_wconf 88' lang='lat' dir='ltr'>vi·</span> 
     </span>
     <span class='ocr_line' id='line_1_12' title="bbox 161 2509 1298 2603; baseline -0.005 -23"><span class='ocrx_word' id='word_1_80' title='bbox 161 2513 285 2583; x_wconf 88' lang='lat' dir='ltr'>delicet</span> <span class='ocrx_word' id='word_1_81' title='bbox 300 2514 412 2602; x_wconf 88' lang='lat' dir='ltr'>Wecb,</span> <span class='ocrx_word' id='word_1_82' title='bbox 429 2521 464 2583; x_wconf 90' lang='lat' dir='ltr'>ut</span> <span class='ocrx_word' id='word_1_83' title='bbox 479 2512 707 2603; x_wconf 86' lang='lat' dir='ltr'>defendentem</span> <span class='ocrx_word' id='word_1_84' title='bbox 734 2534 775 2582; x_wconf 84' lang='lat' dir='ltr'>ex</span> <span class='ocrx_word' id='word_1_85' title='bbox 800 2515 916 2600; x_wconf 88' lang='lat' dir='ltr'>altera,</span> <span class='ocrx_word' id='word_1_86' title='bbox 942 2515 1035 2581; x_wconf 86' lang='lat' dir='ltr'>iuxta</span> <span class='ocrx_word' id='word_1_87' title='bbox 1059 2509 1298 2582; x_wconf 84' lang='lat' dir='ltr'>continenciam</span> 
     </span>
     <span class='ocr_line' id='line_1_13' title="bbox 160 2619 1299 2710; baseline -0.003 -24"><span class='ocrx_word' id='word_1_88' title='bbox 160 2621 343 2688; x_wconf 87' lang='lat' dir='ltr'>litterarum</span> <span class='ocrx_word' id='word_1_89' title='bbox 375 2621 514 2689; x_wconf 77' lang='lat' dir='ltr'>Comitis</span> <span class='ocrx_word' id='word_1_90' title='bbox 539 2619 738 2710; x_wconf 81' lang='lat' dir='ltr'>B(enedicti)</span> <span class='ocrx_word' id='word_1_91' title='bbox 751 2621 947 2690; x_wconf 88' lang='lat' dir='ltr'>Viceiudicis</span> <span class='ocrx_word' id='word_1_92' title='bbox 982 2620 1078 2688; x_wconf 83' lang='lat' dir='ltr'>Gurie</span> <span class='ocrx_word' id='word_1_93' title='bbox 1102 2619 1215 2706; x_wconf 82' lang='lat' dir='ltr'>Regia,</span> <span class='ocrx_word' id='word_1_94' title='bbox 1241 2637 1299 2703; x_wconf 92' lang='lat' dir='ltr'>per</span> 
     </span>
     <span class='ocr_line' id='line_1_14' title="bbox 157 2726 1298 2816; baseline -0.003 -22"><span class='ocrx_word' id='word_1_95' title='bbox 157 2728 244 2796; x_wconf 92' lang='lat' dir='ltr'>duos</span> <span class='ocrx_word' id='word_1_96' title='bbox 261 2727 409 2798; x_wconf 90' lang='lat' dir='ltr'>homines</span> <span class='ocrx_word' id='word_1_97' title='bbox 424 2731 535 2816; x_wconf 82' lang='lat' dir='ltr'>Regis,</span> <span class='ocrx_word' id='word_1_98' title='bbox 551 2727 707 2796; x_wconf 84' lang='lat' dir='ltr'>videlicet</span> <span class='ocrx_word' id='word_1_99' title='bbox 722 2731 941 2798; x_wconf 88' lang='lat' dir='ltr'>Laurencium</span> <span class='ocrx_word' id='word_1_100' title='bbox 956 2731 1152 2814; x_wconf 83' lang='lat' dir='ltr'>Magistrum</span> <span class='ocrx_word' id='word_1_101' title='bbox 1180 2727 1221 2793; x_wconf 89' lang='lat' dir='ltr'>de</span> <span class='ocrx_word' id='word_1_102' title='bbox 1244 2726 1298 2792; x_wconf 82' lang='lat' dir='ltr'>Je-</span> 
     </span>
     <span class='ocr_line' id='line_1_15' title="bbox 160 2831 1296 2930; baseline -0.004 -28"><span class='ocrx_word' id='word_1_103' title='bbox 160 2854 226 2902; x_wconf 93' lang='lat' dir='ltr'>neu</span> <span class='ocrx_word' id='word_1_104' title='bbox 242 2854 304 2920; x_wconf 90' lang='lat' dir='ltr'>pro</span> <span class='ocrx_word' id='word_1_105' title='bbox 320 2835 436 2930; x_wconf 88' lang='lat' dir='ltr'>eodem</span> <span class='ocrx_word' id='word_1_106' title='bbox 451 2833 584 2903; x_wconf 90' lang='lat' dir='ltr'>domino</span> <span class='ocrx_word' id='word_1_107' title='bbox 608 2836 772 2923; x_wconf 77' lang='lat' dir='ltr'>Episcopo</span> <span class='ocrx_word' id='word_1_108' title='bbox 798 2837 996 2922; x_wconf 88' lang='lat' dir='ltr'>deputatum,</span> <span class='ocrx_word' id='word_1_109' title='bbox 1021 2843 1053 2903; x_wconf 93' lang='lat' dir='ltr'>et</span> <span class='ocrx_word' id='word_1_110' title='bbox 1079 2835 1231 2902; x_wconf 82' lang='lat' dir='ltr'>Gosmam</span> <span class='ocrx_word' id='word_1_111' title='bbox 1256 2831 1296 2898; x_wconf 90' lang='lat' dir='ltr'>de</span> 
     </span>
     <span class='ocr_line' id='line_1_16' title="bbox 159 2939 1294 3030; baseline -0.001 -21"><span class='ocrx_word' id='word_1_112' title='bbox 159 2939 359 3009; x_wconf 86' lang='lat' dir='ltr'>Kubulkntb</span> <span class='ocrx_word' id='word_1_113' title='bbox 374 2963 433 3030; x_wconf 88' lang='lat' dir='ltr'>pro</span> <span class='ocrx_word' id='word_1_114' title='bbox 447 2941 531 3029; x_wconf 92' lang='lat' dir='ltr'>ipsis</span> <span class='ocrx_word' id='word_1_115' title='bbox 547 2944 719 3028; x_wconf 87' lang='lat' dir='ltr'>nepotibus</span> <span class='ocrx_word' id='word_1_116' title='bbox 734 2944 835 3011; x_wconf 92' lang='lat' dir='ltr'>Wecb</span> <span class='ocrx_word' id='word_1_117' title='bbox 861 2943 1044 3012; x_wconf 90' lang='lat' dir='ltr'>ordinatum</span> <span class='ocrx_word' id='word_1_118' title='bbox 1070 2950 1102 3009; x_wconf 91' lang='lat' dir='ltr'>et</span> <span class='ocrx_word' id='word_1_119' title='bbox 1126 2941 1294 3008; x_wconf 89' lang='lat' dir='ltr'>transmis-</span> 
     </span>
     <span class='ocr_line' id='line_1_17' title="bbox 159 3050 1295 3136; baseline -0.002 -20"><span class='ocrx_word' id='word_1_120' title='bbox 159 3070 231 3118; x_wconf 91' lang='lat' dir='ltr'>sum</span> <span class='ocrx_word' id='word_1_121' title='bbox 249 3051 312 3118; x_wconf 89' lang='lat' dir='ltr'>sub</span> <span class='ocrx_word' id='word_1_122' title='bbox 328 3051 453 3118; x_wconf 90' lang='lat' dir='ltr'>duobus</span> <span class='ocrx_word' id='word_1_123' title='bbox 470 3052 592 3121; x_wconf 89' lang='lat' dir='ltr'>nostris</span> <span class='ocrx_word' id='word_1_124' title='bbox 607 3050 804 3136; x_wconf 90' lang='lat' dir='ltr'>testimonijs</span> <span class='ocrx_word' id='word_1_125' title='bbox 818 3071 878 3136; x_wconf 92' lang='lat' dir='ltr'>pro</span> <span class='ocrx_word' id='word_1_126' title='bbox 895 3059 1033 3134; x_wconf 88' lang='lat' dir='ltr'>utraque</span> <span class='ocrx_word' id='word_1_127' title='bbox 1042 3057 1136 3136; x_wconf 91' lang='lat' dir='ltr'>parte</span> <span class='ocrx_word' id='word_1_128' title='bbox 1146 3051 1295 3133; x_wconf 80' lang='lat' dir='ltr'>assigna·</span> 
     </span>
     <span class='ocr_line' id='line_1_18' title="bbox 159 3157 1295 3245; baseline -0.004 -21"><span class='ocrx_word' id='word_1_129' title='bbox 159 3161 224 3236; x_wconf 79' lang='lat' dir='ltr'>tis3</span> <span class='ocrx_word' id='word_1_130' title='bbox 243 3179 304 3245; x_wconf 89' lang='lat' dir='ltr'>pro</span> <span class='ocrx_word' id='word_1_131' title='bbox 321 3177 360 3225; x_wconf 92' lang='lat' dir='ltr'>eo</span> <span class='ocrx_word' id='word_1_132' title='bbox 384 3160 473 3243; x_wconf 92' lang='lat' dir='ltr'>quod</span> <span class='ocrx_word' id='word_1_133' title='bbox 498 3159 614 3227; x_wconf 80' lang='lat' dir='ltr'>Comes</span> <span class='ocrx_word' id='word_1_134' title='bbox 638 3159 755 3225; x_wconf 89' lang='lat' dir='ltr'>Petrus</span> <span class='ocrx_word' id='word_1_135' title='bbox 772 3157 923 3226; x_wconf 88' lang='lat' dir='ltr'>officialis</span> <span class='ocrx_word' id='word_1_136' title='bbox 949 3159 1028 3226; x_wconf 91' lang='lat' dir='ltr'>dicti</span> <span class='ocrx_word' id='word_1_137' title='bbox 1044 3158 1211 3244; x_wconf 81' lang='lat' dir='ltr'>Episcopi,</span> <span class='ocrx_word' id='word_1_138' title='bbox 1237 3176 1295 3242; x_wconf 90' lang='lat' dir='ltr'>per</span> 
     </span>
     <span class='ocr_line' id='line_1_19' title="bbox 158 3263 1293 3353; baseline -0.004 -21"><span class='ocrx_word' id='word_1_139' title='bbox 158 3265 301 3332; x_wconf 93' lang='lat' dir='ltr'>eundem</span> <span class='ocrx_word' id='word_1_140' title='bbox 316 3265 482 3332; x_wconf 91' lang='lat' dir='ltr'>dominum</span> <span class='ocrx_word' id='word_1_141' title='bbox 498 3286 590 3334; x_wconf 91' lang='lat' dir='ltr'>suum</span> <span class='ocrx_word' id='word_1_142' title='bbox 608 3264 727 3334; x_wconf 92' lang='lat' dir='ltr'>adhoc</span> <span class='ocrx_word' id='word_1_143' title='bbox 744 3265 937 3353; x_wconf 88' lang='lat' dir='ltr'>destinatus,</span> <span class='ocrx_word' id='word_1_144' title='bbox 952 3265 986 3332; x_wconf 95' lang='lat' dir='ltr'>in</span> <span class='ocrx_word' id='word_1_145' title='bbox 1002 3263 1179 3350; x_wconf 88' lang='lat' dir='ltr'>quindenis</span> <span class='ocrx_word' id='word_1_146' title='bbox 1205 3263 1293 3332; x_wconf 91' lang='lat' dir='ltr'>scili-</span> 
     </span>
     <span class='ocr_line' id='line_1_20' title="bbox 158 3369 1290 3458; baseline -0.003 -19"><span class='ocrx_word' id='word_1_147' title='bbox 158 3379 212 3439; x_wconf 89' lang='lat' dir='ltr'>cet</span> <span class='ocrx_word' id='word_1_148' title='bbox 227 3369 411 3440; x_wconf 88' lang='lat' dir='ltr'>resldcncie</span> <span class='ocrx_word' id='word_1_149' title='bbox 427 3373 587 3441; x_wconf 85' lang='lat' dir='ltr'>exercitus</span> <span class='ocrx_word' id='word_1_150' title='bbox 604 3372 728 3440; x_wconf 92' lang='lat' dir='ltr'>domini</span> <span class='ocrx_word' id='word_1_151' title='bbox 742 3373 842 3458; x_wconf 85' lang='lat' dir='ltr'>Regis</span> <span class='ocrx_word' id='word_1_152' title='bbox 858 3392 957 3458; x_wconf 91' lang='lat' dir='ltr'>super</span> <span class='ocrx_word' id='word_1_153' title='bbox 973 3371 1070 3439; x_wconf 87' lang='lat' dir='ltr'>lactis</span> <span class='ocrx_word' id='word_1_154' title='bbox 1085 3373 1190 3456; x_wconf 91' lang='lat' dir='ltr'>ipsius</span> <span class='ocrx_word' id='word_1_155' title='bbox 1205 3376 1290 3437; x_wconf 89' lang='lat' dir='ltr'>terre</span> 
     </span>
     <span class='ocr_line' id='line_1_21' title="bbox 155 3477 1290 3564; baseline -0.002 -18"><span class='ocrx_word' id='word_1_156' title='bbox 155 3478 365 3547; x_wconf 89' lang='lat' dir='ltr'>contencioso</span> <span class='ocrx_word' id='word_1_157' title='bbox 394 3479 581 3548; x_wconf 88' lang='lat' dir='ltr'>infirmitate</span> <span class='ocrx_word' id='word_1_158' title='bbox 604 3479 760 3548; x_wconf 88' lang='lat' dir='ltr'>accedere</span> <span class='ocrx_word' id='word_1_159' title='bbox 786 3479 935 3564; x_wconf 91' lang='lat' dir='ltr'>nequiuit</span> <span class='ocrx_word' id='word_1_160' title='bbox 959 3477 1138 3564; x_wconf 86' lang='lat' dir='ltr'>inpeditus,</span> <span class='ocrx_word' id='word_1_161' title='bbox 1164 3483 1197 3542; x_wconf 91' lang='lat' dir='ltr'>et</span> <span class='ocrx_word' id='word_1_162' title='bbox 1223 3479 1290 3562; x_wconf 88' lang='lat' dir='ltr'>qui-</span> 
     </span>
     <span class='ocr_line' id='line_1_22' title="bbox 155 3583 1292 3672; baseline -0.002 -20"><span class='ocrx_word' id='word_1_163' title='bbox 155 3585 235 3654; x_wconf 87' lang='lat' dir='ltr'>dam</span> <span class='ocrx_word' id='word_1_164' title='bbox 252 3585 309 3669; x_wconf 91' lang='lat' dir='ltr'>qui</span> <span class='ocrx_word' id='word_1_165' title='bbox 324 3585 396 3653; x_wconf 93' lang='lat' dir='ltr'>loco</span> <span class='ocrx_word' id='word_1_166' title='bbox 413 3587 517 3670; x_wconf 89' lang='lat' dir='ltr'>ipsius</span> <span class='ocrx_word' id='word_1_167' title='bbox 535 3585 716 3672; x_wconf 88' lang='lat' dir='ltr'>comparuit</span> <span class='ocrx_word' id='word_1_168' title='bbox 740 3585 864 3654; x_wconf 92' lang='lat' dir='ltr'>dictum</span> <span class='ocrx_word' id='word_1_169' title='bbox 888 3584 1058 3671; x_wconf 84' lang='lat' dir='ltr'>negocium</span> <span class='ocrx_word' id='word_1_170' title='bbox 1084 3583 1202 3667; x_wconf 85' lang='lat' dir='ltr'>exequi</span> <span class='ocrx_word' id='word_1_171' title='bbox 1226 3603 1292 3650; x_wconf 94' lang='lat' dir='ltr'>non</span> 
     </span>
     <span class='ocr_line' id='line_1_23' title="bbox 155 3690 1293 3779; baseline -0.002 -19"><span class='ocrx_word' id='word_1_172' title='bbox 155 3693 265 3778; x_wconf 91' lang='lat' dir='ltr'>potuit</span> <span class='ocrx_word' id='word_1_173' title='bbox 280 3711 339 3761; x_wconf 87' lang='lat' dir='ltr'>suo</span> <span class='ocrx_word' id='word_1_174' title='bbox 354 3691 460 3778; x_wconf 88' lang='lat' dir='ltr'>modo,</span> <span class='ocrx_word' id='word_1_175' title='bbox 477 3699 571 3778; x_wconf 90' lang='lat' dir='ltr'>parte</span> <span class='ocrx_word' id='word_1_176' title='bbox 587 3692 747 3779; x_wconf 88' lang='lat' dir='ltr'>aduersa,</span> <span class='ocrx_word' id='word_1_177' title='bbox 764 3693 916 3763; x_wconf 91' lang='lat' dir='ltr'>uidelicet</span> <span class='ocrx_word' id='word_1_178' title='bbox 931 3693 1104 3779; x_wconf 87' lang='lat' dir='ltr'>nepotibus</span> <span class='ocrx_word' id='word_1_179' title='bbox 1122 3690 1223 3758; x_wconf 90' lang='lat' dir='ltr'>Wech</span> <span class='ocrx_word' id='word_1_180' title='bbox 1240 3711 1293 3758; x_wconf 88' lang='lat' dir='ltr'>su·</span> 
     </span>
     <span class='ocr_line' id='line_1_24' title="bbox 153 3797 1290 3888; baseline -0.002 -22"><span class='ocrx_word' id='word_1_181' title='bbox 153 3797 326 3885; x_wconf 76' lang='lat' dir='ltr'>predictis,</span> <span class='ocrx_word' id='word_1_182' title='bbox 341 3799 598 3884; x_wconf 87' lang='lat' dir='ltr'>attendentibus,</span> <span class='ocrx_word' id='word_1_183' title='bbox 614 3821 672 3888; x_wconf 91' lang='lat' dir='ltr'>per</span> <span class='ocrx_word' id='word_1_184' title='bbox 687 3803 797 3870; x_wconf 91' lang='lat' dir='ltr'>omnia</span> <span class='ocrx_word' id='word_1_185' title='bbox 811 3801 969 3888; x_wconf 84' lang='lat' dir='ltr'>premissa</span> <span class='ocrx_word' id='word_1_186' title='bbox 985 3806 1018 3866; x_wconf 90' lang='lat' dir='ltr'>et</span> <span class='ocrx_word' id='word_1_187' title='bbox 1044 3799 1177 3883; x_wconf 82' lang='lat' dir='ltr'>singula</span> <span class='ocrx_word' id='word_1_188' title='bbox 1203 3797 1290 3887; x_wconf 81' lang='lat' dir='ltr'>(lgy)</span> 
     </span>
     <span class='ocr_line' id='line_1_25' title="bbox 153 3906 1292 3996; baseline -0.004 -21"><span class='ocrx_word' id='word_1_189' title='bbox 153 3909 391 3994; x_wconf 90' lang='lat' dir='ltr'>premissorum</span> <span class='ocrx_word' id='word_1_190' title='bbox 407 3928 470 3974; x_wconf 94' lang='lat' dir='ltr'>non</span> <span class='ocrx_word' id='word_1_191' title='bbox 487 3908 606 3995; x_wconf 84' lang='lat' dir='ltr'>extitit,</span> <span class='ocrx_word' id='word_1_192' title='bbox 623 3914 658 3974; x_wconf 92' lang='lat' dir='ltr'>ut</span> <span class='ocrx_word' id='word_1_193' title='bbox 674 3906 796 3996; x_wconf 87' lang='lat' dir='ltr'>debuit,</span> <span class='ocrx_word' id='word_1_194' title='bbox 806 3908 955 3994; x_wconf 90' lang='lat' dir='ltr'>plenarie</span> <span class='ocrx_word' id='word_1_195' title='bbox 965 3914 1162 3988; x_wconf 86' lang='lat' dir='ltr'>exequutum</span> <span class='ocrx_word' id='word_1_196' title='bbox 1174 3929 1181 3990; x_wconf 70' lang='grc' dir='ltr'><strong>ς</strong></span> <span class='ocrx_word' id='word_1_197' title='bbox 1193 3914 1292 3989; x_wconf 90' lang='lat' dir='ltr'>prout</span> 
     </span>
     <span class='ocr_line' id='line_1_26' title="bbox 152 4013 1290 4100; baseline 0 -19"><span class='ocrx_word' id='word_1_198' title='bbox 152 4017 217 4082; x_wconf 91' lang='lat' dir='ltr'>bec</span> <span class='ocrx_word' id='word_1_199' title='bbox 233 4014 342 4083; x_wconf 91' lang='lat' dir='ltr'>omnia</span> <span class='ocrx_word' id='word_1_200' title='bbox 358 4035 400 4082; x_wconf 82' lang='lat' dir='ltr'>ex</span> <span class='ocrx_word' id='word_1_201' title='bbox 415 4021 527 4082; x_wconf 88' lang='lat' dir='ltr'>tenore</span> <span class='ocrx_word' id='word_1_202' title='bbox 543 4015 686 4100; x_wconf 89' lang='lat' dir='ltr'>priorum</span> <span class='ocrx_word' id='word_1_203' title='bbox 703 4016 884 4083; x_wconf 89' lang='lat' dir='ltr'>litterarum</span> <span class='ocrx_word' id='word_1_204' title='bbox 899 4023 1084 4084; x_wconf 88' lang='lat' dir='ltr'>nostrarum</span> <span class='ocrx_word' id='word_1_205' title='bbox 1101 4013 1209 4080; x_wconf 92' lang='lat' dir='ltr'>dicitis</span> <span class='ocrx_word' id='word_1_206' title='bbox 1230 4033 1290 4081; x_wconf 91' lang='lat' dir='ltr'>uos</span> 
     </span>
     <span class='ocr_line' id='line_1_27' title="bbox 151 4121 1290 4209; baseline 0 -19"><span class='ocrx_word' id='word_1_207' title='bbox 151 4122 377 4206; x_wconf 84' lang='lat' dir='ltr'>recollegisse.</span> <span class='ocrx_word' id='word_1_208' title='bbox 409 4123 556 4190; x_wconf 79' lang='lat' dir='ltr'>Tandem</span> <span class='ocrx_word' id='word_1_209' title='bbox 588 4123 735 4209; x_wconf 88' lang='lat' dir='ltr'>partibus</span> <span class='ocrx_word' id='word_1_210' title='bbox 769 4124 1009 4193; x_wconf 90' lang='lat' dir='ltr'>assumentibus</span> <span class='ocrx_word' id='word_1_211' title='bbox 1039 4121 1221 4209; x_wconf 88' lang='lat' dir='ltr'>statuistis,</span> <span class='ocrx_word' id='word_1_212' title='bbox 1253 4131 1290 4190; x_wconf 90' lang='lat' dir='ltr'>vt</span> 
     </span>
     <span class='ocr_line' id='line_1_28' title="bbox 151 4227 1289 4315; baseline -0.002 -18"><span class='ocrx_word' id='word_1_213' title='bbox 151 4233 252 4297; x_wconf 84' lang='lat' dir='ltr'>ambe</span> <span class='ocrx_word' id='word_1_214' title='bbox 268 4235 380 4314; x_wconf 91' lang='lat' dir='ltr'>partes</span> <span class='ocrx_word' id='word_1_215' title='bbox 395 4229 430 4295; x_wconf 93' lang='lat' dir='ltr'>in</span> <span class='ocrx_word' id='word_1_216' title='bbox 445 4229 588 4296; x_wconf 88' lang='lat' dir='ltr'>crastino</span> <span class='ocrx_word' id='word_1_217' title='bbox 604 4229 796 4296; x_wconf 84' lang='lat' dir='ltr'>lestiuitatis</span> <span class='ocrx_word' id='word_1_218' title='bbox 822 4228 971 4297; x_wconf 91' lang='lat' dir='ltr'>Omnium</span> <span class='ocrx_word' id='word_1_219' title='bbox 996 4227 1189 4295; x_wconf 87' lang='lat' dir='ltr'>Sanctorum</span> <span class='ocrx_word' id='word_1_220' title='bbox 1214 4249 1289 4315; x_wconf 92' lang='lat' dir='ltr'>pro·</span> 
     </span>
     <span class='ocr_line' id='line_1_29' title="bbox 153 4335 1290 4424; baseline 0.002 -22"><span class='ocrx_word' id='word_1_221' title='bbox 153 4337 244 4403; x_wconf 86' lang='lat' dir='ltr'>xime</span> <span class='ocrx_word' id='word_1_222' title='bbox 255 4355 343 4402; x_wconf 89' lang='lat' dir='ltr'>nunc</span> <span class='ocrx_word' id='word_1_223' title='bbox 352 4335 698 4424; x_wconf 89' lang='lat' dir='ltr'>preterito,secundum</span> <span class='ocrx_word' id='word_1_224' title='bbox 707 4336 942 4403; x_wconf 91' lang='lat' dir='ltr'>continenciam</span> <span class='ocrx_word' id='word_1_225' title='bbox 952 4337 1097 4420; x_wconf 90' lang='lat' dir='ltr'>ipsarum</span> <span class='ocrx_word' id='word_1_226' title='bbox 1108 4335 1290 4404; x_wconf 88' lang='lat' dir='ltr'>litterarum</span> 
     </span>
     <span class='ocr_line' id='line_1_30' title="bbox 151 4433 1288 4529; baseline 0 -19"><span class='ocrx_word' id='word_1_227' title='bbox 151 4433 289 4510; x_wconf 78' lang='lat' dir='ltr'>Comitis</span> <span class='ocrx_word' id='word_1_228' title='bbox 306 4441 487 4529; x_wconf 86' lang='lat' dir='ltr'>Benedicti,</span> <span class='ocrx_word' id='word_1_229' title='bbox 504 4444 709 4529; x_wconf 90' lang='lat' dir='ltr'>presentibus</span> <span class='ocrx_word' id='word_1_230' title='bbox 726 4444 850 4512; x_wconf 91' lang='lat' dir='ltr'>dnobus</span> <span class='ocrx_word' id='word_1_231' title='bbox 866 4443 1062 4528; x_wconf 90' lang='lat' dir='ltr'>testimonijs</span> <span class='ocrx_word' id='word_1_232' title='bbox 1088 4442 1213 4510; x_wconf 91' lang='lat' dir='ltr'>nostris</span> <span class='ocrx_word' id='word_1_233' title='bbox 1238 4463 1288 4510; x_wconf 90' lang='lat' dir='ltr'>co·</span> 
     </span>
     <span class='ocr_line' id='line_1_31' title="bbox 148 4549 1287 4637; baseline 0.002 -21"><span class='ocrx_word' id='word_1_234' title='bbox 148 4571 224 4616; x_wconf 91' lang='lat' dir='ltr'>ram</span> <span class='ocrx_word' id='word_1_235' title='bbox 241 4549 364 4619; x_wconf 90' lang='lat' dir='ltr'>eisdem</span> <span class='ocrx_word' id='word_1_236' title='bbox 382 4551 508 4618; x_wconf 90' lang='lat' dir='ltr'>duobus</span> <span class='ocrx_word' id='word_1_237' title='bbox 523 4550 710 4619; x_wconf 88' lang='lat' dir='ltr'>bominibus</span> <span class='ocrx_word' id='word_1_238' title='bbox 727 4550 850 4618; x_wconf 91' lang='lat' dir='ltr'>domini</span> <span class='ocrx_word' id='word_1_239' title='bbox 866 4553 965 4637; x_wconf 81' lang='lat' dir='ltr'>Regis</span> <span class='ocrx_word' id='word_1_240' title='bbox 992 4559 1106 4637; x_wconf 79' lang='lat' dir='ltr'>partes</span> <span class='ocrx_word' id='word_1_241' title='bbox 1130 4551 1287 4620; x_wconf 87' lang='lat' dir='ltr'>accedere</span> 
     </span>
     <span class='ocr_line' id='line_1_32' title="bbox 149 4645 1284 4756; baseline -0.001 -30"><span class='ocrx_word' id='word_1_242' title='bbox 149 4659 297 4728; x_wconf 88' lang='lat' dir='ltr'>debeant</span> <span class='ocrx_word' id='word_1_243' title='bbox 312 4645 506 4727; x_wconf 86' lang='lat' dir='ltr'>secundario</span> <span class='ocrx_word' id='word_1_244' title='bbox 522 4677 620 4756; x_wconf 88' lang='lat' dir='ltr'>super</span> <span class='ocrx_word' id='word_1_245' title='bbox 635 4657 752 4727; x_wconf 87' lang='lat' dir='ltr'>laciem</span> <span class='ocrx_word' id='word_1_246' title='bbox 769 4659 873 4744; x_wconf 91' lang='lat' dir='ltr'>ipsius</span> <span class='ocrx_word' id='word_1_247' title='bbox 888 4666 974 4728; x_wconf 90' lang='lat' dir='ltr'>terre</span> <span class='ocrx_word' id='word_1_248' title='bbox 991 4659 1132 4726; x_wconf 87' lang='lat' dir='ltr'>Korowa</span> <span class='ocrx_word' id='word_1_249' title='bbox 1156 4667 1284 4726; x_wconf 90' lang='lat' dir='ltr'>conten·</span> 
     </span>
    </p>
   </div>
   <div class='ocr_carea' id='block_1_4' title="bbox 0 0 1564 5172">
    <p class='ocr_par' dir='ltr' id='par_1_4' title="bbox 0 0 1564 5172">
     <span class='ocr_line' id='line_1_33' title="bbox 0 0 1564 5172; baseline 0 5"><span class='ocrx_word' id='word_1_250' title='bbox 0 0 1564 5172; x_wconf 95' lang='lat' dir='ltr'> </span> 
     </span>
    </p>
   </div>
  </div>
 </body>
</html>
