3170 5166
795 315 955 418 Q-

311 511 479 580 iohannes
493 511 590 579 homo
605 511 726 582 domini
742 515 843 600 Regis
858 516 966 600 ipsum
988 514 1180 597 Magistrum
1196 514 1302 582 Zoard
1319 515 1354 580 in
1371 533 1442 600 pos·¹

313 619 494 688 sessionem
505 622 679 688 eorundem
690 623 829 690 filiorum
839 623 968 690 Andree
984 625 1099 709 Bayna
1109 629 1259 689 vooatam
1275 623 1309 688 in
1326 623 1441 690 eodem

314 729 475 795 Comitatu
490 727 717 816 Strigonyensi
733 732 925 798 existentem
943 753 1001 818 pro
1032 731 1119 797 iaoto
1143 731 1317 817 prinoipaii
1344 739 1377 796 et
1394 751 1442 796 ra·

315 838 407 903 otone
421 837 638 922 predictorum
654 845 779 927 septem
790 840 998 925 judioiorum,
1017 845 1049 906 et
1064 839 1201 906 aliorum
1217 845 1343 924 septem
1355 837 1442 924 judi·

316 945 436 1010 oiorum
453 944 631 1013 seeundum
647 946 870 1014 diuersitatem
881 947 1050 1013 aooionum
1067 945 1147 1013 dieti
1162 945 1312 1032 Magistri
1328 945 1442 1033 Zoard,

315 1059 348 1117 et
363 1053 498 1137 insuper
514 1052 649 1120 duorum
661 1054 870 1140 judiciorum,
887 1055 922 1120 in
938 1055 1056 1138 quibus
1072 1054 1116 1120 ad
1132 1053 1314 1138 quindenas
1329 1055 1442 1120 Pente-

316 1168 421 1228 oostes
437 1162 582 1246 legitime
598 1161 720 1228 eisdem
746 1163 934 1248 assignatas
951 1183 1015 1229 non
1031 1161 1250 1248 comparendo
1280 1181 1441 1229 remanse-

317 1274 401 1356 runt,
418 1267 501 1336 siout
517 1269 552 1334 in
569 1268 687 1337 litteris
703 1269 822 1338 nostris
834 1270 1050 1355 judicialibus
1066 1267 1185 1336 exinde
1200 1269 1356 1336 eonfeotis
1371 1290 1445 1336 oon-

316 1377 447 1462 tinetur,
464 1374 658 1464 introduoat‚
690 1377 780 1444 adie
797 1377 1051 1456 introduooionis
1081 1397 1182 1460 usque
1207 1377 1444 1462 quintumdeci-

318 1504 405 1552 mum
420 1483 506 1552 diem
522 1505 768 1570 permansurum
778 1487 813 1553 in
830 1487 955 1574 eadem,
966 1486 995 1554 si
1007 1506 1069 1552 non
1081 1486 1179 1552 fuerit
1193 1487 1444 1575 contradictum,

319 1591 388 1660 sine
406 1593 630 1660 destruooione
647 1593 810 1674 eiusdem;
843 1595 935 1662 dieat
960 1594 1062 1661 eoiam
1093 1595 1180 1660 idem
1212 1592 1307 1661 homo
1323 1593 1445 1662 domini

319 1702 420 1785 Regis
437 1700 559 1768 eisdem
582 1701 660 1788 filijs
677 1701 809 1769 Andree
835 1709 868 1770 et
888 1701 1017 1770 domine
1033 1703 1127 1769 matri
1145 1702 1322 1770 eomndem
1346 1705 1447 1770 uerbo

320 1808 434 1896 Regio,
451 1815 485 1875 vt
502 1810 690 1876 intermino
706 1810 750 1877 ed
765 1811 827 1878 hoo
849 1810 913 1879 sibi
932 1811 1100 1896 assignato
1116 1816 1325 1896 eompareant
1340 1829 1448 1896 perso-

319 1916 437 1984 naliter
453 1937 562 1985 eoram
579 1917 709 1985 domino
725 1919 834 2006 Rege,
852 1938 952 2004 super
967 1918 1057 1985 iaoto
1074 1901 1251 2006 principali
1267 1923 1450 2006 perempto·

320 2025 369 2092 rie
383 2026 592 2112 responsuri,
618 2031 650 2092 et
670 2032 748 2093 ante
778 2027 1024 2114 responsionem
1049 2045 1159 2094 eorum
1185 2025 1392 2096 satisiaoiant
1409 2026 1449 2091 de

178 2201 183 2210 ,
317 2131 454 2218 judioijs
471 2131 685 2218 supradietis;
710 2132 856 2214 alioquin
873 2134 948 2200 huie
963 2133 1098 2218 negocio
1114 2134 1211 2216 finem
1229 2132 1373 2198 debitum
1390 2133 1446 2196 irn-

323 2261 489 2325 ponemus.
506 2242 583 2309 Post
599 2240 660 2307 heo
676 2241 754 2308 faeti
770 2243 887 2308 seriem
904 2243 1007 2308 tocius
1032 2242 1162 2308 domino
1179 2241 1259 2326 Regi
1284 2243 1446 2309 rescriba-

321 2349 376 2414 tis.
392 2349 511 2414 Datum
529 2349 619 2413 Bude
645 2347 782 2433 septimo
809 2349 862 2415 die
879 2347 1115 2433 quindenarum
1131 2349 1345 2418 Pentecosten
1360 2371 1447 2417 anno

323 2456 455 2522 Domini
471 2455 619 2524 M⁰OOG⁰.

417 2565 575 2632 Kivttl:
591 2565 749 2648 Magistro
765 2573 798 2631 et
814 2563 996 2633 conuentui
1014 2565 1252 2634 Cruoiierorum
1268 2565 1381 2633 Sanoti
1391 2567 1451 2632 Re-

324 2674 375 2757 gis
390 2673 547 2758 Stephani
567 2674 608 2740 de
631 2673 802 2758 Strigonio.
826 2675 1062 2742 Introduotorie
1087 2695 1147 2760 pro
1163 2674 1320 2759 Magistro
1345 2675 1451 2740 Zoard

325 2783 358 2847 in
373 2784 614 2869 possessionem
630 2782 768 2851 filiorum
799 2781 931 2850 Andree
946 2783 988 2850 de
1005 2782 1126 2850 Bozteh
1141 2783 1258 2868 Bayna
1288 2787 1450 2850 vooatam.

324 2975 460 3053 (Erodetie
473 2979 651 3052 borhtrtytm
679 2979 846 3048 aaarpoostt
865 2981 995 3033 olvesnett
1006 3001 1012 3046 ;
1025 2999 1043 3034 a
1055 2981 1137 3034 budai
1160 2982 1212 3038 kir.
1227 2981 1353 3033 kamarai
1369 2979 1452 3030 lorel-

826 3069 946 3139 trirban.)

856 3789 934 3856 259.

252 3995 255 4000 ’
328 3991 377 4060 Aa
393 3993 459 4078 apri
472 3989 701 4076 Jtdptoloooolt
717 3989 1004 4075 biaouyauiplooele,
1030 3990 1114 4076 iuopy
1129 4013 1151 4054 a
1167 3987 1463 4074 Hemutdnempty·i

329 4098 463 4167 nemesus
485 4099 803 4183 Heroddmmptybeo
819 4099 920 4186 fekoo'
946 4099 1093 4184 bizonyos
1119 4097 1299 4164 birtolrrteat
1315 4096 1464 4177 [ὄντ’-ποι,
1578 4151 1579 4156 ,

454 4207 611 4272 Batulum
626 4211 657 4272 e'a
672 4207 803 4289 Mittas,
821 4207 1075 4290 Lctaalofloioolt
1090 4205 1228 4273 dadau
1245 4205 1344 4270 1300.

438 4401 596 4470 Omnibus
615 4400 735 4470 Christi
753 4404 902 4472 fluetibus
921 4410 988 4471 tam
1005 4401 1209 4489 presentibus
1226 4421 1326 4485 quam
1344 4398 1464 4465 futuris

333 4529 468 4595 presens
493 4511 649 4595 seriptum
681 4510 878 4597 inspecturis
894 4512 1081 4598 Capitulum
1112 4509 1261 4578 Ecclesie
1291 4507 1466 4592 Agriensis

333 4620 472 4692 salutem
489 4619 523 4686 in
534 4617 675 4690 omnium
685 4618 861 4688 saluatore.
878 4620 929 4688 Ad
939 4621 1162 4690 uniuersorum
1179 4617 1334 4688 noticiam
1350 4621 1467 4685 tenore
