<?xml version="1.0" encoding="UTF-8"?>
<!DOCTYPE html PUBLIC "-//W3C//DTD XHTML 1.0 Transitional//EN"
    "http://www.w3.org/TR/xhtml1/DTD/xhtml1-transitional.dtd">
<html xmlns="http://www.w3.org/1999/xhtml" xml:lang="en" lang="en">
 <head>
  <title>
</title>
<meta http-equiv="Content-Type" content="text/html;charset=utf-8" />
  <meta name='ocr-system' content='tesseract 3.04.00' />
  <meta name='ocr-capabilities' content='ocr_page ocr_carea ocr_par ocr_line ocrx_word'/>
</head>
<body>
  <div class='ocr_page' id='page_1' title='image "./codexdiplomatic19wenzgoog_0057.png"; bbox 0 0 3132 5162; ppageno 0'>
   <div class='ocr_carea' id='block_1_1' title="bbox 564 321 724 419">
    <p class='ocr_par' dir='ltr' id='par_1_1' title="bbox 564 321 724 419">
     <span class='ocr_line' id='line_1_1' title="bbox 564 321 724 419; baseline 0 -32"><span class='ocrx_word' id='word_1_1' title='bbox 564 321 724 419; x_wconf 62' lang='lat'><strong>-12-</strong></span> 
     </span>
    </p>
   </div>
   <div class='ocr_carea' id='block_1_2' title="bbox 80 513 1207 708">
    <p class='ocr_par' dir='ltr' id='par_1_2' title="bbox 80 513 1207 708">
     <span class='ocr_line' id='line_1_2' title="bbox 80 513 1207 599; baseline 0.005 -22"><span class='ocrx_word' id='word_1_2' title='bbox 80 513 172 579; x_wconf 91' lang='lat' dir='ltr'><strong>tercio</strong></span> <span class='ocrx_word' id='word_1_3' title='bbox 205 534 311 580; x_wconf 87' lang='lat' dir='ltr'><strong>nonos</strong></span> <span class='ocrx_word' id='word_1_4' title='bbox 328 513 437 599; x_wconf 89' lang='lat' dir='ltr'><strong>Junij‚</strong></span> <span class='ocrx_word' id='word_1_5' title='bbox 472 513 655 579; x_wconf 89' lang='lat' dir='ltr'><strong>ludiccione</strong></span> <span class='ocrx_word' id='word_1_6' title='bbox 687 518 822 598; x_wconf 83' lang='lat' dir='ltr'><strong>quarto,</strong></span> <span class='ocrx_word' id='word_1_7' title='bbox 839 513 944 599; x_wconf 84' lang='lat' dir='ltr'>Regni</span> <span class='ocrx_word' id='word_1_8' title='bbox 970 522 1077 582; x_wconf 85' lang='lat' dir='ltr'><strong>antem</strong></span> <span class='ocrx_word' id='word_1_9' title='bbox 1104 519 1207 583; x_wconf 81' lang='lat' dir='ltr'>nostri</span> 
     </span>
     <span class='ocr_line' id='line_1_3' title="bbox 81 624 297 708; baseline 0 -22"><span class='ocrx_word' id='word_1_10' title='bbox 81 641 159 686; x_wconf 85' lang='lat' dir='ltr'><strong>auno</strong></span> <span class='ocrx_word' id='word_1_11' title='bbox 177 624 297 708; x_wconf 89' lang='lat' dir='ltr'><strong>primo.</strong></span> 
     </span>
    </p>
   </div>
   <div class='ocr_carea' id='block_1_3' title="bbox 82 793 1207 960">
    <p class='ocr_par' dir='ltr' id='par_1_3' title="bbox 82 793 1207 960">
     <span class='ocr_line' id='line_1_4' title="bbox 82 793 1207 873; baseline 0.004 -20"><span class='ocrx_word' id='word_1_12' title='bbox 82 806 213 868; x_wconf 82' lang='lat' dir='ltr'><strong>(Eredctio</strong></span> <span class='ocrx_word' id='word_1_13' title='bbox 230 801 399 870; x_wconf 70' lang='lat' dir='ltr'><strong>bttrbartydn</strong></span> <span class='ocrx_word' id='word_1_14' title='bbox 413 803 660 870; x_wconf 71' lang='lat' dir='ltr'><strong>uirga-violasainll</strong></span> <span class='ocrx_word' id='word_1_15' title='bbox 674 803 906 870; x_wconf 78' lang='lat' dir='ltr'><strong>selyemasiudrorr</strong></span> <span class='ocrx_word' id='word_1_16' title='bbox 916 793 1005 873; x_wconf 51' lang='lat' dir='ltr'><strong>¹filggd</strong></span> <span class='ocrx_word' id='word_1_17' title='bbox 1019 805 1113 871; x_wconf 72' lang='lat' dir='ltr'><strong>poostt</strong></span> <span class='ocrx_word' id='word_1_18' title='bbox 1125 807 1207 868; x_wconf 77' lang='lat' dir='ltr'><strong>alstt.</strong></span> 
     </span>
     <span class='ocr_line' id='line_1_5' title="bbox 384 891 902 960; baseline -0.002 -16"><span class='ocrx_word' id='word_1_19' title='bbox 384 893 493 944; x_wconf 77' lang='lat' dir='ltr'><strong>abudst</strong></span> <span class='ocrx_word' id='word_1_20' title='bbox 506 891 558 943; x_wconf 83' lang='lat' dir='ltr'><strong>lrir.</strong></span> <span class='ocrx_word' id='word_1_21' title='bbox 573 895 696 944; x_wconf 77' lang='lat' dir='ltr'><strong>kamaraci</strong></span> <span class='ocrx_word' id='word_1_22' title='bbox 710 891 902 960; x_wconf 78' lang='lat' dir='ltr'><strong>levtlttrban.)</strong></span> 
     </span>
    </p>
   </div>
   <div class='ocr_carea' id='block_1_4' title="bbox 542 1183 753 1195">
    <p class='ocr_par' dir='ltr' id='par_1_4' title="bbox 542 1183 753 1195">
     <span class='ocr_line' id='line_1_6' title="bbox 542 1183 753 1195; baseline -0.014 0"><span class='ocrx_word' id='word_1_23' title='bbox 542 1183 753 1195; x_wconf 46' lang='grc' dir='ltr'><strong>ια’-..αμ-</strong></span> 
     </span>
    </p>
   </div>
   <div class='ocr_carea' id='block_1_5' title="bbox 611 1711 668 1780">
    <p class='ocr_par' dir='ltr' id='par_1_5' title="bbox 611 1711 668 1780">
     <span class='ocr_line' id='line_1_7' title="bbox 611 1711 668 1780; baseline 0.035 -2"><span class='ocrx_word' id='word_1_24' title='bbox 611 1711 668 1780; x_wconf 78' lang='grc'><strong>13.</strong></span> 
     </span>
    </p>
   </div>
   <div class='ocr_carea' id='block_1_6' title="bbox 82 1910 1209 2106">
    <p class='ocr_par' dir='ltr' id='par_1_6' title="bbox 82 1910 1209 2106">
     <span class='ocr_line' id='line_1_8' title="bbox 82 1910 1209 1998; baseline -0.003 -18"><span class='ocrx_word' id='word_1_25' title='bbox 82 1917 140 1982; x_wconf 90' lang='grc' dir='ltr'><strong>ΠΙ.</strong></span> <span class='ocrx_word' id='word_1_26' title='bbox 159 1915 268 1980; x_wconf 81' lang='lat' dir='ltr'><strong>Eudrc</strong></span> <span class='ocrx_word' id='word_1_27' title='bbox 293 1913 465 1998; x_wconf 63' lang='lat' dir='ltr'><strong>tcirutyrculc</strong></span> <span class='ocrx_word' id='word_1_28' title='bbox 491 1911 611 1978; x_wconf 76' lang='lat' dir='ltr'><strong>dedr</strong></span> <span class='ocrx_word' id='word_1_29' title='bbox 636 1913 800 1979; x_wconf 81' lang='lat' dir='ltr'><strong>birtckdra</strong></span> <span class='ocrx_word' id='word_1_30' title='bbox 825 1910 994 1978; x_wconf 70' lang='lat' dir='ltr'><strong>oonctlozo</strong></span> <span class='ocrx_word' id='word_1_31' title='bbox 1020 1911 1151 1995; x_wconf 65' lang='lat' dir='ltr'><strong>iktutgtsi</strong></span> <span class='ocrx_word' id='word_1_32' title='bbox 1178 1915 1209 1978; x_wconf 74' lang='lat' dir='ltr'><strong>da</strong></span> 
     </span>
     <span class='ocr_line' id='line_1_9' title="bbox 187 2020 1097 2106; baseline -0.002 -20"><span class='ocrx_word' id='word_1_33' title='bbox 187 2022 391 2106; x_wconf 78' lang='lat' dir='ltr'><strong>datdrjdrctsi</strong></span> <span class='ocrx_word' id='word_1_34' title='bbox 404 2043 571 2106; x_wconf 75' lang='lat' dir='ltr'><strong>pascuosa</strong></span> <span class='ocrx_word' id='word_1_35' title='bbox 589 2020 692 2106; x_wconf 75' lang='lat' dir='ltr'><strong>Batya</strong></span> <span class='ocrx_word' id='word_1_36' title='bbox 708 2041 805 2086; x_wconf 84' lang='lat' dir='ltr'><strong>comeo</strong></span> <span class='ocrx_word' id='word_1_37' title='bbox 820 2025 982 2086; x_wconf 67' lang='lat' dir='ltr'><strong>sadotdrof</strong></span> <span class='ocrx_word' id='word_1_38' title='bbox 999 2020 1097 2084; x_wconf 77' lang='lat'><strong><em>1291.</em></strong></span> 
     </span>
    </p>
   </div>
   <div class='ocr_carea' id='block_1_7' title="bbox 73 2197 1215 4683">
    <p class='ocr_par' dir='ltr' id='par_1_7' title="bbox 73 2197 1215 4683">
     <span class='ocr_line' id='line_1_10' title="bbox 166 2197 1204 2302; baseline 0 -20"><span class='ocrx_word' id='word_1_39' title='bbox 166 2218 314 2284; x_wconf 83' lang='lat' dir='ltr'><strong>Andreas</strong></span> <span class='ocrx_word' id='word_1_40' title='bbox 348 2215 410 2283; x_wconf 89' lang='lat' dir='ltr'><strong>Dei</strong></span> <span class='ocrx_word' id='word_1_41' title='bbox 435 2215 547 2300; x_wconf 79' lang='lat' dir='ltr'><strong>gracia</strong></span> <span class='ocrx_word' id='word_1_42' title='bbox 571 2217 640 2283; x_wconf 83' lang='lat' dir='ltr'><strong>Rex</strong></span> <span class='ocrx_word' id='word_1_43' title='bbox 670 2197 845 2302; x_wconf 71' lang='lat' dir='ltr'><strong>HungaricJ</strong></span> <span class='ocrx_word' id='word_1_44' title='bbox 860 2213 1040 2302; x_wconf 88' lang='lat' dir='ltr'><strong>Dalmacic,</strong></span> <span class='ocrx_word' id='word_1_45' title='bbox 1057 2215 1204 2302; x_wconf 86' lang='lat' dir='ltr'><strong>Croaoic,</strong></span> 
     </span>
     <span class='ocr_line' id='line_1_11' title="bbox 81 2321 1207 2408; baseline -0.003 -17"><span class='ocrx_word' id='word_1_46' title='bbox 81 2333 138 2391; x_wconf 88' lang='lat' dir='ltr'><strong>etc.</strong></span> <span class='ocrx_word' id='word_1_47' title='bbox 167 2324 316 2394; x_wconf 84' lang='lat' dir='ltr'><strong>fidelibus</strong></span> <span class='ocrx_word' id='word_1_48' title='bbox 351 2325 419 2392; x_wconf 88' lang='lat' dir='ltr'><strong>suis</strong></span> <span class='ocrx_word' id='word_1_49' title='bbox 453 2321 604 2408; x_wconf 89' lang='lat' dir='ltr'><strong>Capitulo</strong></span> <span class='ocrx_word' id='word_1_50' title='bbox 635 2323 784 2391; x_wconf 83' lang='lat' dir='ltr'><strong>Ecclesie</strong></span> <span class='ocrx_word' id='word_1_51' title='bbox 810 2322 977 2408; x_wconf 87' lang='lat' dir='ltr'><strong>Agriensis</strong></span> <span class='ocrx_word' id='word_1_52' title='bbox 1009 2325 1148 2408; x_wconf 88' lang='lat' dir='ltr'><strong>salutem</strong></span> <span class='ocrx_word' id='word_1_53' title='bbox 1176 2330 1207 2389; x_wconf 89' lang='lat' dir='ltr'><strong>ct</strong></span> 
     </span>
     <span class='ocr_line' id='line_1_12' title="bbox 80 2431 1200 2518; baseline -0.001 -21"><span class='ocrx_word' id='word_1_54' title='bbox 80 2435 232 2514; x_wconf 77' lang='lat' dir='ltr'><strong>graciam.</strong></span> <span class='ocrx_word' id='word_1_55' title='bbox 249 2433 338 2498; x_wconf 81' lang='lat' dir='ltr'><strong>Dicit</strong></span> <span class='ocrx_word' id='word_1_56' title='bbox 353 2435 445 2500; x_wconf 92' lang='lat' dir='ltr'><strong>nobis</strong></span> <span class='ocrx_word' id='word_1_57' title='bbox 462 2432 576 2500; x_wconf 87' lang='lat' dir='ltr'><strong>Comes</strong></span> <span class='ocrx_word' id='word_1_58' title='bbox 592 2431 683 2499; x_wconf 81' lang='lat' dir='ltr'><strong>Batia</strong></span> <span class='ocrx_word' id='word_1_59' title='bbox 700 2435 839 2516; x_wconf 86' lang='lat' dir='ltr'><strong>Magnus</strong></span> <span class='ocrx_word' id='word_1_60' title='bbox 854 2432 939 2498; x_wconf 89' lang='lat' dir='ltr'><strong>filius</strong></span> <span class='ocrx_word' id='word_1_61' title='bbox 950 2433 1093 2518; x_wconf 67' lang='lat' dir='ltr'><strong>uarius,</strong></span> <span class='ocrx_word' id='word_1_62' title='bbox 1112 2431 1200 2516; x_wconf 89' lang='lat' dir='ltr'><strong>quod</strong></span> 
     </span>
     <span class='ocr_line' id='line_1_13' title="bbox 79 2539 1208 2627; baseline 0.001 -23"><span class='ocrx_word' id='word_1_63' title='bbox 79 2541 297 2608; x_wconf 81' lang='lat' dir='ltr'><strong>mediantibus</strong></span> <span class='ocrx_word' id='word_1_64' title='bbox 314 2540 431 2607; x_wconf 87' lang='lat' dir='ltr'><strong>litteris</strong></span> <span class='ocrx_word' id='word_1_65' title='bbox 448 2539 590 2625; x_wconf 81' lang='lat' dir='ltr'><strong>Capituli</strong></span> <span class='ocrx_word' id='word_1_66' title='bbox 614 2541 814 2627; x_wconf 86' lang='lat' dir='ltr'><strong>Vaohycusis</strong></span> <span class='ocrx_word' id='word_1_67' title='bbox 830 2560 903 2608; x_wconf 88' lang='lat' dir='ltr'><strong>oum</strong></span> <span class='ocrx_word' id='word_1_68' title='bbox 933 2541 1068 2607; x_wconf 84' lang='lat' dir='ltr'><strong>Nicolao</strong></span> <span class='ocrx_word' id='word_1_69' title='bbox 1085 2545 1117 2606; x_wconf 88' lang='lat' dir='ltr'><strong>ct</strong></span> <span class='ocrx_word' id='word_1_70' title='bbox 1149 2539 1208 2625; x_wconf 84' lang='lat' dir='ltr'><strong>Sy-</strong></span> 
     </span>
     <span class='ocr_line' id='line_1_14' title="bbox 81 2647 1208 2735; baseline 0.004 -24"><span class='ocrx_word' id='word_1_71' title='bbox 81 2667 173 2715; x_wconf 91' lang='lat' dir='ltr'><strong>moue</strong></span> <span class='ocrx_word' id='word_1_72' title='bbox 188 2649 267 2733; x_wconf 92' lang='lat' dir='ltr'><strong>filijs</strong></span> <span class='ocrx_word' id='word_1_73' title='bbox 283 2650 437 2734; x_wconf 84' lang='lat' dir='ltr'><strong>Symouis</strong></span> <span class='ocrx_word' id='word_1_74' title='bbox 453 2650 525 2735; x_wconf 87' lang='lat' dir='ltr'><strong>pari</strong></span> <span class='ocrx_word' id='word_1_75' title='bbox 541 2656 616 2715; x_wconf 91' lang='lat' dir='ltr'><strong>uoto</strong></span> <span class='ocrx_word' id='word_1_76' title='bbox 633 2655 665 2714; x_wconf 92' lang='lat' dir='ltr'><strong>et</strong></span> <span class='ocrx_word' id='word_1_77' title='bbox 681 2650 840 2715; x_wconf 91' lang='lat' dir='ltr'><strong>communi</strong></span> <span class='ocrx_word' id='word_1_78' title='bbox 868 2647 1034 2715; x_wconf 87' lang='lat' dir='ltr'><strong>voluntate</strong></span> <span class='ocrx_word' id='word_1_79' title='bbox 1059 2647 1145 2713; x_wconf 89' lang='lat' dir='ltr'><strong>inter</strong></span> <span class='ocrx_word' id='word_1_80' title='bbox 1172 2667 1208 2716; x_wconf 85' lang='lat' dir='ltr'><strong>se</strong></span> 
     </span>
     <span class='ocr_line' id='line_1_15' title="bbox 82 2754 1210 2840; baseline 0.002 -22"><span class='ocrx_word' id='word_1_81' title='bbox 82 2755 145 2822; x_wconf 86' lang='lat' dir='ltr'><strong>talc</strong></span> <span class='ocrx_word' id='word_1_82' title='bbox 161 2757 318 2824; x_wconf 85' lang='lat' dir='ltr'><strong>fecissent</strong></span> <span class='ocrx_word' id='word_1_83' title='bbox 335 2755 557 2824; x_wconf 88' lang='lat' dir='ltr'><strong>concambium</strong></span> <span class='ocrx_word' id='word_1_84' title='bbox 576 2781 584 2822; x_wconf 74' lang='grc' dir='ltr'><strong><em>ε</em></strong></span> <span class='ocrx_word' id='word_1_85' title='bbox 601 2755 688 2839; x_wconf 81' lang='lat' dir='ltr'><strong>quod</strong></span> <span class='ocrx_word' id='word_1_86' title='bbox 702 2756 788 2822; x_wconf 87' lang='lat' dir='ltr'><strong>idem</strong></span> <span class='ocrx_word' id='word_1_87' title='bbox 806 2755 962 2822; x_wconf 87' lang='lat' dir='ltr'><strong>Nicolaus</strong></span> <span class='ocrx_word' id='word_1_88' title='bbox 980 2761 1013 2821; x_wconf 87' lang='lat' dir='ltr'><strong>et</strong></span> <span class='ocrx_word' id='word_1_89' title='bbox 1038 2755 1158 2840; x_wconf 88' lang='lat' dir='ltr'><strong>Symou</strong></span> <span class='ocrx_word' id='word_1_90' title='bbox 1175 2754 1210 2820; x_wconf 84' lang='lat' dir='ltr'><strong>s-</strong></span> 
     </span>
     <span class='ocr_line' id='line_1_16' title="bbox 79 2862 1209 2952; baseline 0.004 -26"><span class='ocrx_word' id='word_1_91' title='bbox 79 2862 112 2948; x_wconf 90' lang='lat' dir='ltr'><strong>lij</strong></span> <span class='ocrx_word' id='word_1_92' title='bbox 129 2864 284 2951; x_wconf 80' lang='lat' dir='ltr'><strong>Symonis</strong></span> <span class='ocrx_word' id='word_1_93' title='bbox 308 2867 472 2951; x_wconf 87' lang='lat' dir='ltr'><strong>quandam</strong></span> <span class='ocrx_word' id='word_1_94' title='bbox 497 2867 735 2952; x_wconf 90' lang='lat' dir='ltr'><strong>possessionem</strong></span> <span class='ocrx_word' id='word_1_95' title='bbox 762 2885 874 2933; x_wconf 88' lang='lat' dir='ltr'><strong>eorum</strong></span> <span class='ocrx_word' id='word_1_96' title='bbox 902 2866 1025 2932; x_wconf 77' lang='lat' dir='ltr'><strong>Gumur</strong></span> <span class='ocrx_word' id='word_1_97' title='bbox 1051 2871 1209 2952; x_wconf 82' lang='lat' dir='ltr'><strong>vocatam,</strong></span> 
     </span>
     <span class='ocr_line' id='line_1_17' title="bbox 80 2969 1209 3060; baseline 0.001 -24"><span class='ocrx_word' id='word_1_98' title='bbox 80 2971 155 3038; x_wconf 90' lang='lat' dir='ltr'><strong>olim</strong></span> <span class='ocrx_word' id='word_1_99' title='bbox 170 2993 230 3060; x_wconf 89' lang='lat' dir='ltr'><strong>per</strong></span> <span class='ocrx_word' id='word_1_100' title='bbox 245 2971 410 3040; x_wconf 91' lang='lat' dir='ltr'><strong>dominum</strong></span> <span class='ocrx_word' id='word_1_101' title='bbox 435 2972 635 3060; x_wconf 84' lang='lat' dir='ltr'><strong>Stephanum</strong></span> <span class='ocrx_word' id='word_1_102' title='bbox 657 2975 779 3059; x_wconf 82' lang='lat' dir='ltr'><strong>Regem</strong></span> <span class='ocrx_word' id='word_1_103' title='bbox 791 2972 880 3042; x_wconf 88' lang='lat' dir='ltr'><strong>clare</strong></span> <span class='ocrx_word' id='word_1_104' title='bbox 893 2969 1137 3038; x_wconf 82' lang='lat' dir='ltr'><strong>recordacionis</strong></span> <span class='ocrx_word' id='word_1_105' title='bbox 1149 2993 1209 3056; x_wconf 94' lang='lat' dir='ltr'><strong>pro</strong></span> 
     </span>
     <span class='ocr_line' id='line_1_18' title="bbox 79 3077 1209 3169; baseline -0.003 -22"><span class='ocrx_word' id='word_1_106' title='bbox 79 3089 183 3148; x_wconf 89' lang='lat' dir='ltr'><strong>morte</strong></span> <span class='ocrx_word' id='word_1_107' title='bbox 199 3083 276 3153; x_wconf 90' lang='lat' dir='ltr'><strong>dicti</strong></span> <span class='ocrx_word' id='word_1_108' title='bbox 292 3081 443 3169; x_wconf 81' lang='lat' dir='ltr'><strong>Symouis</strong></span> <span class='ocrx_word' id='word_1_109' title='bbox 460 3082 594 3150; x_wconf 85' lang='lat' dir='ltr'><strong>Comitis</strong></span> <span class='ocrx_word' id='word_1_110' title='bbox 611 3084 714 3169; x_wconf 90' lang='lat' dir='ltr'><strong>patris</strong></span> <span class='ocrx_word' id='word_1_111' title='bbox 731 3084 873 3169; x_wconf 90' lang='lat' dir='ltr'><strong>ipsorum</strong></span> <span class='ocrx_word' id='word_1_112' title='bbox 891 3078 1045 3148; x_wconf 84' lang='lat' dir='ltr'><strong>traditam</strong></span> <span class='ocrx_word' id='word_1_113' title='bbox 1062 3087 1095 3146; x_wconf 86' lang='lat' dir='ltr'><strong>et</strong></span> <span class='ocrx_word' id='word_1_114' title='bbox 1111 3077 1209 3146; x_wconf 88' lang='lat' dir='ltr'><strong>dona·</strong></span> 
     </span>
     <span class='ocr_line' id='line_1_19' title="bbox 80 3186 1211 3276; baseline -0.003 -22"><span class='ocrx_word' id='word_1_115' title='bbox 80 3195 157 3273; x_wconf 87' lang='lat' dir='ltr'><strong>taur,</strong></span> <span class='ocrx_word' id='word_1_116' title='bbox 176 3212 247 3260; x_wconf 90' lang='lat' dir='ltr'><strong>cum</strong></span> <span class='ocrx_word' id='word_1_117' title='bbox 274 3192 423 3259; x_wconf 91' lang='lat' dir='ltr'><strong>omuibus</strong></span> <span class='ocrx_word' id='word_1_118' title='bbox 449 3191 641 3259; x_wconf 79' lang='lat' dir='ltr'><strong>utilitatibus</strong></span> <span class='ocrx_word' id='word_1_119' title='bbox 669 3197 702 3257; x_wconf 90' lang='lat' dir='ltr'><strong>et</strong></span> <span class='ocrx_word' id='word_1_120' title='bbox 727 3189 942 3276; x_wconf 80' lang='lat' dir='ltr'><strong>pertinencijs</strong></span> <span class='ocrx_word' id='word_1_121' title='bbox 964 3186 1127 3256; x_wconf 76' lang='lat' dir='ltr'><strong>uniuersis</strong></span> <span class='ocrx_word' id='word_1_122' title='bbox 1154 3206 1211 3274; x_wconf 89' lang='lat' dir='ltr'><strong>per</strong></span> 
     </span>
     <span class='ocr_line' id='line_1_20' title="bbox 78 3297 1212 3387; baseline -0.002 -25"><span class='ocrx_word' id='word_1_123' title='bbox 78 3301 209 3366; x_wconf 90' lang='lat' dir='ltr'><strong>modum</strong></span> <span class='ocrx_word' id='word_1_124' title='bbox 223 3300 420 3387; x_wconf 84' lang='lat' dir='ltr'><strong>concambij,</strong></span> <span class='ocrx_word' id='word_1_125' title='bbox 438 3321 499 3368; x_wconf 87' lang='lat' dir='ltr'><strong>uec</strong></span> <span class='ocrx_word' id='word_1_126' title='bbox 531 3320 594 3366; x_wconf 94' lang='lat' dir='ltr'><strong>non</strong></span> <span class='ocrx_word' id='word_1_127' title='bbox 621 3319 695 3365; x_wconf 87' lang='lat' dir='ltr'><strong>cunr</strong></span> <span class='ocrx_word' id='word_1_128' title='bbox 725 3299 831 3366; x_wconf 90' lang='lat' dir='ltr'><strong>tribus</strong></span> <span class='ocrx_word' id='word_1_129' title='bbox 862 3297 1058 3366; x_wconf 82' lang='lat' dir='ltr'><strong>vinitoribus</strong></span> <span class='ocrx_word' id='word_1_130' title='bbox 1090 3315 1212 3378; x_wconf 89' lang='lat' dir='ltr'><strong>eorum,</strong></span> 
     </span>
     <span class='ocr_line' id='line_1_21' title="bbox 80 3404 1213 3494; baseline 0.002 -26"><span class='ocrx_word' id='word_1_131' title='bbox 80 3404 206 3473; x_wconf 90' lang='lat' dir='ltr'><strong>duobus</strong></span> <span class='ocrx_word' id='word_1_132' title='bbox 222 3405 378 3474; x_wconf 81' lang='lat' dir='ltr'><strong>videlicet</strong></span> <span class='ocrx_word' id='word_1_133' title='bbox 402 3407 480 3493; x_wconf 84' lang='lat' dir='ltr'><strong>filijs</strong></span> <span class='ocrx_word' id='word_1_134' title='bbox 507 3408 641 3494; x_wconf 76' lang='lat' dir='ltr'><strong>Bedese,</strong></span> <span class='ocrx_word' id='word_1_135' title='bbox 668 3413 699 3473; x_wconf 89' lang='lat' dir='ltr'><strong>et</strong></span> <span class='ocrx_word' id='word_1_136' title='bbox 724 3407 790 3474; x_wconf 86' lang='lat' dir='ltr'><strong>filio</strong></span> <span class='ocrx_word' id='word_1_137' title='bbox 816 3407 904 3474; x_wconf 88' lang='lat' dir='ltr'><strong>Petri</strong></span> <span class='ocrx_word' id='word_1_138' title='bbox 931 3405 992 3490; x_wconf 87' lang='lat' dir='ltr'><strong>filij</strong></span> <span class='ocrx_word' id='word_1_139' title='bbox 1020 3405 1213 3492; x_wconf 82' lang='lat' dir='ltr'><strong>Myobaelis,</strong></span> 
     </span>
     <span class='ocr_line' id='line_1_22' title="bbox 77 3510 1212 3603; baseline 0.003 -29"><span class='ocrx_word' id='word_1_140' title='bbox 77 3510 183 3578; x_wconf 89' lang='lat' dir='ltr'><strong>eidem</strong></span> <span class='ocrx_word' id='word_1_141' title='bbox 199 3513 316 3580; x_wconf 88' lang='lat' dir='ltr'><strong>Comiti</strong></span> <span class='ocrx_word' id='word_1_142' title='bbox 333 3515 426 3580; x_wconf 81' lang='lat' dir='ltr'><strong>Batia</strong></span> <span class='ocrx_word' id='word_1_143' title='bbox 443 3523 476 3580; x_wconf 92' lang='lat' dir='ltr'><strong>ct</strong></span> <span class='ocrx_word' id='word_1_144' title='bbox 490 3515 667 3583; x_wconf 89' lang='lat' dir='ltr'><strong>heredibus</strong></span> <span class='ocrx_word' id='word_1_145' title='bbox 684 3535 791 3582; x_wconf 88' lang='lat' dir='ltr'><strong>corum</strong></span> <span class='ocrx_word' id='word_1_146' title='bbox 809 3510 894 3603; x_wconf 82' lang='lat' dir='ltr'><strong>(lgy)</strong></span> <span class='ocrx_word' id='word_1_147' title='bbox 906 3511 1124 3596; x_wconf 88' lang='lat' dir='ltr'><strong>heredumque</strong></span> <span class='ocrx_word' id='word_1_148' title='bbox 1137 3531 1212 3578; x_wconf 90' lang='lat' dir='ltr'><strong>suo-</strong></span> 
     </span>
     <span class='ocr_line' id='line_1_23' title="bbox 78 3620 1211 3709; baseline 0 -26"><span class='ocrx_word' id='word_1_149' title='bbox 78 3639 148 3686; x_wconf 89' lang='lat' dir='ltr'><strong>runr</strong></span> <span class='ocrx_word' id='word_1_150' title='bbox 174 3621 418 3690; x_wconf 87' lang='lat' dir='ltr'><strong>successoribus</strong></span> <span class='ocrx_word' id='word_1_151' title='bbox 454 3622 665 3690; x_wconf 88' lang='lat' dir='ltr'><strong>tradidissent</strong></span> <span class='ocrx_word' id='word_1_152' title='bbox 698 3628 856 3709; x_wconf 86' lang='lat' dir='ltr'><strong>perpetuo</strong></span> <span class='ocrx_word' id='word_1_153' title='bbox 889 3631 921 3689; x_wconf 90' lang='lat' dir='ltr'><strong>et</strong></span> <span class='ocrx_word' id='word_1_154' title='bbox 954 3620 1211 3688; x_wconf 86' lang='lat' dir='ltr'><strong>irreuooebilitcr</strong></span> 
     </span>
     <span class='ocr_line' id='line_1_24' title="bbox 76 3727 1212 3810; baseline -0.002 -16"><span class='ocrx_word' id='word_1_155' title='bbox 76 3727 362 3810; x_wconf 76' lang='lat' dir='ltr'><strong>possidendamll</strong></span> <span class='ocrx_word' id='word_1_156' title='bbox 387 3750 543 3800; x_wconf 90' lang='lat' dir='ltr'><strong>conuerso</strong></span> <span class='ocrx_word' id='word_1_157' title='bbox 571 3731 657 3798; x_wconf 86' lang='lat' dir='ltr'><strong>idem</strong></span> <span class='ocrx_word' id='word_1_158' title='bbox 684 3731 798 3797; x_wconf 87' lang='lat' dir='ltr'><strong>Comes</strong></span> <span class='ocrx_word' id='word_1_159' title='bbox 824 3730 917 3797; x_wconf 86' lang='lat' dir='ltr'><strong>Batia</strong></span> <span class='ocrx_word' id='word_1_160' title='bbox 944 3730 1094 3796; x_wconf 79' lang='lat' dir='ltr'><strong>Castrum</strong></span> <span class='ocrx_word' id='word_1_161' title='bbox 1118 3748 1212 3796; x_wconf 13' lang='lat' dir='ltr'><strong>sinum</strong></span> 
     </span>
     <span class='ocr_line' id='line_1_25' title="bbox 76 3835 1214 3923; baseline 0.001 -24"><span class='ocrx_word' id='word_1_162' title='bbox 76 3835 205 3923; x_wconf 84' lang='lat' dir='ltr'><strong>Zenlcs,</strong></span> <span class='ocrx_word' id='word_1_163' title='bbox 223 3857 244 3902; x_wconf 85' lang='lat' dir='ltr'><strong>a</strong></span> <span class='ocrx_word' id='word_1_164' title='bbox 260 3835 393 3906; x_wconf 90' lang='lat' dir='ltr'><strong>domino</strong></span> <span class='ocrx_word' id='word_1_165' title='bbox 408 3839 569 3907; x_wconf 87' lang='lat' dir='ltr'><strong>Ladinlao</strong></span> <span class='ocrx_word' id='word_1_166' title='bbox 581 3838 702 3907; x_wconf 90' lang='lat' dir='ltr'><strong>illustri</strong></span> <span class='ocrx_word' id='word_1_167' title='bbox 718 3841 807 3922; x_wconf 84' lang='lat' dir='ltr'><strong>Rege</strong></span> <span class='ocrx_word' id='word_1_168' title='bbox 818 3839 985 3923; x_wconf 89' lang='lat' dir='ltr'><strong>Huugarie</strong></span> <span class='ocrx_word' id='word_1_169' title='bbox 996 3835 1214 3922; x_wconf 88' lang='lat' dir='ltr'><strong>picmemorio</strong></span> 
     </span>
     <span class='ocr_line' id='line_1_26' title="bbox 76 3943 1212 4032; baseline 0.002 -26"><span class='ocrx_word' id='word_1_170' title='bbox 76 3943 136 4010; x_wconf 87' lang='lat' dir='ltr'><strong>sibi</strong></span> <span class='ocrx_word' id='word_1_171' title='bbox 152 3944 313 4014; x_wconf 89' lang='lat' dir='ltr'><strong>traditum</strong></span> <span class='ocrx_word' id='word_1_172' title='bbox 330 3952 364 4013; x_wconf 90' lang='lat' dir='ltr'><strong>ct</strong></span> <span class='ocrx_word' id='word_1_173' title='bbox 380 3944 546 4032; x_wconf 87' lang='lat' dir='ltr'><strong>donatum,</strong></span> <span class='ocrx_word' id='word_1_174' title='bbox 564 3967 635 4015; x_wconf 90' lang='lat' dir='ltr'><strong>cum</strong></span> <span class='ocrx_word' id='word_1_175' title='bbox 654 3949 804 4013; x_wconf 91' lang='lat' dir='ltr'><strong>omnibns</strong></span> <span class='ocrx_word' id='word_1_176' title='bbox 821 3947 915 4013; x_wconf 85' lang='lat' dir='ltr'><strong>terris</strong></span> <span class='ocrx_word' id='word_1_177' title='bbox 937 3954 969 4012; x_wconf 91' lang='lat' dir='ltr'><strong>et</strong></span> <span class='ocrx_word' id='word_1_178' title='bbox 994 3943 1212 4030; x_wconf 88' lang='lat' dir='ltr'><strong>possessioni-</strong></span> 
     </span>
     <span class='ocr_line' id='line_1_27' title="bbox 76 4047 1215 4140; baseline 0.004 -28"><span class='ocrx_word' id='word_1_179' title='bbox 76 4047 134 4117; x_wconf 88' lang='lat' dir='ltr'><strong>bus</strong></span> <span class='ocrx_word' id='word_1_180' title='bbox 151 4073 213 4120; x_wconf 90' lang='lat' dir='ltr'><strong>scu</strong></span> <span class='ocrx_word' id='word_1_181' title='bbox 228 4051 435 4122; x_wconf 73' lang='lat' dir='ltr'><strong>utilitatibus</strong></span> <span class='ocrx_word' id='word_1_182' title='bbox 446 4055 608 4122; x_wconf 78' lang='lat' dir='ltr'><strong>uniuersis</strong></span> <span class='ocrx_word' id='word_1_183' title='bbox 623 4055 782 4140; x_wconf 86' lang='lat' dir='ltr'><strong>adipsum</strong></span> <span class='ocrx_word' id='word_1_184' title='bbox 799 4053 948 4122; x_wconf 78' lang='lat' dir='ltr'><strong>Castrum</strong></span> <span class='ocrx_word' id='word_1_185' title='bbox 963 4051 1215 4138; x_wconf 84' lang='lat' dir='ltr'><strong>pertinentrbus,</strong></span> 
     </span>
     <span class='ocr_line' id='line_1_28' title="bbox 76 4157 1211 4248; baseline 0.003 -25"><span class='ocrx_word' id='word_1_186' title='bbox 76 4161 354 4238; x_wconf 85' lang='lat' dir='ltr'><strong>quemadmodum</strong></span> <span class='ocrx_word' id='word_1_187' title='bbox 370 4163 405 4230; x_wconf 92' lang='lat' dir='ltr'><strong>in</strong></span> <span class='ocrx_word' id='word_1_188' title='bbox 420 4162 541 4231; x_wconf 90' lang='lat' dir='ltr'><strong>litteris</strong></span> <span class='ocrx_word' id='word_1_189' title='bbox 565 4157 709 4248; x_wconf 85' lang='lat' dir='ltr'><strong>Capituli</strong></span> <span class='ocrx_word' id='word_1_190' title='bbox 725 4164 869 4230; x_wconf 77' lang='lat' dir='ltr'><strong>Ecclesia</strong></span> <span class='ocrx_word' id='word_1_191' title='bbox 894 4161 1096 4248; x_wconf 85' lang='lat' dir='ltr'><strong>Vachyeusis</strong></span> <span class='ocrx_word' id='word_1_192' title='bbox 1124 4180 1211 4246; x_wconf 85' lang='lat' dir='ltr'><strong>repe·</strong></span> 
     </span>
     <span class='ocr_line' id='line_1_29' title="bbox 76 4263 1213 4359; baseline 0.004 -31"><span class='ocrx_word' id='word_1_193' title='bbox 76 4263 243 4336; x_wconf 88' lang='lat' dir='ltr'><strong>ricbamus</strong></span> <span class='ocrx_word' id='word_1_194' title='bbox 259 4271 390 4356; x_wconf 87' lang='lat' dir='ltr'><strong>plenius</strong></span> <span class='ocrx_word' id='word_1_195' title='bbox 408 4271 576 4359; x_wconf 87' lang='lat' dir='ltr'><strong>contineri,</strong></span> <span class='ocrx_word' id='word_1_196' title='bbox 588 4277 701 4356; x_wconf 87' lang='lat' dir='ltr'><strong>petens</strong></span> <span class='ocrx_word' id='word_1_197' title='bbox 712 4293 771 4340; x_wconf 85' lang='lat' dir='ltr'><strong>nos</strong></span> <span class='ocrx_word' id='word_1_198' title='bbox 787 4292 859 4337; x_wconf 85' lang='lat' dir='ltr'><strong>oum</strong></span> <span class='ocrx_word' id='word_1_199' title='bbox 877 4269 1049 4350; x_wconf 86' lang='lat' dir='ltr'><strong>instancia,</strong></span> <span class='ocrx_word' id='word_1_200' title='bbox 1065 4277 1100 4337; x_wconf 88' lang='lat' dir='ltr'><strong>vt</strong></span> <span class='ocrx_word' id='word_1_201' title='bbox 1116 4268 1213 4336; x_wconf 84' lang='lat' dir='ltr'><strong>medi-</strong></span> 
     </span>
     <span class='ocr_line' id='line_1_30' title="bbox 75 4375 1215 4448; baseline -0.001 -7"><span class='ocrx_word' id='word_1_202' title='bbox 75 4385 153 4443; x_wconf 85' lang='lat' dir='ltr'><strong>ante</strong></span> <span class='ocrx_word' id='word_1_203' title='bbox 170 4385 286 4448; x_wconf 87' lang='lat' dir='ltr'><strong>nostro</strong></span> <span class='ocrx_word' id='word_1_204' title='bbox 302 4387 335 4446; x_wconf 89' lang='lat' dir='ltr'><strong>et</strong></span> <span class='ocrx_word' id='word_1_205' title='bbox 361 4387 471 4447; x_wconf 87' lang='lat' dir='ltr'><strong>vestro</strong></span> <span class='ocrx_word' id='word_1_206' title='bbox 498 4380 682 4448; x_wconf 91' lang='lat' dir='ltr'><strong>bominibus</strong></span> <span class='ocrx_word' id='word_1_207' title='bbox 708 4379 845 4448; x_wconf 89' lang='lat' dir='ltr'><strong>eundem</strong></span> <span class='ocrx_word' id='word_1_208' title='bbox 873 4379 1027 4446; x_wconf 88' lang='lat' dir='ltr'><strong>Comitem</strong></span> <span class='ocrx_word' id='word_1_209' title='bbox 1054 4377 1146 4443; x_wconf 85' lang='lat' dir='ltr'><strong>Batia</strong></span> <span class='ocrx_word' id='word_1_210' title='bbox 1172 4375 1215 4441; x_wconf 85' lang='lat' dir='ltr'><strong>ad</strong></span> 
     </span>
     <span class='ocr_line' id='line_1_31' title="bbox 73 4484 1213 4574; baseline 0.002 -26"><span class='ocrx_word' id='word_1_211' title='bbox 73 4486 198 4552; x_wconf 87' lang='lat' dir='ltr'><strong>dictam</strong></span> <span class='ocrx_word' id='word_1_212' title='bbox 216 4489 455 4572; x_wconf 88' lang='lat' dir='ltr'><strong>possessionem</strong></span> <span class='ocrx_word' id='word_1_213' title='bbox 474 4488 598 4556; x_wconf 84' lang='lat' dir='ltr'><strong>Crumnr·</strong></span> <span class='ocrx_word' id='word_1_214' title='bbox 613 4497 758 4556; x_wconf 81' lang='lat' dir='ltr'><strong>statuere</strong></span> <span class='ocrx_word' id='word_1_215' title='bbox 775 4489 991 4574; x_wconf 87' lang='lat' dir='ltr'><strong>dignaremur.</strong></span> <span class='ocrx_word' id='word_1_216' title='bbox 1008 4487 1111 4571; x_wconf 86' lang='lat' dir='ltr'><strong>Igitur</strong></span> <span class='ocrx_word' id='word_1_217' title='bbox 1141 4484 1213 4552; x_wconf 82' lang='lat' dir='ltr'><strong>fide·</strong></span> 
     </span>
     <span class='ocr_line' id='line_1_32' title="bbox 73 4595 1214 4683; baseline -0.003 -22"><span class='ocrx_word' id='word_1_218' title='bbox 73 4597 158 4664; x_wconf 85' lang='lat' dir='ltr'><strong>litati</strong></span> <span class='ocrx_word' id='word_1_219' title='bbox 185 4597 305 4664; x_wconf 85' lang='lat' dir='ltr'><strong>Vestro</strong></span> <span class='ocrx_word' id='word_1_220' title='bbox 323 4596 457 4664; x_wconf 86' lang='lat' dir='ltr'><strong>firmiter</strong></span> <span class='ocrx_word' id='word_1_221' title='bbox 473 4595 682 4683; x_wconf 84' lang='lat' dir='ltr'><strong>precipiendo</strong></span> <span class='ocrx_word' id='word_1_222' title='bbox 701 4597 903 4676; x_wconf 83' lang='lat' dir='ltr'><strong>mandamus,</strong></span> <span class='ocrx_word' id='word_1_223' title='bbox 931 4603 1090 4680; x_wconf 86' lang='lat' dir='ltr'><strong>quatenus</strong></span> <span class='ocrx_word' id='word_1_224' title='bbox 1119 4615 1214 4661; x_wconf 80' lang='lat' dir='ltr'><strong>sumu</strong></span> 
     </span>
    </p>
   </div>
   <div class='ocr_carea' id='block_1_8' title="bbox 116 4713 1055 4776">
    <p class='ocr_par' dir='ltr' id='par_1_8' title="bbox 116 4713 1055 4776">
     <span class='ocr_line' id='line_1_33' title="bbox 116 4713 1055 4776; baseline 0.003 -5"><span class='ocrx_word' id='word_1_225' title='bbox 116 4734 229 4773; x_wconf 70' lang='lat' dir='ltr'><strong>norun.</strong></span> <span class='ocrx_word' id='word_1_226' title='bbox 245 4733 327 4770; x_wconf 82' lang='lat' dir='ltr'><strong>suun.</strong></span> <span class='ocrx_word' id='word_1_227' title='bbox 344 4729 471 4772; x_wconf 79' lang='lat' dir='ltr'><strong>srsr;-</strong></span> <span class='ocrx_word' id='word_1_228' title='bbox 488 4735 597 4772; x_wconf 75' lang='lat' dir='ltr'><strong>parson.</strong></span> <span class='ocrx_word' id='word_1_229' title='bbox 623 4729 659 4776; x_wconf 76' lang='lat' dir='ltr'><strong>tt.</strong></span> <span class='ocrx_word' id='word_1_230' title='bbox 1035 4713 1055 4776; x_wconf 72' lang='lat'><em>2</em></span> 
     </span>
    </p>
   </div>
   <div class='ocr_carea' id='block_1_9' title="bbox 0 0 1570 5162">
    <p class='ocr_par' dir='ltr' id='par_1_9' title="bbox 0 0 1570 5162">
     <span class='ocr_line' id='line_1_34' title="bbox 0 0 1570 5162; baseline 0 0"><span class='ocrx_word' id='word_1_231' title='bbox 0 0 1570 5162; x_wconf 95' lang='lat' dir='ltr'><strong> </strong></span> 
     </span>
    </p>
   </div>
  </div>
 </body>
</html>
