3120 5172
638 355 799 456 Q

152 551 314 621 noticiam
330 556 442 620 tcncre
458 552 662 638 presencium
688 553 840 623 volumus
864 556 1046 643 peruenire,
1072 555 1158 640 quod
1181 557 1284 641 Magi·

151 669 218 729 ster
236 661 393 728 Salomon
409 658 494 727 lilius
511 659 640 726 Nicolai
656 661 698 729 dc
712 663 844 750 Darou,
871 663 1057 750 Stephanus
1083 668 1117 730 et
1140 664 1282 734 Thomas

153 769 210 856 filij
228 767 386 854 eiusdem,
418 789 479 835 nec
503 790 567 836 non
594 768 644 835 uir
669 769 843 854 religiosus
873 771 975 839 frater
1005 773 1127 840 Paulus
1167 773 1280 842 Ahbas

151 883 183 944 et
197 877 351 944 Prelatus
361 882 479 961 noster,
513 883 678 962 compater
703 877 849 945 eiusdem
859 879 1010 963 Magistri
1025 877 1207 948 Salomonis
1232 884 1275 948 ab

152 1005 217 1052 vna
230 991 345 1070 parte3
361 984 520 1068 Magister
537 983 724 1069 Stephanus
740 985 826 1054 lilius
843 986 995 1072 Symonis
1013 986 1054 1053 de
1085 987 1214 1073 Gywad
1240 1009 1281 1056 ex

154 1094 271 1178 altera,
298 1111 406 1158 coram
432 1090 526 1158 nohis
552 1091 770 1177 personaliter
795 1093 986 1180 constituti,
1012 1094 1100 1162 idem
1127 1095 1284 1181 Magister

153 1200 308 1267 Salomon
324 1199 490 1266 confessus
506 1204 556 1265 est
570 1199 648 1266 viua
663 1218 751 1286 noce,
770 1200 858 1284 quod
874 1221 914 1268 ex
932 1222 1090 1269 consensu
1116 1209 1148 1268 et
1172 1205 1285 1270 uolun-

154 1314 222 1374 tate
252 1305 472 1392 predictorum
503 1307 643 1374 filiorum
675 1327 806 1374 suorum
847 1308 1012 1394 quandam
1044 1310 1284 1395 possessionem

155 1437 247 1486 suam
264 1414 445 1503 Deushyda
468 1421 630 1502 vocatam,
657 1435 729 1482 cum
756 1417 906 1485 omnibns
930 1417 1126 1486 utilitatibus
1151 1419 1220 1487 suis
1247 1424 1280 1486 et

156 1523 369 1609 pertinencijs
399 1522 568 1609 uniuersis,
595 1523 628 1589 in
648 1523 700 1590 di‘e
716 1524 956 1592 subarracionis
983 1525 1114 1592 domine
1137 1527 1202 1594 filie
1227 1545 1286 1594 sue

155 1633 288 1700 nomine
303 1630 429 1720 Anych,
447 1631 606 1699 consortis
622 1631 777 1702 videlieet
792 1633 937 1700 eiusdem
954 1633 1104 1718 Magistri
1115 1633 1285 1721 Stephani,

158 1741 316 1822 dedisset,
335 1737 527 1816 tradidisset
542 1747 573 1806 et
589 1740 806 1808 condonasset
820 1741 967 1828 predicto
978 1739 1108 1809 domino
1119 1741 1285 1827 Stephano

157 1870 277 1936 sponso
293 1867 364 1930 suo,
380 1868 420 1915 ao
436 1849 566 1916 domine
581 1849 672 1916 uxori
688 1849 834 1916 ciusdem
850 1849 923 1938 sibi,
935 1858 967 1917 et
983 1869 1093 1918 eorum
1109 1849 1286 1918 heredibus

156 1957 377 2042 heredumque
393 1977 526 2024 suornm
541 1959 780 2026 successoribus
796 1965 954 2044 perpetuo
971 1965 1003 2024 et
1029 1957 1286 2027 irrenccabiliter

157 2066 290 2150 pacifice
306 2064 550 2154 possidendam.
567 2063 672 2143 Quam
688 2065 820 2149 quidem
836 2065 1108 2134 condonaeionem
1137 2065 1288 2133 Prelatus

159 2181 269 2242 noster
285 2173 493 2260 prescriptos,
511 2172 716 2259 presentibus
744 2173 904 2242 ambabus
929 2175 1088 2260 partibus,
1104 2171 1283 2240 affirmauit

163 2290 195 2352 et
210 2282 417 2350 assecurauit
432 2281 535 2350 fuisse
552 2286 584 2348 et
599 2281 717 2350 fecisse
727 2281 864 2351 eundem
875 2281 1067 2367 Magistrum
1078 2280 1287 2348 Salomonem

163 2391 198 2457 in
214 2390 387 2476 presencia
402 2389 507 2477 ipsius
525 2395 557 2456 et
572 2390 711 2456 aliorum
727 2389 896 2478 nobilium,
913 2392 969 2476 qui
986 2391 1019 2457 in
1036 2389 1112 2477 ipsa
1136 2389 1288 2456 subarra-

163 2499 256 2566 eionc
272 2505 303 2566 et
319 2499 351 2564 in
369 2503 538 2565 contractu
554 2497 747 2584 nupciarum
762 2505 932 2584 presentes
949 2496 1182 2568 fucrantmodo
1192 2515 1286 2581 supe-

159 2605 226 2672 rins
242 2612 406 2672 annotato.
424 2605 463 2672 In
480 2604 571 2672 cuins
600 2605 648 2672 rei
673 2606 860 2673 memoriam
884 2612 917 2674 et
941 2613 1132 2694 perpetuam
1157 2604 1290 2671 firmita-

160 2719 225 2779 tem
241 2713 285 2780 ad
300 2715 492 2800 peticionem
509 2711 613 2797 partis
630 2712 798 2798 utriusque
814 2720 984 2800 presentes
1001 2711 1150 2780 dedimus
1160 2712 1288 2777 litteras

161 2828 289 2888 nostras
305 2820 407 2904 sigilli
422 2821 525 2888 nostri
542 2819 720 2888 munimine
736 2823 960 2889 communitas.
978 2822 1100 2887 Datum
1128 2817 1161 2884 in
1194 2817 1286 2902 qnin-

163 2927 255 2996 denis
271 2929 502 2998 Penthecostes
518 2949 606 2997 anno
623 2930 756 2998 Domini
780 2929 953 2996 millesimo
982 2927 1049 2994 00⁰
1074 2925 1287 3011 nonagesimo

165 3043 289 3106 octauo.
304 3037 382 3104 Viro
408 3037 564 3123 religioso
595 3039 726 3105 Prelato
756 3043 864 3106 nostro
895 3042 1074 3126 prenotato,
1101 3032 1291 3102 Alexandre
1367 3105 1376 3120 „

163 3145 305 3230 Decano,
322 3145 419 3214 Petro
437 3143 589 3231 Custode,
603 3146 739 3214 Nicolao
764 3147 917 3232 eantore,
944 3143 1095 3212 Johanne
1119 3140 1292 3226 celerario,

164 3253 346 3339 ceterisque
361 3254 514 3324 fratribus
531 3255 653 3324 ibidem
671 3253 899 3324 existentibus.

164 3453 200 3520 (A
212 3452 448 3508 snakeslshdrvrtri
468 3451 658 3522 hdptolannak
673 3455 895 3518 „Bartholomeus
908 3455 942 3505 de
962 3452 1022 3504 Tul
1045 3449 1166 3503 famulus
1189 3449 1291 3505 nobilis

167 3547 278 3598 domine
291 3547 347 3598 fllia
359 3546 495 3601 Johannis
508 3547 560 3613 filij
575 3547 713 3598 Dominici
731 3546 764 3597 de
777 3546 912 3611 Ontupan,
924 3545 1012 3611 neptis
1034 3541 1162 3594 videlicet
1175 3540 1295 3594 Salomo-

166 3639 209 3688 nis
221 3637 256 3688 de
269 3637 377 3700 Darou,
386 3638 571 3717 consortiaque
584 3638 709 3702 Magistri
719 3637 792 3688 Petri
803 3635 836 3686 de
847 3634 946 3702 Gerek,
956 3637 1016 3684 vice
1026 3639 1053 3684 et
1063 3632 1296 3686 nomineeiusdem

161 3722 287 3780 domine“
300 3724 423 3780 indulsere
434 3728 512 3779 1³65.
528 3727 663 3796 „secundo
676 3728 720 3779 dis
732 3729 794 3779 tosti
807 3727 965 3778 Natiuitatis
977 3725 1064 3775 Beate
1077 3724 1215 3789 Virginis“
1236 3723 1296 3772 his-

339 3815 576 3884 dottddraelbd13
590 3835 607 3870 a
631 3819 715 3870 budai
732 3818 784 3869 kir.
811 3818 932 3868 kamarai
947 3811 1135 3879 levtlttlrhan.)

623 4099 838 4118 ιιι-υ-φι--ι-σ
