3132 5162
799 332 957 435 ,Q-

419 529 487 596 Nos
504 529 658 612 Magister
674 529 797 612 Opowr
812 527 873 593 stb.
892 523 1104 612 ssrtretkezik
1121 532 1211 610 Apor
1236 531 1357 593 mester
1388 546 1441 612 po-

319 639 432 724 nsonyi
448 637 647 724 ftispannak
665 635 804 704 taor-ki
821 635 994 722 okmanya,
1013 637 1094 702 mint
1112 635 1210 702 aiabb
1227 639 1280 703 50.
1298 655 1340 701 sz.
1357 633 1401 720 a.)

420 747 488 811 Nos
505 747 613 827 itaque
639 741 854 809 consideratis
880 741 1091 807 fidelitatibus
1118 741 1278 808 dictorum
1298 742 1438 826 Nicolyn

315 857 419 937 Isaac,
435 849 585 918 Ladialai
602 857 634 914 et
649 847 799 932 Andree,
817 867 856 913 ae
873 847 1011 914 aliorum
1028 857 1240 932 cognatorum
1254 847 1440 935 eorundem,

315 968 350 1028 ut
365 961 464 1044 ijdem
481 959 574 1025 nobis
586 964 617 1022 et
628 953 742 1024 Castro
759 963 868 1022 nostro
880 957 1071 1024 Posoniensi
1088 957 1287 1024 commodius
1299 964 1332 1023 et
1345 975 1440 1044 expe

188 1069 193 1077 '
314 1068 419 1134 dicius
429 1069 631 1134 ualeantsua
641 1063 781 1129 seruicia
791 1062 1078 1132 exhibem2dictas
1089 1063 1373 1148 patenteslitteras
1385 1066 1440 1132 Oo-

316 1176 403 1242 mitis
414 1175 517 1240 nostri
533 1173 740 1239 Posoniensis
751 1180 840 1238 ratas
851 1172 1009 1238 habentes
1020 1177 1052 1236 et
1062 1179 1225 1256 acceptas,
1235 1170 1275 1238 de
1286 1174 1386 1240 uerbo
1398 1173 1439 1238 ad

314 1283 447 1350 uerbum
463 1281 667 1367 presentibus
683 1280 833 1365 insertas,
850 1279 1034 1364 patrocinio
1045 1279 1147 1347 nostri
1158 1280 1326 1367 priuilegij
1347 1281 1435 1348 duxi-

315 1413 385 1458 mus
401 1387 656 1474 confirmandas;
673 1387 779 1472 ipsam
797 1394 916 1454 terram
933 1385 1071 1472 predicti
1088 1385 1195 1455 Casiri
1212 1387 1316 1454 nostri
1343 1387 1440 1473 Aplra

314 1505 463 1566 vocatam
481 1501 522 1566 ab
539 1497 610 1584 ipso
626 1497 741 1564 Gastro
757 1503 868 1563 nostro
894 1502 1065 1582 exceptam
1091 1501 1123 1561 et
1148 1502 1342 1584 exemptam,
1368 1517 1438 1562 cnm

315 1607 463 1674 omnibus
479 1605 676 1676 rtiliratibus
691 1612 724 1672 et
739 1605 950 1691 pertinencijs
967 1603 1037 1670 suis
1063 1602 1186 1672 eisdem
1211 1603 1438 1688 iobagionibns

316 1712 420 1782 Gastri
436 1715 538 1784 nostri
554 1722 585 1780 et
600 1715 743 1800 ipsorum
761 1710 1004 1780 successoribus
1029 1710 1259 1796 possidendam
1284 1717 1437 1797 perpetuo

315 1831 346 1891 ct
362 1823 547 1891 habendam
565 1821 795 1920 relinquorum
813 1821 885 1886 sine
901 1825 1011 1884 tamen
1027 1819 1207 1903 preiudicio
1224 1819 1303 1886 iuris
1322 1819 1434 1885 alieni.
1555 1883 1556 1888 ,

315 1933 351 1997 In
378 1932 469 1998 euius
493 1932 540 1998 rei
564 1931 752 1998 memoriam
777 1933 1034 2014 perpetuamque
1058 1927 1244 1994 firmitatem
1271 1933 1438 2012 presentes

314 2039 532 2106 concessimus
550 2039 689 2124 duplicis
704 2036 806 2120 sigilii
822 2037 922 2102 nostri
934 2035 1109 2103 munimine
1119 2036 1298 2102 roboratas.
1317 2035 1436 2102 Datum

314 2167 371 2231 per
387 2167 501 2213 manus
518 2145 646 2213 discreti
663 2145 724 2212 riri
749 2143 900 2228 Magistri
927 2143 1088 2210 Theodori
1113 2144 1266 2210 Aliensis
1292 2142 1438 2209 Ecclesie

314 2251 486 2337 Propositi,
500 2254 576 2318 aule
592 2259 701 2318 nostre
718 2252 796 2319 Vico
814 2251 1021 2336 Cancellarij,
1039 2251 1152 2318 dilecti
1168 2259 1200 2317 et
1216 2251 1322 2317 tidelis
1338 2249 1438 2317 nostri
1555 2239 1556 2318 Ῑ

316 2380 401 2427 anno
417 2361 546 2426 Domini
562 2359 681 2428 ΜὋΟο
696 2361 907 2445 nonagesimo
923 2361 1038 2446 primo,
1057 2366 1170 2445 quarto
1188 2381 1290 2427 nonas
1306 2361 1439 2424 Decem·
1555 2367 1556 2374 ’

316 2468 393 2556 bris,
410 2469 593 2537 indiccione
609 2477 737 2560 quarta,
753 2468 857 2552 Regni
872 2474 980 2535 autern
997 2468 1098 2536 nostri
1114 2488 1199 2535 anno
1217 2466 1369 2536 seeundo.

316 2665 453 2730 (Eredetie
466 2663 639 2734 bdrhdrtydn,
654 2683 670 2718 a
684 2665 934 2733 adid-vitriissdrga
956 2665 1181 2732 seiycmzsindron
1206 2667 1314 2732 tuggon
1336 2663 1440 2730 pseust-

405 2757 459 2808 uek
472 2758 599 2810 tdredske
622 2774 738 2826 megvan
751 2757 812 2824 meg
824 2777 830 2822 ;
844 2772 860 2808 a
873 2759 956 2808 budai
977 2758 1027 2808 kir.
1041 2757 1164 2808 kamarai
1175 2751 1367 2820 ievdltdrban.)

772 3049 981 3056 affl

838 3581 893 3648 24.

316 3777 377 3847 III.
394 3781 504 3846 madre
520 3779 695 3867 kirdlynok
710 3741 910 3867 Femeffatva
925 3782 1076 3866 helysc'pet
1093 3783 1243 3867 tdrpyczd
1258 3777 1441 3862 odomdnya
1554 3841 1555 3844 ,

506 3889 642 3954 Rezncki
661 3888 768 3954 Oliva
784 3913 884 3956 cornea
893 3889 962 3972 fiai
977 3893 1135 3954 sacoma.
1153 3885 1251 3954 1292.

422 4083 490 4150 Nos
505 4080 653 4150 Andreas
670 4086 731 4152 Dei
749 4083 862 4168 gracia
888 4086 957 4151 Rex
982 4082 1151 4166 Hungarie
1168 4079 1322 4148 memorie
1348 4099 1438 4146 corn·

312 4189 502 4257 mendantes
519 4191 636 4274 quibus
654 4192 784 4277 expedit
800 4191 1020 4276 significamus
1035 4191 1214 4274 uniuersis3
1232 4187 1318 4272 quod
1335 4185 1442 4252 consi·

312 4298 492 4366 siderantrs
524 4299 699 4366 fidelitates
718 4305 750 4364 et
766 4300 975 4366 seruitiorum
1006 4298 1121 4364 merita
1138 4295 1273 4363 Comitis
1300 4291 1443 4361 Harbor-

313 4407 366 4494 di,
396 4408 523 4475 Nicolai
535 4458 544 4492 ,
571 4405 896 4493 Gr·egorij,01iuerij,
922 4415 954 4474 et
969 4407 1102 4472 fratrum
1124 4425 1252 4473 snorum
1264 4455 1273 4489 ,
1300 4403 1443 4469 filiorum

312 4515 445 4583 Comitis
462 4516 600 4602 Oiirrerij
613 4569 621 4602 ‚
646 4515 790 4581 fidelium
817 4523 1009 4602 nostrorum,
1035 4516 1198 4598 quandam
1224 4521 1345 4579 terram
1364 4531 1440 4596 spe-

311 4625 491 4694 culatorum
522 4631 701 4691 nostrorum
728 4623 934 4691 Femesiolua
966 4628 1118 4689 uocatam
1145 4623 1179 4688 in
1196 4619 1362 4686 Comitatu
1380 4619 1444 4688 Za·
