3170 5166
315 1168 345 1232 A
357 1169 558 1258 ptesvdmdi
574 1169 767 1234 kuttueatneb
774 1169 927 1254 jetenttse
958 1169 1021 1234 III.
1038 1168 1151 1234 Eudue
1166 1169 1346 1256 tirdlpbuz,
1363 1173 1457 1257 hupy

315 1302 337 1342 a
358 1276 491 1342 Telmun
508 1275 640 1341 bittoluot
655 1278 811 1361 tdupyuzd
827 1279 986 1359 turvenpu
1017 1278 1164 1363 le'pdselcet
1180 1278 1265 1342 tenui
1294 1301 1367 1342 uem
1381 1278 1457 1342 uolt·

760 1383 864 1467 kdpes.
882 1383 982 1450 1300.

422 1576 704 1646 Excellentissimu
727 1575 932 1645 dominusne
956 1574 1087 1645 Andree
1110 1577 1173 1644 Dei
1199 1578 1312 1661 grauia
1327 1579 1451 1646 Inulitu

314 1687 398 1770 Regi
414 1685 558 1770 Vngarie
575 1685 760 1754 Ounuentns
776 1685 922 1754 Euelesie
935 1683 1127 1770 Menanten'j
1139 1684 1366 1752 Warudiensis
1377 1705 1450 1753 ora·

314 1795 423 1861 uiunes
438 1795 474 1860 in
497 1792 645 1860 Domino.
670 1791 863 1861 Serenitatis
887 1792 1001 1860 Vestae
1027 1793 1152 1858 litteras
1168 1797 1354 1858 reuerentes
1370 1811 1448 1860 reue

313 1900 419 1988 pimus
435 1899 469 1968 iu
485 1899 546 1967 hee
560 1899 681 1967 uerba:

421 2005 571 2074 Andreas
601 2007 644 2073 D.
663 2025 711 2090 gr.
738 2006 810 2073 Rex
826 2006 970 2090 Vnganie
993 2004 1145 2072 fidelibus
1175 2005 1244 2073 suis
1274 2004 1396 2072 Abbati
1413 2013 1460 2073 et.

316 2115 496 2186 Conuentui
516 2113 719 2182 Wuradiensi
735 2117 796 2205 stb.
813 2112 1026 2202 (kevetkezik
1055 2113 1114 2182 111.
1130 2111 1239 2184 Eudre
1262 2112 1448 2200 kiratynak

314 2243 486 2314 pertunsa,
502 2223 584 2288 mint
598 2221 730 2306 fentebb
747 2223 824 2290 246.
839 2242 884 2289 uz.
904 2219 948 2308 a.)

422 2330 492 2398 Nus
508 2330 606 2416 igitur
616 2328 807 2397 satistueere
817 2327 998 2413 supientee¹
1016 2335 1052 2394 ut
1062 2333 1218 2416 tenemur,
1235 2328 1457 2398 celsitudinis

317 2438 433 2506 Uestre
448 2433 611 2503 mandatis
626 2443 661 2504 et
674 2436 848 2522 proneptis,
869 2454 942 2502 enm
956 2433 1103 2521 predietu
1118 2435 1269 2503 Juhanne
1283 2435 1352 2503 filiu
1368 2435 1449 2502 Ber·

316 2543 408 2612 naith
424 2541 598 2628 degenere
620 2544 784 2610 Duruzma
811 2541 942 2610 homine
958 2548 1067 2611 vestro
1083 2562 1181 2610 vnum
1196 2561 1237 2610 ex
1252 2541 1357 2629 nubis,
1380 2541 1458 2609 fra·-

316 2659 397 2719 trem
413 2651 615 2738 Stephanum
640 2649 864 2736 sacerdotem,
889 2649 1054 2733 quondam
1079 2649 1241 2717 Abbatem
1255 2651 1446 2736 Munasturij

316 2760 426 2828 Sancti
436 2758 551 2827 Jauubi
568 2759 608 2826 de
625 2758 763 2846 Seleuya
778 2777 837 2842 pru
854 2757 1040 2826 testimonio
1067 2757 1307 2826 transmisimus
1317 2757 1360 2827 ad
1375 2777 1452 2843 pre-

316 2867 417 2936 missa
425 2865 565 2934 fideliter
576 2865 774 2950 exequenda
787 2861 940 2950 Idemque
956 2863 1123 2931 Jubnnnes
1138 2865 1234 2933 homo
1249 2871 1356 2934 uester
1370 2884 1455 2933 enm.

312 2974 456 3063 predieto
471 2974 574 3042 tratre
589 2979 698 3040 nostru
714 2991 865 3040 reuersus
876 2970 997 3059 adnue,
1012 2972 1124 3039 retulit
1141 2973 1252 3057 nobis;
1269 2975 1355 3058 quud
1371 2973 1446 3060 ipse
1582 2981 1583 2994 ¹

314 3085 481 3153 dohannes
496 3080 592 3148 bomo
616 3086 724 3149 uester
740 3099 848 3147 ueram
864 3080 978 3148 eudem
1001 3079 1103 3147 fratre
1118 3086 1228 3146 nostro
1244 3081 1280 3146 iu
1295 3081 1379 3149 feria
1394 3101 1448 3149 se·
1582 3101 1583 3108 ¹

314 3189 421 3259 eunde
436 3189 585 3276 proxima
600 3194 675 3274 pust
685 3186 881 3254 dominicam
895 3187 1035 3275 „Judiea
1049 3187 1120 3254 Me“
1142 3187 1331 3256 accedendo
1346 3209 1449 3275 super

315 3297 434 3365 faeiem
451 3295 536 3362 dieta
552 3302 638 3362 terre
660 3296 798 3362 'Pulman
814 3301 929 3363 uueete
938 3347 949 3382 ,
977 3294 1088 3378 ibique
1103 3295 1231 3361 Petrum
1246 3295 1347 3364 fitium
1363 3299 1451 3365 biur-

314 3410 372 3470 tnn
411 3403 452 3468 de
485 3401 650 3489 'I'ulmany
680 3401 926 3486 generacionem
961 3409 994 3469 et
1029 3401 1224 3470 seruientem
1255 3401 1334 3470 dieti
1367 3405 1450 3472 Rou-

313 3509 401 3595 buyd
421 3507 506 3576 idem
537 3507 633 3576 bomo
664 3514 774 3576 uester
804 3509 947 3576 misisset
976 3509 1017 3576 ad
1041 3508 1197 3594 Ronbuyd
1227 3517 1447 3597 pneumatum,

313 3615 500 3685 nuntiando
531 3637 591 3702 per
620 3617 724 3704 ipsum
758 3619 889 3687 Petrum
921 3618 1027 3686 eidem
1068 3618 1224 3704 Rozbuyd
1261 3618 1362 3686 uerbo
1393 3640 1452 3688 ue·

316 3731 404 3806 stru,
431 3731 468 3792 ut
499 3731 531 3790 et
560 3724 632 3808 ipse
663 3723 819 3810 Rozbuyd
850 3723 1006 3794 accedere
1044 3726 1162 3794 debeat
1200 3745 1299 3811 super
1330 3727 1448 3797 faeiem

311 3839 396 3898 terre
412 3830 551 3898 'Fulmen
569 3829 752 3917 antediete3
769 3831 825 3916 qui
842 3833 972 3917 quidem
991 3832 1146 3920 Ruzbuyd
1161 3833 1241 3900 illue
1258 3853 1324 3900 nun
1341 3837 1447 3904 uenis·
1570 3810 1578 3845 ⁴

311 3947 370 4024 set,
389 3944 421 4005 et
437 3937 598 4005 neminem
614 3956 674 4024 pru
686 3958 722 4005 se
736 3937 816 4005 illue
835 3939 1101 4028 transmissiuset,
1112 3937 1235 4007 eisdem
1246 3938 1380 4009 bomine
1394 3962 1449 4010 ue

312 4053 378 4112 stru
395 4053 429 4113 et
443 4047 546 4112 fratre
571 4051 683 4112 nestro
710 4063 806 4128 super
832 4042 916 4111 faeie
932 4045 1019 4113 diete
1042 4051 1128 4112 terre
1151 4043 1291 4111 Tulman
1307 4053 1380 4114 tuta
1395 4046 1446 4116 die
1564 4106 1572 4135 ,

312 4152 561 4239 expectantibus
577 4170 679 4236 usque
695 4171 778 4220 sero.
805 4151 895 4220 Dixit
922 4153 1026 4220 auiam
1052 4150 1147 4220 nubis
1164 4151 1329 4236 predium
1345 4154 1448 4222 frater

310 4269 434 4348 noster,
451 4259 537 4346 quod
553 4260 699 4347 prefatus
725 4259 893 4330 Jobannes
918 4261 1003 4332 tilius
1028 4260 1189 4330 Bemulth
1213 4261 1308 4330 homo
1340 4269 1449 4332 uester

311 4371 420 4455 ipsum
437 4369 569 4437 fratrem
585 4375 731 4438 nostrum
748 4368 938 4439 adduxisset
957 4389 1056 4455 super
1085 4367 1252 4452 quandam
1268 4369 1447 4437 sessionem

313 4474 382 4542 siue
399 4475 523 4542 eunium
539 4475 600 4543 sub
626 4495 691 4544 vna
706 4483 803 4562 porta
817 4477 852 4543 in
867 4475 1018 4563 predieta
1041 4481 1130 4543 terra
1154 4473 1293 4542 Tulmun
1309 4475 1451 4544 existen·

314 4586 391 4666 tem,
409 4581 544 4648 ostendo
560 4579 647 4668 (igy)
664 4581 793 4650 seilicet
809 4581 913 4650 eidem
929 4583 1023 4652 tratri
1041 4589 1152 4650 nostro
1161 4631 1171 4669 ,
1196 4581 1304 4667 ipsum
1321 4583 1448 4650 curiam
