3112 5158
321 1157 574 1244 Ampyociradi
588 1159 812 1245 kdptolannalr
827 1161 1104 1246 bizonpsa‘pleeele,
1131 1166 1212 1248 dopy
1240 1147 1361 1228 (inauri
1386 1163 1444 1228 Ja-

319 1265 379 1330 ltob
395 1268 543 1331 Demeter
556 1269 587 1332 ds
609 1266 737 1334 Tametsi
753 1269 947 1352 rnoojovatr
964 1269 1056 1332 Pe'ter·
1072 1291 1179 1348 eomes,
1193 1271 1313 1352 Durup
1322 1270 1441 1350 flo'noi'

766 1375 882 1440 eladta.
910 1375 1007 1440 1292.

430 1569 614 1654 capitulum
630 1567 776 1636 Eoolesie
792 1569 1016 1637 waradiensis
1032 1571 1184 1638 ornnibus
1200 1569 1321 1637 Christi
1347 1567 1445 1634 tideli-

325 1677 383 1744 bus
401 1695 535 1763 presens
552 1676 707 1762 seriptum
725 1675 921 1762 inspecturis
938 1678 1077 1744 salntem
1104 1678 1138 1744 in
1165 1679 1305 1744 Domino
1331 1676 1445 1760 sempi-

323 1783 491 1868 piternam.
523 1780 574 1847 Ad
600 1783 824 1850 vninersornm
850 1783 1002 1848 noticiam
1029 1792 1095 1850 tam
1121 1785 1327 1869 presencium
1354 1803 1448 1865 qnam

322 1889 499 1956 futororum
515 1889 628 1956 harum
646 1891 733 1956 serie
749 1893 895 1957 volumus
911 1891 1089 1978 peruenire,
1105 1891 1192 1976 quod
1208 1893 1351 1960 Jaeobns
1369 1890 1451 1956 filins

322 1997 492 2082 Laurenoij
509 1997 550 2064 de
565 2017 682 2082 genere
700 1997 807 2066 Vrswr
823 2019 880 2084 pro
897 2019 933 2064 se
950 2005 982 2064 et
999 2000 1122 2068 Jaoobo
1137 2000 1204 2066 filio
1228 2020 1288 2066 suo
1314 1998 1357 2064 ab
1388 2019 1451 2064 una

323 2111 426 2191 parte,
443 2105 557 2172 Comes
573 2107 688 2172 Petrus
703 2107 787 2174 filios
806 2109 920 2189 Durug
935 2106 1089 2174 similiter
1115 2128 1173 2193 pro
1199 2128 1245 2190 se,
1272 2107 1453 2172 Laureneio

324 2219 355 2277 st
370 2211 506 2277 Nioolao
523 2211 677 2278 fratribus
692 2213 759 2279 sois
776 2215 816 2280 ab
844 2213 956 2292 altera,
984 2233 1090 2280 eoram
1117 2213 1209 2280 nobis
1236 2212 1453 2297 personaliter

325 2317 492 2384 constituti
508 2327 743 2403 proposuerunt
759 2322 793 2386 in
810 2321 893 2387 hune
910 2321 1061 2388 modurn:
1089 2320 1175 2404 quod
1198 2319 1357 2404 quasdam
1384 2338 1453 2403 pos·

324 2425 488 2493 sessiones
504 2445 581 2493 suas
598 2426 822 2511 hereditarias,
840 2435 874 2492 vt
891 2427 1054 2514 dioebant,
1072 2427 1114 2494 ad
1131 2427 1269 2493 innioem
1280 2425 1453 2493 oambiuis-

326 2539 399 2597 sent
414 2531 474 2597 tali
492 2533 597 2618 modo,
614 2531 700 2618 quod
716 2535 861 2619 prefatos
878 2533 1019 2600 Jaoobus
1036 2533 1276 2620 possessionem
1292 2533 1453 2599 Demetur

322 2645 482 2725 vooatarn,
499 2640 531 2706 in
549 2661 613 2724 qna
629 2641 767 2708 eeclesia
793 2641 826 2706 in
851 2641 973 2708 honore
1000 2641 1093 2709 Beati
1120 2639 1281 2726 Demetrij
1308 2640 1454 2707 martiris

322 2745 441 2812 dieitur
456 2766 528 2814 esse
543 2754 737 2833 oonstrueta‚
753 2755 786 2814 et
802 2747 901 2813 aliam
918 2747 1158 2834 possessionem
1174 2747 1319 2832 Tamasy
1337 2749 1451 2834 appel·

324 2853 434 2940 latam,
453 2855 486 2920 in
502 2875 568 2940 qua
584 2855 725 2922 ecelesia
742 2855 774 2921 in
791 2855 913 2922 honore
939 2855 1051 2922 Saneti
1077 2855 1208 2921 Martini
1235 2853 1356 2922 dieitur
1382 2856 1454 2922 tore

324 2961 469 3046 fundata,
485 2963 520 3029 in
545 2961 706 3029 eomitatu
733 2961 773 3028 de
798 2961 950 3029 Zoboueh
978 2963 1166 3050 existentes,
1193 2983 1263 3028 eum
1299 2961 1453 3029 omnibns
1554 3053 1555 3056 Ἴ

323 3067 518 3136 vtilitatibus
534 3069 708 3136 earundem
725 3077 756 3136 et
772 3069 986 3156 pertineneijs
1011 3070 1193 3136 Laurenoio
1220 3069 1287 3136 filio
1312 3070 1456 3151 Nieolai‚
1481 3151 1487 3156 .
1554 3149 1555 3164 χ

322 3177 444 3244 Jaeobo
459 3177 527 3244 filio
542 3175 636 3244 Pauli
653 3181 686 3241 et
701 3173 1071 3262 frat1·esuo‚Ladizlauo
1089 3179 1129 3243 de
1148 3177 1261 3265 Gesty,
1278 3177 1455 3244 Dominieo

328 3285 394 3351 filio
409 3285 553 3372 Marsya,
569 3285 718 3352 Johanne
733 3283 801 3351 filio
819 3282 976 3372 Ohepani,
989 3283 1202 3369 cristophoro
1211 3285 1278 3351 filio
1287 3283 1459 3370 Gybouloh

322 3399 355 3456 et
370 3391 472 3458 fratre
489 3389 644 3478 eiusdem,
660 3391 883 3476 generacionis
901 3413 958 3459 sue
985 3393 1144 3475 cognatis,
1168 3391 1261 3461 iuxta
1285 3393 1454 3459 eontinen-

323 3497 405 3566 oiam
421 3499 605 3566 litterarum
631 3499 774 3584 Capituli
800 3498 981 3584 Agriensis
1006 3506 1101 3584 prout
1126 3498 1160 3563 in
1186 3497 1309 3565 eisdem
1334 3499 1458 3566 litteris

322 3625 379 3690 per
396 3606 501 3692 ipsum
518 3606 675 3676 Jaoobum
692 3609 785 3673 nobis
802 3607 996 3692 presentatis
1025 3606 1183 3674 eontineri
1209 3607 1361 3691 vidimus,
1378 3625 1459 3673 oon·

322 3714 541 3781 sencientibus
559 3721 592 3781 et
623 3716 890 3802 permittentibus,
922 3716 955 3781 in
987 3715 1211 3783 ooneambinm
1245 3713 1461 3798 quarundam

324 3824 566 3908 possessionum
583 3823 661 3889 dieti
680 3821 814 3890 Comitis
830 3825 918 3892 Petri
934 3831 966 3892 et
983 3823 1118 3890 fratrum
1133 3843 1272 3910 suornm,
1296 3821 1396 3890 [haas
1427 3829 1463 3887 et
1553 3857 1554 3876 z

321 3929 469 3996 Baranns
484 3937 669 3998 voeatarum
687 3932 719 3996 in
737 3930 849 4000 eodem
867 3933 1030 4000 Comitatu
1046 3931 1267 4015 existeneium,
1285 3929 1464 3998 dedissent

326 4043 359 4102 et
374 4036 599 4122 assignassent
616 4039 737 4106 eisdem
755 4040 832 4126 filijs
848 4039 962 4124 Durog
980 4047 1011 4106 et
1026 4059 1084 4126 per
1109 4040 1199 4124 ipsos
1225 4039 1370 4124 ipsorum
1399 4038 1462 4102 he·

323 4142 458 4211 redibas
476 4145 544 4212 iure
569 4155 726 4234 perpetuo
747 4161 779 4215 et
796 4148 1053 4216 irreuoeabiliter
1078 4144 1329 4232 possidendam
1347 4163 1466 4225 qnem-

322 4249 495 4319 admodum
527 4273 545 4320 e
562 4273 716 4322 eonuerso
747 4257 818 4340 ipse
844 4254 959 4322 Comes
975 4253 1091 4322 Petrus
1108 4253 1305 4338 presoriptas
1323 4271 1464 4336 posses·

321 4357 430 4425 siones
447 4379 524 4427 suas
541 4361 642 4428 Ihaaz
670 4369 703 4430 et
727 4361 879 4431 Baranus
906 4354 1092 4430 nominatas
1118 4361 1246 4445 prefato
1272 4359 1398 4426 Jaoobo
1430 4371 1467 4425 et

320 4465 386 4531 suis
403 4463 575 4535 heredibus
593 4469 848 4536 irreuoeabiliter·
864 4469 1067 4554 assignauit5
1096 4473 1293 4535 memoratus
1319 4467 1467 4535 niehilo-
1552 4477 1553 4549 g

322 4573 430 4640 minus
447 4575 562 4643 Comes
578 4577 695 4644 Petrus
710 4577 844 4646 raoione
860 4576 938 4644 dieti
964 4576 1145 4662 oonoambij
1173 4573 1300 4663 prefato
1326 4575 1469 4643 Jaeobo
