3170 5166
275 512 330 596 qui
347 519 417 579 eret
431 511 576 580 seruiens
592 517 712 596 noster,
731 513 873 596 quisine
888 513 1011 582 herede
1043 516 1259 604 decesserunt·
1292 521 1320 586 ei
1342 521 1397 590 ali-

273 622 344 706 quis
360 621 402 688 de
417 620 561 706 ipeomm
578 619 690 688 radice
706 619 750 687 ad
766 640 825 688 roe
840 623 977 708 uenerit,
994 629 1026 689 et
1040 643 1098 692 uos
1114 624 1278 712 petiuerit,
1303 647 1393 711 super

267 731 341 814 ipsa
357 734 444 795 terra
459 728 566 813 ipsum
581 731 790 812 protegentes
816 729 972 815 teneatis3
1005 731 1034 798 ei
1063 731 1249 798 uendiderit
1279 732 1391 820 preeio,

264 835 460 922 comparetis
476 835 518 902 ab
536 832 650 902 eodem
666 834 721 901 uel
737 834 780 900 ab
796 833 927 923 eisdem,
944 841 1000 910 aut
1031 838 1060 906 ei
1091 837 1202 906 nullus
1234 840 1392 924 reperiere

264 944 430 1010 audiretur
446 961 486 1008 ex
502 941 595 1030 ipsis,
611 943 717 1027 ipsam
733 950 853 1010 terram
870 944 1039 1014 Secundus
1055 946 1197 1029 Telequi
1221 951 1257 1012 ut
1273 945 1391 1014 desola-

262 1059 329 1117 tam
345 1051 483 1135 potestis
499 1055 619 1118 tenere.
635 1052 719 1116 Item
736 1049 777 1116 de
793 1049 880 1118 facto
913 1059 1007 1137 terre,
1039 1073 1137 1137 quam
1168 1054 1282 1120 Petrus
1311 1053 1392 1121 tilius

261 1157 374 1224 Raaoh
390 1157 461 1225 uult
477 1157 595 1241 exequi
611 1157 739 1224 nomine
755 1157 951 1246 Pothfolwa
977 1157 1037 1226 sed
1068 1159 1174 1243 primo
1206 1159 1279 1227 Lod
1294 1199 1333 1230 .—
1354 1196 1387 1208 -

261 1265 352 1352 feldy
367 1267 565 1350 uocabatur3
587 1265 628 1330 de
645 1284 685 1331 ea
701 1263 749 1332 eie
764 1265 846 1333 seire
863 1266 1000 1354 debetis,
1016 1267 1102 1350 quod
1126 1267 1234 1352 ipsam
1268 1271 1384 1333 terram

269 1391 332 1456 que
347 1373 564 1460 Byseeuorum
583 1379 661 1456 erat,
681 1377 713 1438 et
728 1375 799 1439 eine
815 1371 937 1439 herede
953 1372 1170 1458 decesserunt,
1189 1373 1277 1441 Poth
1306 1373 1392 1438 Pala·

264 1482 353 1549 tinus
385 1501 406 1546 a
445 1479 577 1547 domino
607 1481 697 1563 Rege
737 1479 869 1546 Andrea
908 1480 1078 1566 postulans
1109 1499 1168 1566 pro
1201 1480 1396 1564 quibusdam

194 1605 197 1612 ’
263 1587 415 1672 seruieije
447 1586 621 1669 aequieiuit
652 1593 783 1670 propter
798 1587 994 1670 probitatem
1010 1587 1132 1666 Raaeh‚
1150 1586 1207 1670 qui
1223 1584 1267 1652 ad
1292 1589 1395 1670 ipsum

266 1695 349 1762 Poth
380 1694 564 1760 Palatinum
581 1699 665 1758 ⁴erat
694 1691 852 1779 ydoneus,
888 1693 1051 1777 quandam
1082 1693 1277 1780 particulam
1306 1691 1395 1758 metie

265 1800 471 1885 distingendo
487 1801 521 1867 in
538 1801 611 1884 ipsa
627 1806 715 1865 terra
731 1800 913 1868 donauerat
945 1807 1099 1887 perpetuo
1142 1799 1324 1888 possidere,
1365 1807 1395 1865 et

259 1908 423 1977 residuum
438 1915 524 1975 terre
539 1907 644 1992 ipsius
660 1905 722 1990 ipsi
739 1905 823 1973 Poth
839 1907 992 1975 Palatino
1021 1927 1080 1992 per
1096 1909 1395 1998 detepoionemjp-

259 2015 329 2082 eius
363 2015 476 2082 Raaeh
500 2018 761 2099 perpetrauerat.
791 2013 866 2079 Jam
897 2035 968 2080 eum
998 2013 1121 2099 hijdem
1153 2014 1296 2100 Byeeeni
1326 2012 1393 2082 eine

260 2121 378 2189 herede
403 2122 532 2188 deoeoei
563 2125 680 2206 essent,
712 2125 744 2184 et
773 2119 847 2206 ipea
879 2128 965 2188 terra
993 2119 1109 2189 fuisset
1141 2122 1198 2189 diu
1231 2121 1388 2202 desolata,

263 2229 381 2298 Petrus
397 2229 463 2294 iam
478 2227 564 2294 filius
580 2225 693 2292 Raaeh
709 2227 817 2313 ipsum
833 2233 954 2294 terram
970 2227 1156 2296 Pothfolwa
1171 2247 1232 2313 pro
1249 2227 1326 2294 dote
1342 2247 1392 2294 eu·

262 2335 391 2404 iuedam
406 2335 524 2404 sororis
540 2353 598 2402 aue
613 2332 824 2419 perquireret,
841 2353 904 2417 que
920 2333 1050 2418 quidem
1072 2341 1162 2402 terra
1192 2353 1256 2401 nee
1287 2341 1396 2401 nostre

266 2451 316 2511 eet
331 2464 391 2510 nee
406 2441 509 2528 ipsius
523 2465 530 2526 3
547 2439 633 2507 vnde
649 2440 720 2525 puri
736 2447 811 2506 roto
828 2460 901 2506 eum
919 2441 1032 2509 eodem
1063 2441 1157 2507 Petro
1190 2443 1393 2526 alloquentes

259 2553 347 2620 faeta
362 2551 522 2618 diuisione
537 2568 607 2615 oum
627 2544 738 2614 eodem
755 2547 788 2612 in
816 2554 886 2614 tota
918 2549 977 2616 illa
1007 2549 1144 2632 potestis
1176 2549 1297 2633 partiri
1327 2568 1395 2617 eum

260 2657 375 2726 eodem
392 2663 424 2724 et
438 2664 595 2743 perpetuo
611 2654 788 2740 possidere.
815 2654 870 2720 Sie
901 2657 992 2722 uadit
1023 2655 1064 2721 de
1094 2661 1179 2722 terra
1210 2655 1395 2724 Pothfolwa

261 2769 331 2838 siue
347 2765 567 2851 Chedueseldy
582 2763 778 2849 supradicta.

268 2967 404 3034 (Eredetie
417 2961 586 3027 bdrhtrtyr'eu
599 2960 692 3027 peoset
705 2958 807 3016 ndlkill,
820 2975 837 3009 a
856 2975 889 3008 ιιι.
905 2959 932 3012 b.
951 2957 1046 3023 Riray
1065 2955 1160 3010 cealdd
1173 2955 1384 3022 loveltirtban.)

721 3226 935 3236 *—

782 3635 861 3703 315.

265 3837 511 3925 Tdouenylrozeei
526 3836 698 3921 bizooyedq
714 3833 819 3899 ιῙάιιοε
837 3853 933 3898 eomer
950 3831 1166 3898 Garaooeoae
1184 3831 1239 3913 flu
1270 3834 1394 3896 re‘eadre

261 3949 397 4015 Groneh
406 3945 475 4028 fiai
496 3947 528 4010 da
544 3941 768 4009 erdetteroait
783 3941 946 4006 iddzteteae
962 3937 1154 4025 torpyehao.
1186 3916 1238 4002 Eo
1270 3939 1396 4004 aeteri.

368 4143 488 4207 Datum
503 4160 562 4225 pro
578 4136 752 4205 memoria:
768 4136 855 4220 quod
872 4134 986 4202 (tomes
1000 4133 1144 4200 Abraam
1159 4129 1255 4218 :filius
1290 4133 1396 4219 (iuge,

257 4271 357 4336 quem
373 4267 445 4317 oum
463 4245 589 4314 Gemite
604 4246 754 4314 Johamre
769 4243 835 4312 filio
851 4243 1004 4312 Garabue
1020 4237 1066 4307 ad
1096 4238 1263 4306 eituudum
1297 4241 1397 4308 mise·

260 4373 379 4436 ramus,
395 4355 438 4423 ad
453 4373 513 4424 noe
528 4369 678 4422 reuereri
695 4350 779 4420 dixit
793 4351 872 4420 vira
902 4369 990 4436 voee,
1015 4345 1103 4434 quod
1131 4345 1216 4414 feria
1245 4346 1396 4414 seeundo

260 4461 411 4549 proxima
427 4469 502 4549 poet
517 4467 651 4530 ootauae
666 4459 760 4528 Beati
783 4457 969 4546 ‘Myohuelis
999 4455 1201 4541 Arohangeli
1231 4450 1396 4523 comitem

262 4567 423 4636 iacobum
440 4575 472 4638 et
487 4567 672 4636 iohannem
685 4566 771 4637 filios
802 4566 934 4636 Grauoh
965 4564 999 4634 in
1028 4561 1109 4633 uilla
1139 4561 1283 4648 ipsorum
1316 4557 1395 4646 Inep
