3120 5172
647 927 723 996 229.

104 1123 145 1187 A
161 1125 301 1190 monadi
322 1124 546 1210 kdptataaaole
571 1145 594 1188 a
610 1125 763 1190 Haraszta'
787 1125 1017 1212 acmaetstqbeta'
1042 1126 1195 1192 Leuatuclt
1212 1127 1248 1192 ee

113 1227 275 1310 Lothard,
293 1229 494 1313 Rotaodfia,
513 1231 595 1295 teari
620 1230 753 1296 Adrion
777 1233 902 1318 helyetq
918 1231 1112 1318 solerteatrc
1136 1243 1245 1298 conut-

204 1337 281 1402 koao'
292 1361 390 1423 perce
406 1340 574 1425 eypcsatqet
589 1341 750 1424 tctrqyuao‘
764 1339 1034 1425 brkooyactqtcoclc.
1053 1335 1153 1404 1299.

223 1527 412 1618 Capitulum
428 1533 577 1599 Ecclesia
594 1531 829 1599 Chenadiensis
854 1532 1015 1600 uniuersis
1032 1530 1152 1598 Christi
1167 1531 1242 1597 fide·

114 1637 202 1704 libus
219 1657 354 1722 presens
371 1640 526 1726 scriptum
536 1639 730 1723 inspecturis
746 1639 886 1707 salutem
896 1640 929 1704 in
946 1639 1061 1707 salutis
1076 1637 1243 1722 largitore.

113 1743 165 1808 Ad
190 1743 418 1812 uniuersorum
444 1745 598 1812 noticiam
624 1745 738 1811 harum
763 1745 846 1814 serie
877 1747 1025 1813 volumus
1056 1743 1244 1831 peruenire;

109 1849 201 1932 qnod
218 1850 432 1918 Leustachius
459 1851 546 1918 filius
572 1852 724 1920 Barnabe
748 1852 789 1918 de
816 1873 935 1936 genere
959 1851 1104 1918 Harazth
1120 1852 1161 1917 ab
1178 1869 1244 1916 una

113 1963 228 2041 parte;
243 1957 427 2025 Lethardus
444 1958 530 2026 filius
557 1957 698 2024 Rolandi
724 1979 766 2024 ex
782 1958 887 2024 altera
904 1979 1011 2025 coram
1028 1959 1121 2024 nobis
1137 1974 1244 2042 perso·

114 2063 236 2130 naliter
258 2065 428 2133 constituti
454 2064 627 2150 dixerunt5
660 2064 747 2149 quod
773 2067 850 2132 licet
875 2085 975 2136 causa
991 2064 1169 2151 questionis
1185 2081 1243 2130 seu

113 2170 181 2238 litis
198 2170 291 2240 aceio
308 2193 405 2258 super
420 2171 507 2240 tacto
525 2171 737 2238 dimidietatis
754 2172 923 2240 cuiusdam
950 2180 1034 2240 terre
1049 2171 1174 2238 Adrian
1191 2191 1245 2238 vo·

112 2285 198 2365 cate,
214 2298 313 2360 quam
329 2277 438 2345 dictus
452 2277 639 2347 Lethardus
664 2301 685 2346 a
699 2279 856 2346 Ladizlao
882 2280 948 2346 filio
973 2279 1104 2365 Mykou
1121 2281 1162 2346 de
1176 2299 1245 2365 pre·

111 2384 204 2450 dicta
219 2386 435 2469 generacione
451 2385 607 2474 Haranth,
623 2387 796 2474 ignorante
812 2393 844 2456 et
853 2409 917 2454 non
928 2387 1155 2456 consenciente
1164 2389 1245 2454 Len·

115 2491 245 2558 stachio
261 2493 437 2578 antedicto,
455 2493 507 2558 cui
523 2495 628 2560 altera
645 2493 831 2564 dimidietas
843 2495 1119 2564 iurehereditario
1131 2493 1245 2562 cedere

112 2599 333 2687 dinosseitur,
356 2601 534 2688 empcionis
566 2601 659 2668 titulo
686 2612 954 2690 compar-suerat,
971 2612 1066 2690 prout
1091 2602 1194 2669 eciam
1211 2603 1245 2667 in

112 2706 234 2772 litteris
251 2706 384 2775 Comitis
400 2708 559 2793 Stephani
578 2708 776 2777 Viceiudicis
802 2710 898 2777 Curia
923 2710 1046 2778 domini
1062 2709 1162 2795 Regis
1178 2710 1244 2793 ple·

109 2815 189 2881 nius
204 2815 345 2882 vidimus
371 2817 547 2902 contineri,
582 2817 701 2884 suisset
732 2818 815 2884 inter
840 2819 930 2904 ipsos
950 2817 1145 2903 susscitata,
1164 2815 1245 2883 etin

110 2921 287 3007 presencia
303 2921 442 3007 predicti
463 2923 596 2991 Comitis
612 2925 770 3010 Stephani
786 2924 913 2992 diucius
937 2924 1116 3008 ventilata3
1135 2932 1245 2988 tamen

108 3049 173 3114 per
190 3027 432 3098 ordinacionem
448 3029 593 3098 eiusdem
613 3031 746 3099 Comitis
762 3031 808 3097 St.
826 3031 938 3096 ordine
964 3029 1044 3098 iuris
1071 3031 1244 3096 obseruate

112 3137 162 3202 ad
179 3137 309 3204 haeres
324 3137 521 3220 deuenisset,
538 3139 666 3205 sicutin
677 3137 792 3204 litteris
810 3138 955 3204 eiusdem
972 3153 1125 3222 expresse
1141 3135 1246 3202 iuerat

108 3241 339 3309 declaratum:
379 3243 465 3328 quod
505 3245 582 3326 quia
620 3244 707 3312 idem
745 3243 961 3314 Leustachius
992 3243 1056 3328 ipsi
1089 3241 1244 3310 Ladizlao

108 3351 150 3416 in
165 3349 255 3415 linea
276 3352 590 3435 consanguineitatis
607 3352 796 3437 proximiori
813 3351 988 3438 adiaceret,
1006 3357 1038 3418 et
1053 3348 1142 3416 dicta
1158 3359 1245 3416 terra

106 3456 302 3524 vendicioni
328 3459 476 3544 exposita
500 3458 617 3526 fuisset
633 3458 704 3543 ipso
731 3459 896 3526 nesciente
912 3476 1041 3543 3coram
1056 3456 1180 3525 Gemite
1196 3456 1243 3522 st.

104 3565 183 3632 filio
200 3563 297 3630 Alexi
312 3565 443 3632 homine
459 3564 584 3632 domini
600 3567 700 3650 Regis
721 3573 754 3632 et
763 3566 894 3633 homine
910 3573 1023 3634 nostro
1039 3566 1081 3632 ad
1097 3565 1158 3633 hoe
1174 3583 1245 3650 spe-

103 3669 246 3738 cialiter
262 3670 426 3738 destinato
455 3691 513 3755 per
538 3673 703 3740 Andream
719 3673 845 3741 Bonum
872 3679 904 3739 et
934 3675 1126 3758 Magistrum
1151 3673 1246 3738 Nico·

101 3781 218 3864 laum,
236 3797 316 3860 quos
332 3779 545 3845 Laustachius
558 3780 740 3864 adduceret,
752 3781 828 3847 item
838 3781 1035 3848 Bernoldnm
1046 3781 1146 3847 filium
1157 3779 1245 3864 Bele,

101 3883 321 3953 Gothardum
338 3886 441 3952 filium
458 3886 585 3974 Jaecbi,
603 3894 635 3953 et
651 3889 842 3956 Michaelem
869 3887 908 3953 de
924 3887 1112 3971 Zeguedino
1122 3938 1131 3973 ,
1163 3905 1244 3970 quos

100 3991 304 4060 Lethardus
322 3992 500 4061 adduceret
511 4003 716 4080 memoratus,
725 4003 813 4062 terra
823 3994 996 4080 antedicta,
1012 3995 1246 4077 circumspecta

101 4119 176 4169 sna
192 4100 356 4181 qualitate
372 4109 404 4168 et
412 4103 603 4190 quantitate,
615 4103 778 4188 condigna
793 4103 1010 4172 extimacione
1027 4103 1245 4188 extimaretur,

98 4213 142 4276 et
162 4213 260 4274 tanta
275 4209 572 4295 sumpmapecunie
588 4211 753 4278 Lothardo
768 4213 946 4299 persoluta,
962 4230 1022 4297 pro
1040 4215 1164 4292 quanta
1180 4207 1245 4274 fue-

97 4314 156 4384 rit
172 4331 232 4399 per
248 4313 380 4380 eosdem
398 4317 564 4405 extimata,
579 4320 777 4386 Leustachio
798 4325 993 4386 statueretur
1009 4335 1049 4382 ac
1063 4316 1245 4383 restituere·

95 4433 167 4490 tur
182 4419 387 4505 possidenda
403 4423 640 4492 consuetudine
659 4425 764 4510 Regni
789 4426 972 4512 approbata
998 4422 1158 4508 exigente.
1175 4424 1245 4490 Nos

89 4527 217 4614 igitur
233 4545 307 4594 eum
333 4528 376 4595 ad
402 4531 512 4598 omnia
537 4529 683 4617 predicta
715 4538 746 4600 et
761 4531 890 4615 singula
921 4531 1138 4615 predictorum
1169 4551 1246 4600 exe·
