3170 5166
911 903 988 970 321.
1027 918 1034 931 '

386 1099 636 1185 Toroeaykozeai
652 1100 819 1187 eleopolo‘a
835 1124 883 1208 αἱ
893 1101 979 1165 Etru
987 1099 1115 1183 fior‘aok
1132 1100 1232 1166 Keled
1257 1101 1353 1166 eliani
1377 1102 1514 1188 portora.
1574 1127 1575 1200 }

851 1209 902 1271 Eo
918 1203 1035 1272 mtkrtl.

489 1397 613 1469 Damus
628 1421 687 1487 pro
702 1400 866 1484 memoria,
883 1398 970 1482 quod
986 1417 1120 1468 oausam
1139 1419 1236 1482 qoam
1248 1401 1383 1490 Kemsp,
1394 1403 1509 1470 Renol-
1574 1461 1575 1468 ,

382 1504 442 1571 dus
459 1511 491 1572 et
508 1503 600 1573 Ghak
616 1507 675 1592 filij
694 1505 787 1573 Ebed
803 1507 1020 1592 personaliter
1035 1513 1183 1575 astantes
1210 1507 1377 1576 habebant
1401 1528 1512 1576 eoram
1574 1523 1575 1578 ξ

381 1610 474 1679 nobis
490 1612 524 1679 in
539 1612 665 1680 sotanis
680 1611 833 1700 Episanie
848 1613 979 1681 Domini
996 1619 1109 1680 eontra
1134 1613 1238 1698 Keled
1268 1614 1371 1682 tilium
1403 1614 1513 1680 Keled
1574 1661 1575 1664 ,

380 1719 598 1803 personaliter
612 1725 784 1805 astantem,
802 1718 845 1787 ad
862 1721 1057 1805 peticionem
1083 1720 1239 1803 Magistri
1263 1719 1437 1805 Laurenoij
1457 1719 1512 1785 Oo-
1574 1769 1575 1800 2

382 1825 469 1893 mitis
485 1825 716 1913 Suprnniensis
732 1832 843 1912 partes
859 1833 947 1895 statu
963 1827 1063 1911 priori
1088 1825 1132 1893 ad
1149 1835 1283 1894 oetanas
1306 1826 1518 1894 Penteoostes

380 1941 598 2017 prorogarunt
614 1933 656 2000 de
681 1940 794 2002 nostru
819 1932 1051 2016 permissione3
1083 1933 1130 2000 ita
1161 1941 1281 2021 tamen,
1311 1934 1399 2019 quod
1428 1932 1516 1998 idem

380 2035 596 2126 Laurenoius}
611 2037 726 2107 Comes
752 2039 985 2126 supruniensis
1016 2039 1204 2126 assumpsit,
1235 2040 1321 2126 quod
1352 2039 1517 2106 adiunctis

327 2163 330 2170 ’
379 2145 443 2213 sibi
458 2148 603 2215 Abraam
619 2146 743 2216 Gemite
764 2151 895 2235 Magno,
912 2148 1067 2237 Ohepano
1085 2149 1151 2218 filio
1181 2148 1356 2234 Kanmerij,
1392 2145 1516 2231 Grego-

381 2253 429 2321 rio
444 2252 512 2320 filio
528 2253 662 2322 Comitis
677 2254 775 2341 Petri,
791 2254 923 2325 Androa
938 2257 1040 2324 fratre
1056 2253 1203 2323 eiusdem
1214 2255 1364 2341 Gregorij
1387 2253 1511 2320 et'Pho-
1574 2337 1575 2340 Ἴ

381 2381 435 2427 rna
451 2361 517 2428 filio
533 2361 655 2450 Bonan,
672 2382 752 2446 quos
768 2365 841 2448 ipse
858 2364 943 2432 idem
960 2364 1078 2434 dooere
1093 2363 1282 2450 assumpsit,
1299 2362 1406 2430 medio
1431 2381 1510 2446 quo

380 2486 452 2534 rum
468 2467 568 2535 toreio
585 2468 638 2538 die
654 2476 729 2554 post
743 2469 873 2538 Pasaha
887 2470 1019 2540 Domini
1035 2474 1069 2540 in
1084 2470 1166 2538 villu
1181 2469 1302 2556 Nykoh
1327 2489 1427 2554 snper
1444 2489 1507 2535 om·

382 2571 476 2642 nibus
492 2574 609 2661 musis,
627 2578 857 2662 oontrouarsijs
873 2584 906 2646 et
921 2579 1072 2666 dampnis
1088 2583 1280 2660 eognoseoet
1295 2581 1328 2643 st
1343 2575 1512 2644 arbitrium

378 2681 485 2766 iaoiet,
502 2681 535 2748 in
552 2681 615 2751 fide
630 2684 700 2751 Deo
716 2683 837 2770 debita,
854 2692 948 2772 prout
963 2684 1004 2752 de
1021 2684 1170 2752 omnibus
1195 2682 1292 2750 fastis
1324 2681 1421 2749 seiuit
1452 2684 1512 2750 ali-

378 2788 457 2873 quid
472 2792 526 2859 uel
542 2791 626 2859 seire
640 2793 759 2878 poterit
775 2793 905 2860 iustioia
919 2792 1093 2875 mediante,
1104 2797 1242 2880 protono
1251 2789 1374 2858 nomm
1385 2809 1512 2875 posses-

381 2895 508 2964 sionum
526 2907 717 2982 cognossent
733 2905 766 2966 et
780 2919 878 2986 super
892 2899 980 2966 facto
995 2898 1101 2968 Keled
1117 2897 1264 2966 similiter
1280 2896 1315 2963 in
1332 2895 1420 2962 farto
1436 2915 1510 2980 pos-

379 3005 555 3094 sessionis;
570 3009 618 3074 ita
633 3008 764 3092 quidem
780 3010 867 3093 quod
884 3028 974 3094 pars,
991 3027 1054 3090 que
1071 3006 1112 3074 de
1137 3005 1272 3074 arbitrio
1286 3002 1391 3090 ipsius
1406 3000 1513 3069 Corni-

378 3113 420 3179 tis
436 3113 611 3200 Laurenoij
630 3121 662 3181 et
677 3115 838 3183 sociorum
854 3133 987 3182 suorum
1003 3112 1165 3198 resilierit,
1182 3112 1267 3180 siout
1299 3109 1363 3176 hoa
1393 3116 1511 3192 partes

378 3226 495 3306 sponte
510 3219 695 3306 voluerunt,
712 3220 818 3290 soluet
834 3221 971 3306 triginta
986 3239 1114 3288 mareas
1131 3225 1208 3286 anta
1222 3217 1313 3284 litem
1341 3217 1429 3300 parti
1463 3235 1515 3281 ar·
1574 3287 1575 3296 χ

378 3327 506 3395 bitrium
524 3329 693 3415 toleranti;
709 3336 742 3398 at
757 3337 853 3416 prout
868 3329 952 3396 inter
969 3337 1079 3413 partes
1106 3325 1168 3393 hoe
1193 3326 1292 3392 fuerit
1323 3323 1461 3408 fastum,
1478 3322 1514 3386 'nr
1574 3303 1575 3324 ¹

377 3433 533 3518 predictis
549 3435 674 3503 oetaeis
689 3437 896 3504 Pentecostes
913 3435 1035 3502 debent
1061 3432 1155 3500 nobis
1172 3417 1326 3497 exhibere
1341 3429 1377 3495 in
1390 3426 1517 3494 litteris
1574 3455 1575 3520 3

378 3540 515 3610 Comitis
530 3543 702 3629 Laurenoij
721 3549 755 3611 et
770 3543 932 3611 sotiorum
948 3561 1078 3610 snorum
1095 3537 1323 3627 predictorum.
1339 3537 1467 3602 Datum
1482 3534 1517 3599 in

377 3649 523 3736 Fyzegto
540 3651 653 3733 quinto
670 3651 723 3718 die
739 3651 976 3736 quindenarum
993 3648 1147 3735 Epifanis
1162 3644 1306 3712 Domini.

485 3758 697 3826 Kivolror
720 3778 985 3846 ugyanazon
1009 3751 1356 3822 kez:Pr0Renoldo
1382 3757 1416 3816 et
1435 3747 1519 3832 alijs
1574 3831 1575 3834 Ἴ

377 3875 491 3934 eontra
507 3867 612 3934 Keled
627 3865 730 3933 filium
745 3867 857 3934 Keled.

378 4063 516 4128 (Eredetie
547 4060 721 4129 bo'rhirtyan,
734 4063 861 4130 melynek
878 4059 1033 4130 zirpsosete
1052 4059 1110 4113 mar
1130 4059 1277 4122 lehullott3
1304 4073 1321 4108 a
1335 4069 1422 4106 noma.
1452 4069 1514 4104 mu·

772 4169 849 4204 neunt
863 4149 1107 4214 utairattartban.)

835 4420 1043 4429 *auu—..m
