3098 5172
299 1147 584 1233 Jauorsopronce
601 1144 666 1211 Vua
675 1145 1052 1234 mepydlcsdicpdoydnok
1061 1144 1430 1235 bisoopsdplevelsdtopy
1545 1173 1546 1194 ¹

302 1253 405 1320 Hes-ia
419 1253 650 1338 comtemplari
669 1252 777 1318 Tiona
787 1253 947 1321 comemelc
954 1255 1024 1338 fini
1039 1257 1070 1320 ds
1086 1253 1187 1328 Poris
1203 1257 1360 1321 commodo
1367 1257 1430 1341 fiai
1545 1233 1546 1286 3

401 1358 482 1446 (dely
496 1358 640 1426 birtokru
656 1361 748 1424 udam
763 1361 997 1447 durdtsdqoaau
1013 1361 1223 1448 epyczlcedtek.
1241 1365 1340 1432 1295.
1545 1359 1546 1366 ’

407 1555 475 1622 Mos
492 1555 648 1639 Magister
672 1553 842 1622 lohannes
867 1553 984 1622 Comes
1009 1555 1242 1641 Suprnniensls
1266 1562 1300 1622 et
1322 1557 1428 1626 Oestri
1545 1589 1546 1594 ¹

301 1661 412 1730 Ferret
439 1663 594 1729 memorie
625 1659 890 1728 commendantes
933 1661 1153 1745 significamus
1180 1661 1339 1731 uniuersis
1364 1667 1431 1750 qni·
1545 1699 1546 1726 t

299 1771 359 1836 hus
384 1768 518 1854 expedit
541 1768 746 1853 presencium
777 1789 836 1856 per
870 1774 1039 1854 tenorem,
1071 1769 1157 1853 qnod
1173 1788 1246 1834 enm
1263 1770 1430 1839 lohannes

302 1877 428 1963 (lomes,
445 1875 575 1942 Thioan
592 1881 624 1942 et
633 1877 739 1962 Luta,
756 1876 815 1960 filij
834 1876 969 1942 Comitis
985 1875 1301 1960 'rhinandegenere
1316 1877 1428 1964 Herio,

305 1983 497 2068 Magistrum
515 1983 691 2051 Emiricnm
713 1984 910 2068 etEgidinm
921 1982 1006 2050 lilios
1017 1983 1154 2051 Comitis
1164 1983 1292 2051 Paridis
1310 2003 1430 2068 genere
1545 2061 1546 2072 χ

301 2093 341 2160 de
353 2091 467 2160 eodem
484 2110 582 2200 snpep
597 2091 685 2158 facto
710 2091 953 2177 possessionum
981 2109 1114 2156 suarum
1132 2091 1217 2175 dely
1242 2096 1429 2158 vocatarum
1545 2073 1546 2164 i

299 2200 342 2268 ad
357 2205 504 2266 nostram
527 2199 731 2283 presenciam
751 2205 955 2282 enecassent,
989 2197 1102 2264 ordine
1126 2196 1303 2282 judiciario
1330 2219 1432 2284 agere

300 2306 477 2393 cupientes,
495 2306 587 2373 coins
603 2305 750 2373 eiusdem
776 2311 888 2390 partes
913 2311 990 2372 ante
1010 2324 1104 2372 suam
1129 2305 1373 2390 responsionem
1389 2327 1429 2372 ex
1545 2339 1546 2342 ¹

299 2419 412 2482 nostra
426 2412 642 2498 permissione
659 2420 791 2497 propter
816 2414 936 2480 bonum
952 2413 1043 2498 pacis
1061 2413 1095 2477 in
1113 2412 1211 2478 talem
1230 2411 1373 2498 unionis,
1389 2413 1432 2479 le·
1545 2437 1546 2500 3

300 2519 387 2587 deris
405 2527 437 2587 et
452 2519 623 2587 concordie
639 2520 767 2586 titulum
793 2517 1015 2604 deuenerunt3
1043 2518 1127 2604 qnod
1143 2519 1244 2603 inem
1261 2518 1432 2588 Johannes

300 2627 429 2712 Comes,
447 2627 575 2692 Thinan
592 2634 624 2694 et
639 2627 736 2694 Luka
753 2627 795 2694 de
811 2627 906 2694 terris
924 2627 992 2693 suis
1009 2627 1189 2710 acquisitis,
1205 2629 1352 2712 exceptis
1368 2636 1432 2694 ter·

299 2735 345 2802 ris
362 2755 472 2802 eorum
488 2735 715 2821 hereditarijs,
748 2736 882 2802 exclusa
907 2735 1058 2819 porcione
1083 2733 1232 2818 Magistri
1249 2733 1385 2799 Emirici
1402 2741 1434 2799 et

301 2841 399 2927 Egidi
416 2845 644 2928 predictomm
670 2849 703 2908 et
719 2849 873 2928 exempta
898 2842 1051 2926 porcione
1076 2841 1237 2924 Stephani
1251 2841 1310 2926 filij
1328 2841 1433 2924 Magi·

302 2952 363 3017 stri
381 2952 506 3036 Jacobi,
523 2951 657 3018 terciam
676 2957 802 3036 partem
820 2950 910 3016 illins
927 2948 1110 3034 porcionis,
1136 2967 1234 3033 qnam
1250 2948 1314 3032 ipsi
1331 2948 1436 3033 possi-

300 3059 431 3147 debant,
447 3061 588 3126 vicinam
606 3067 638 3126 et
655 3057 864 3138 continuam,
890 3076 967 3141 ymo
992 3055 1197 3124 adiacentem
1217 3057 1313 3122 terris
1329 3057 1435 3140 Magi-
1545 3133 1546 3140 ,

300 3169 358 3235 stri
374 3167 508 3234 Emiriei
528 3173 559 3232 et
574 3165 671 3250 Egidi
689 3166 960 3251 prescriptorum,
987 3161 1155 3247 dederunt,
1176 3162 1387 3230 contulerunt
1403 3170 1437 3230 et
1545 3245 1546 3248 Ἴ

299 3275 506 3341 donancrnnt
520 3275 678 3357 Magistro
690 3274 832 3340 Emirico
855 3279 888 3339 et
903 3271 1104 3356 Egidiojure
1119 3277 1277 3357 perpetuo
1292 3273 1437 3356 pacifice
1545 3269 1546 3346 l

300 3388 333 3448 et
348 3385 454 3466 quiete
465 3383 771 3450 ncirreuocabiliter
781 3381 1014 3467 possidendam
1024 3381 1178 3448 heredum
1195 3398 1255 3465 per
1271 3379 1435 3462 heredes3
1545 3385 1546 3472 f

300 3489 361 3556 hoc
377 3490 515 3578 adiecto,
533 3492 619 3576 quod
635 3491 663 3558 si
689 3491 834 3576 parcium
850 3489 964 3572 aliqua
979 3509 1079 3574 super
1095 3488 1191 3556 factis
1208 3487 1386 3574 preteritis,
1405 3496 1438 3554 et
1545 3491 1546 3508 ¹

300 3598 486 3686 specialiter
501 3619 600 3686 super
624 3602 712 3668 iacto
737 3605 770 3665 et
786 3597 1015 3666 destruccione
1041 3597 1188 3680 predicte
1214 3595 1440 3682 possessionis

298 3706 374 3774 lites
391 3727 448 3774 sen
466 3707 650 3792 questiones
667 3707 813 3774 excitare
830 3706 1005 3787 noluerint,
1039 3725 1117 3790 pars
1135 3703 1249 3771 uolens
1265 3701 1439 3769 hostiliter

299 3833 398 3899 agere
415 3819 529 3882 contra
543 3820 670 3899 partem
687 3815 828 3880 alteram
843 3811 876 3877 in
903 3811 1141 3896 qninquaginta
1160 3810 1280 3876 marcis
1296 3811 1438 3876 connin·
1545 3829 1546 3834 ¹

300 3927 426 3988 caretur
452 3927 624 4005 tacentem,
640 3929 672 3987 et
686 3921 810 3988 nollem
823 3920 1002 4004 questionis
1018 3917 1189 3986 materiam
1206 3923 1440 4002 generantem,
1545 3917 1546 4008 ζ

299 4047 439 4096 necnon
456 4029 615 4115 presentis
640 4027 888 4114 composicionis
905 4046 946 4093 ac
961 4024 1178 4092 ordinacionis
1195 4023 1369 4089 materiam
1388 4025 1441 4090 in.

303 4136 500 4206 niolabiliter
515 4139 751 4205 obseruantem.
769 4137 946 4203 Voluerunt
973 4135 1076 4202 eciam
1092 4139 1212 4220 partes,
1229 4137 1264 4196 nt
1280 4149 1447 4214 persona·

300 4245 375 4311 liter
399 4243 593 4312 accederent
624 4245 667 4310 ad
694 4244 882 4330 Capitulum
902 4240 1050 4309 Ecclesia
1074 4239 1186 4306 Sancti
1203 4237 1377 4304 Michaelis
1396 4237 1444 4304 de

300 4353 413 4420 Castro
430 4353 558 4437 Ferreo,
575 4359 607 4418 et
622 4357 765 4418 nostrum
777 4349 987 4435 priuilegium
1004 4367 1076 4415 cum
1093 4345 1267 4432 priuilegio
1283 4345 1443 4411 eiusdem
1525 4341 1527 4344 ’

301 4459 444 4546 Capituli
460 4460 695 4529 confirmarent

300 4637 338 4704 (Δ
351 4637 464 4691 vasvdri
477 4636 669 4706 hiptalannak
680 4652 772 4704 ugyan
787 4639 896 4688 taso-ki
916 4633 1073 4695 ttiratdbdl,
1092 4635 1161 4684 mint
1173 4627 1255 4683 altbb
1268 4630 1328 4681 135.
1342 4646 1384 4682 sa.
1402 4633 1447 4700 a.)
1545 4657 1546 4668 κ
