3098 5172
847 353 1008 454 Q

361 557 425 624 sub
442 553 564 622 vexillo
580 552 683 636 Regio
699 549 877 617 militantes
894 546 1107 632 gratulantur,
1124 545 1217 614 nulla
1233 563 1369 632 prorsus
1384 543 1420 610 de
1432 563 1473 610 ee·

359 671 429 731 tero
445 662 584 750 pristine
600 656 802 726 condicionis
819 655 948 723 macula
961 656 996 723 iu
1023 655 1071 723 cis
1095 661 1296 725 remanente.
1325 651 1368 718 Vt
1389 651 1471 735 igitur

359 773 455 839 huius
471 775 582 837 nostre
598 763 812 851 exemptionis
828 765 928 832 series
944 763 1044 832 robur
1059 764 1209 849 optineat
1223 768 1381 848 perpetue
1393 759 1472 826 firni-

361 881 453 965 tatis,
469 875 632 964 presentis
650 869 735 960 (tgy)
752 871 972 939 concessimus
987 870 1114 938 litteras
1130 868 1295 954 dupplicis
1311 865 1408 953 sigilli
1429 889 1473 934 no·

361 987 421 1056 stri
437 983 613 1052 munimine
629 984 809 1049 roboratas.
836 979 958 1045 Datum
985 999 1043 1066 per
1068 998 1184 1046 manus
1208 975 1404 1045 venerabilis
1425 975 1474 1041 riri

364 1091 490 1164 domini
504 1088 665 1158 Theodori
681 1088 743 1156 Dei
758 1089 866 1172 gratia
880 1086 1035 1175 Episcopi
1066 1084 1248 1155 lentiensis
1282 1083 1357 1151 aule
1381 1089 1471 1149 nostre

362 1203 441 1270 Vicc
458 1199 643 1285 cancelarij
676 1196 788 1266 dilecti
803 1205 836 1265 et
862 1197 968 1266 fidelis
984 1197 1096 1264 nostri.
1112 1195 1209 1262 Anno
1234 1191 1475 1260 Dominillrccr

231 1383 234 1388 Δ
364 1308 575 1393 nonagesimo
591 1307 730 1395 septimo
746 1306 850 1392 Regni
865 1314 973 1375 autem
989 1304 1092 1374 nostri
1108 1324 1194 1371 anuo
1211 1303 1361 1388 septimo.

367 1499 817 1573 (Eredetiebdrhdrtydmmalyuelr
829 1519 847 1555 a
857 1508 937 1556 vbrds
951 1501 1183 1571 selyemzsindron
1194 1501 1306 1568 fdggdtt
1318 1497 1408 1566 pecsdt
1418 1499 1481 1549 clre-

497 1603 566 1650 saett
577 1615 584 1661 ς
596 1611 614 1649 a
627 1592 701 1648 mtto.
715 1611 755 1663 gr.
768 1591 1004 1660 Forgdclrcsaldd
1017 1595 1141 1660 ghymesi
1153 1586 1366 1657 laudltdrdban.)

829 1879 1037 1890 -ι-ι--ο-

905 2413 983 2486 164.

379 2615 445 2683 III.
462 2615 576 2682 Fardw
591 2613 767 2702 ttrctycal
784 2610 1219 2701 &carpetaneam-tappet
1231 2615 1331 2700 jcqctt
1346 2610 1495 2698 tdrpyazd

438 2725 625 2808 odomdoya
640 2723 774 2788 Messon
788 2743 890 2788 comcs
914 2721 1135 2808 doromqbird
1160 2723 1328 2786 uzdmdra.
1347 2716 1444 2787 1297.

484 2916 632 2988 Andreas
645 2915 707 2984 Dei
723 2915 838 3000 gracia
847 2915 1025 3002 Hougarie,
1036 2915 1214 3001 Dalmatia,
1225 2914 1376 3002 Groacie,
1396 2916 1500 2997 Reme,

378 3023 490 3091 Seruie
501 3021 651 3112 Gallicis,
660 3021 860 3110 Lodomerie,
872 3023 1040 3111 Oumanie‚
1051 3023 1268 3109 Bulgarieque
1276 3025 1349 3091 Rex
1359 3023 1501 3090 omnibus

378 3131 499 3199 Christi
513 3131 663 3199 fidelibus
679 3152 814 3217 presens
830 3132 985 3218 scriptum
1002 3131 1199 3217 inspecturis
1215 3132 1355 3199 salutem
1383 3131 1420 3198 in
1446 3150 1504 3197 om·

377 3239 466 3307 nium
476 3241 650 3309 saluatore.
661 3239 754 3306 Licet
763 3240 867 3324 Regia
876 3239 989 3306 Pietas
1000 3259 1130 3306 manum
1145 3239 1330 3306 munificam
1341 3241 1504 3325 porrigere

379 3345 496 3414 debeat
510 3345 690 3414 ruinersis:
707 3346 781 3414 illos
798 3353 918 3434 tamen,
942 3366 1079 3430 quorum
1104 3354 1237 3432 experta
1260 3347 1415 3433 probitas
1440 3349 1504 3414 lau·

380 3455 458 3522 data
473 3460 524 3522 est
539 3455 574 3521 in
588 3453 753 3542 prosperis
771 3459 802 3520 et
817 3452 975 3536 aduersis,
992 3453 1216 3540 principaliter
1232 3453 1333 3521 debet
1356 3452 1506 3542 prosequi

380 3581 514 3631 munere
529 3572 562 3630 et
576 3563 707 3648 fauore3
723 3569 759 3631 vt
773 3561 832 3648 alij
850 3582 959 3631 eorum
975 3561 1134 3648 exemplis
1150 3561 1280 3628 inuitati
1303 3559 1347 3630 ad
1374 3563 1510 3630 fidelita-

382 3668 424 3735 tis
440 3689 538 3754 opera
548 3671 777 3739 accendantur.
787 3668 983 3738 Proindead
992 3671 1216 3740 uniuersorum
1228 3679 1295 3737 tam
1304 3671 1509 3755 presencium

381 3797 480 3861 quam
511 3776 688 3846 futurorum
718 3780 871 3847 noticiam
898 3779 1011 3847 harum
1037 3779 1120 3846 serie
1145 3779 1293 3846 volumus
1319 3779 1513 3864 peruenire:

381 3883 556 3969 quodcum
573 3883 686 3954 Comes
702 3886 860 3954 Martinus
876 3886 962 3954 iilius
978 3885 1099 3954 llmeeh
1117 3885 1158 3954 de
1182 3886 1363 3954 Dewecher
1390 3887 1514 3955 Viceiu·

382 3991 448 4059 dex
463 3991 558 4062 Curio
573 4002 682 4062 nostre
699 3995 846 4063 omnibus
863 3996 1075 4080 temporibus,
1091 3999 1263 4081 postquam
1278 3995 1425 4080 Regium
1451 4014 1516 4061 con·

384 4099 569 4170 sceudimus
584 4103 710 4190 solium,
726 4103 796 4170 iure
812 4105 958 4189 geniture
973 4101 1067 4170 uobis
1084 4102 1240 4188 debitum,
1266 4102 1368 4170 nullis
1397 4101 1518 4172 suasio·

385 4204 490 4295 nibus,
522 4210 687 4296 nullisque
717 4232 823 4279 rerum
848 4233 905 4280 scu
930 4211 1172 4300 possessionum
1213 4231 1345 4279 suarum
1381 4229 1519 4297 parcens

385 4313 575 4402 dispendijs,
591 4317 712 4385 nostris
729 4318 891 4403 obsequijs
909 4325 941 4384 et
956 4319 1105 4386 fidelibus
1131 4317 1280 4404 seruicijs
1305 4318 1522 4387 immobiliter

385 4428 417 4488 et
432 4421 740 4494 incommutabiliter
754 4425 935 4494 adhesisset
948 4433 979 4492 et
994 4445 1031 4493 se
1047 4425 1180 4493 tirmiter
1194 4425 1428 4511 mancipasset
1443 4452 1452 4512 ;
1472 4444 1522 4512 per

384 4527 543 4612 quosdam
559 4531 661 4600 eciam
678 4555 743 4602 non
759 4534 987 4620 nominandos,
1005 4533 1064 4602 sed
1081 4541 1190 4602 tamen
1205 4533 1288 4602 satis
1312 4541 1432 4617 notos,
1464 4539 1526 4605 suis

386 4637 587 4720 temporibus
602 4645 716 4708 contra
731 4649 875 4710 nostram
901 4643 1038 4730 Regiam
1063 4639 1279 4730 procedentes
1301 4642 1527 4730 Maiestatem,
