3098 5172
754 287 914 386 AB...

264 483 431 554 circaXX
447 502 576 552 marcas
592 479 746 548 similiter
765 501 823 566 per
833 475 965 546 eosdem
976 479 1186 547 arbitratores
1197 488 1402 574 numeratam

266 598 540 676 computatamue,
560 586 667 656 eidem
683 585 861 656 Benedicto
879 596 1017 673 cognato
1034 607 1092 655 suo
1109 586 1234 654 dimisit
1249 589 1400 675 plenarie

268 709 300 766 et
315 719 374 785 per
388 698 498 765 omnia
523 696 686 766 relaxauit
716 695 750 761 in
764 702 973 784 perpetuum
991 696 1037 762 ita
1063 694 1218 762 videlicet
1227 747 1237 783 ,
1269 695 1402 778 quodsi

268 810 339 892 ipse
354 807 512 890 Magister
528 802 723 875 Benedictus
733 809 961 870 nocumentum
978 802 1050 872 sine
1065 801 1242 887 dampnum
1257 803 1404 870 destrue-

267 916 435 981 cionemue
452 912 557 979 eidem
583 911 700 978 (domiti
730 910 854 977 Thome
870 909 924 977 uel
940 911 1008 978 suis
1029 910 1255 995 iobagionibus
1272 911 1404 994 quibus-

267 1023 346 1098 libet
363 1021 544 1105 ubicunque
570 1019 611 1085 de
628 1019 781 1104 gentibus
806 1017 861 1086 nel
887 1017 1125 1104 residentibus,
1158 1025 1190 1082 et
1213 1015 1403 1104 specialiter

266 1149 363 1216 super
378 1127 584 1215 possessione
599 1131 776 1194 memorata
791 1125 939 1194 intulerit
955 1125 1142 1213 irrogando,
1158 1125 1211 1192 uel
1227 1124 1341 1192 inferri
1356 1124 1402 1192 fe-

266 1236 350 1302 eerit
366 1234 634 1319 quandocunque,
652 1240 770 1300 extunc
786 1232 872 1300 idem
897 1233 1094 1301 Benedictus
1119 1231 1284 1317 predictas
1299 1231 1401 1319 quad·

265 1343 394 1428 raginta
409 1361 537 1408 mareas
552 1343 685 1410 racione
699 1342 915 1428 dampnorum
930 1362 1061 1412 suorum
1074 1341 1192 1409 (inmiti
1206 1341 1329 1407 Thome
1346 1342 1401 1407 de-

265 1450 362 1536 bitas,
379 1455 410 1516 et
426 1449 559 1534 insuper
575 1449 636 1514 XX
655 1468 784 1516 marcas
795 1448 927 1517 racione
938 1449 1138 1534 judiciorum
1158 1449 1261 1515 eidem
1278 1448 1398 1516 Oomiti

265 1559 389 1624 Thome
406 1557 548 1645 debitas,
565 1565 599 1622 ut
617 1563 667 1622 est
683 1556 815 1643 dictum,
841 1556 946 1642 primo
964 1557 1082 1624 citatus
1108 1579 1167 1643 per
1184 1557 1323 1626 eundem
1339 1557 1400 1623 Oo-

144 1755 148 1761 ‘
263 1666 374 1732 mitem
388 1663 545 1732 Thomam
562 1663 598 1730 in
614 1663 788 1750 prioryque
805 1663 943 1731 termino
970 1667 1093 1748 absque
1118 1667 1257 1752 strepitu
1273 1664 1397 1750 Judicij

268 1773 416 1858 alicuius,
434 1771 579 1856 predicto
596 1771 713 1838 domiti
729 1773 852 1839 Thome
870 1772 947 1838 dare
964 1779 997 1838 et
1013 1775 1199 1858 persoluere
1230 1780 1393 1840 teneatur.

263 1883 418 1948 Bcontra
433 1878 519 1946 idem
536 1879 691 1963 Magister
715 1877 908 1946 Benedictus
933 1879 1018 1946 filius
1035 1880 1172 1948 Comitis
1189 1881 1317 1947 Nicolai
1331 1881 1396 1949 ibi·

263 1991 337 2056 dem
353 1991 387 2054 iu
403 1989 644 2074 presenciarum
661 1984 811 2073 astando,
829 1986 1030 2072 sepedictam
1047 1993 1149 2054 totam
1164 1995 1295 2072 terram,
1312 1995 1396 2058 tota-

262 2097 368 2165 lemve
384 2096 623 2180 possessiouem
656 2093 856 2162 nominatam
882 2094 1115 2180 Gueredyscha
1141 2097 1193 2162 uel
1217 2094 1396 2182 Hydwygh

267 2211 418 2271 uocatam
434 2204 487 2268 uel
502 2208 643 2287 uocatas,
661 2221 733 2268 cum
750 2201 818 2268 suis
843 2202 993 2269 omnibus
1018 2203 1231 2289 utilitatibus,
1249 2211 1281 2270 et
1295 2204 1397 2290 perti·

264 2308 390 2394 neneiJ's
407 2307 605 2391 quibuslibet
615 2361 624 2394 ,
649 2328 689 2374 ac
704 2307 962 2394 circumstansiJ's
986 2309 1148 2376 vuiuersis
1158 2363 1167 2396 ,
1185 2311 1282 2378 certis
1298 2313 1394 2379 metis

262 2421 295 2484 et
311 2415 457 2482 terminis
475 2414 618 2501 undique
635 2415 851 2484 circumdatas
869 2423 901 2482 et
917 2417 1067 2504 uallatas,
1083 2419 1168 2483 sicut
1184 2418 1391 2503 exprimetur,

265 2543 338 2588 cum
355 2523 575 2605 sessionibus,
590 2530 698 2608 terrys
723 2521 924 2608 arabilibus,
953 2524 1057 2608 pratis
1083 2532 1115 2591 et
1131 2523 1223 2592 siluis
1240 2525 1282 2590 ad
1295 2545 1393 2592 nsum

261 2635 335 2698 octo
352 2635 544 2714 aratrorum,
560 2631 645 2698 sicut
662 2649 703 2696 ex
728 2631 800 2696 uisu
818 2630 1017 2698 considerari
1038 2629 1151 2716 datur,
1182 2631 1390 2719 sufficientes,

261 2739 296 2802 in
312 2758 377 2804 nno
394 2737 517 2804 ambitu
533 2758 590 2804 seu
616 2740 687 2804 loco
713 2736 801 2804 ultra
816 2737 962 2804 Drauam
988 2738 1082 2805 iuxta
1105 2739 1224 2805 fluuios
1250 2741 1393 2806 Karasw

260 2853 293 2911 et
308 2843 508 2931 Welchyoha
524 2849 656 2910 uocatos
683 2842 821 2910 situatas
846 2851 876 2910 et
902 2843 1110 2928 adiacentes,
1137 2865 1195 2928 per
1219 2845 1325 2928 ipsum
1341 2865 1393 2912 oc·

260 2959 396 3038 cupatas
406 3003 415 3038 ,
433 2951 517 3018 sicut
548 2951 743 3036 premittitur
759 2949 899 3036 seriose,
932 2952 1057 3018 remisit
1077 2958 1109 3018 et
1126 2951 1266 3019 restituit
1281 2952 1415 3030 eidem'

259 3059 377 3128 domiti
393 3059 517 3127 Thome
532 3058 574 3124 de
591 3057 702 3124 Beend
728 3064 869 3142 cognato
885 3077 945 3124 suo
954 3109 964 3144 ,
992 3063 1025 3123 et
1050 3057 1182 3125 domine
1198 3059 1290 3126 uxori
1308 3061 1392 3127 eius·

260 3169 334 3234 dem
350 3167 454 3234 sorori
471 3185 528 3232 sue
538 3164 673 3251 carnali,
690 3163 821 3248 suisque
830 3162 1015 3250 heredibus,
1031 3163 1249 3248 heredumque
1260 3185 1392 3232 suorum

260 3272 503 3342 suecessoribus
521 3277 554 3338 et
570 3261 828 3358 posteritatibus,
844 3269 1123 3356 irrefragabiliter,
1145 3272 1393 3340 irretractabili-

259 3389 319 3468 ter,
336 3378 571 3447 inuiolab'iliter
588 3384 620 3445 et
636 3377 894 3446 irreuocabiliter
904 3378 974 3446 iure
990 3387 1147 3465 perpetuo
1164 3378 1392 3465 possidendas,

257 3488 414 3576 tenendas
432 3487 555 3574 pariter
581 3494 612 3552 et
636 3485 827 3574 habendas,
860 3487 1025 3571 nichilque
1050 3487 1140 3574 iurys
1155 3486 1298 3554 nichilue
1315 3506 1393 3571 pro·

257 3595 409 3685 prietatis
423 3595 458 3660 in
471 3595 535 3681 ,hys
551 3593 645 3661 terris
662 3601 693 3662 et
711 3596 745 3661 in
771 3595 832 3661 hac
858 3595 1065 3681 possessione
1082 3593 1318 3678 Gueredyscba
1333 3596 1393 3662 uel

258 3702 437 3791 Ilydwygh
453 3703 580 3770 uocatis
595 3704 667 3788 ipso
682 3703 839 3788 Magistro
865 3703 1042 3771 Benedicto
1068 3725 1127 3790 pro
1144 3724 1181 3770 se
1197 3710 1228 3769 et
1243 3723 1303 3787 pro
1320 3703 1395 3771 suis

257 3811 430 3880 heredibus
446 3811 481 3877 in
497 3809 639 3877 futurum
664 3818 866 3878 resernaute.
894 3810 1051 3898 Idemque
1066 3813 1222 3896 Magister
1250 3809 1397 3878 Benedi-

256 3924 327 3987 ctus
344 3919 443 3986 cessit
459 3925 491 3984 et
509 3917 713 3984 rennncicuit
729 3919 818 3984 omni
835 3918 884 3986 liti
904 3939 962 3986 rue
979 3926 1011 3986 et
1027 3919 1167 4004 accioni,
1184 3937 1281 4004 quam
1306 3915 1397 3984 forte

257 4044 343 4094 nnnc
359 4027 413 4093 uel
429 4024 462 4090 in
479 4032 642 4112 posterum
651 4025 783 4094 racione
795 4025 892 4094 huius
904 4028 1121 4112 possessionis
1137 4025 1294 4092 aduersus
1312 4045 1397 4094 enn-

256 4133 329 4202 dem
340 4133 501 4200 Thomam
511 4136 829 4220 mouerepotuisset;
847 4156 923 4220 ymo
933 4137 1003 4222 ipse
1013 4135 1172 4220 Magister
1191 4132 1395 4204 Benedictus

254 4243 295 4310 ab
312 4241 400 4309 omni
416 4239 597 4326 impetitore
622 4242 753 4310 racione
778 4240 873 4308 huius
890 4243 1107 4328 possessionis
1131 4240 1270 4308 eundem
1286 4240 1398 4308 Comi-

256 4357 322 4417 tem
338 4347 497 4414 Thomam
512 4367 650 4433 suosque
662 4346 802 4416 heredes
819 4351 981 4416 tenebitur
991 4349 1148 4436 expedire
1163 4356 1195 4416 et
1210 4351 1398 4437 peremnia

254 4455 428 4525 defensare
445 4455 587 4542 proprijs
613 4454 785 4524 laboribus
813 4463 845 4524 et
861 4457 1029 4543 expensis.
1061 4458 1185 4525 Cursus
1201 4463 1309 4524 autem
1324 4475 1395 4525 me·

257 4569 365 4632 tarum
380 4561 477 4628 buius
503 4561 720 4646 possessionis
746 4583 805 4632 seu
830 4563 947 4632 harum
973 4573 1132 4633 terrarum
1154 4561 1398 4653 Gueredyscha
