3098 5172
591 277 753 376 ,jii-

106 485 238 532 msrcas
255 469 330 553 puri
348 473 380 534 et
396 467 453 535 fini
478 471 605 552 argenti
622 489 730 536 eoram
749 471 901 558 Oapitnlo
934 473 1098 541 Waoiensi
1128 474 1161 541 in
1177 483 1238 542 ter·

100 575 200 642 minis
216 576 435 664 infrascriptis
452 575 568 646 Comiti
585 580 693 648 Erden
713 581 922 668 supradicto,
940 583 1235 670 videlicetinquin·

101 683 197 752 denis
222 683 335 753 Sancti
352 686 521 756 Michaelis
547 707 633 756 nnnc
657 690 803 757 venturis
835 692 940 759 soluat
965 693 1139 774 sexaginta
1154 715 1236 760 mar·

100 812 178 876 cas3
196 793 274 860 item
290 794 325 859 in
342 795 516 878 quindenis
533 796 720 884 Epiphania
744 799 876 866 Domini
893 801 1000 868 soluet
1016 800 1236 886 qnadraginta

101 920 229 968 marcas
248 902 346 986 ;item
362 903 397 969 in
412 906 538 974 octenis
548 906 780 974 Penthecostes
796 907 901 974 solaet
916 909 1135 993 quadraginta
1151 929 1234 976 mar·

101 1027 177 1096 aas,
194 1013 274 1078 item
290 1012 323 1080 in
356 1013 531 1096 quindenis
548 1011 661 1081 Sancti
677 1014 844 1083 Michaelis
860 1016 995 1083 alterius
1011 1016 1164 1084 videlieet
1187 1013 1232 1082 fe-

103 1123 262 1194 stiuitatis
277 1123 383 1190 soluat
398 1119 620 1208 quadraginta
645 1141 794 1206 marcas3
826 1124 903 1189 item
920 1125 954 1190 in
973 1122 1145 1208 quindenis
1161 1123 1236 1208 Mpi·

101 1231 224 1315 phanie
239 1229 371 1300 Domini
396 1228 545 1298 similiter
570 1230 706 1298 alterius
736 1229 945 1318 iestiuitatis,
977 1231 1090 1298 ultimo
1108 1229 1233 1298 scilicet

101 1339 237 1408 termino
263 1339 375 1406 totalis
392 1335 506 1424 debiti,
537 1339 663 1406 soluere
685 1345 813 1406 tenetur
845 1339 1063 1424 quadraginta
1093 1338 1235 1422 quinque

102 1467 236 1516 marcas.
252 1447 327 1514 'lali
342 1466 428 1534 pena
443 1463 501 1514 seu
528 1445 733 1531 ohligacione
763 1446 966 1535 interposita,
999 1446 1084 1532 qaod
1101 1447 1129 1513 si
1145 1445 1233 1512 idern

101 1553 260 1638 Magister
274 1553 453 1641 Dyonisins
480 1555 572 1640 prius
598 1553 740 1634 debiturn
767 1555 941 1641 sexaginta
972 1573 1152 1644 marcarum
1169 1572 1233 1620 non

105 1664 309 1750 persoluerit,
327 1663 471 1731 incurret
490 1662 654 1748 Judieium
669 1663 817 1750 Regale;
848 1661 876 1731 si
893 1660 1069 1731 secundum
1086 1661 1232 1729 obmitte-

102 1775 146 1834 ret
162 1768 383 1854 inuoluendo,
406 1771 506 1839 intret
521 1792 642 1858 penam
658 1771 749 1859 dupli
762 1794 771 1858 3
786 1771 864 1840 item
891 1771 920 1840 si
935 1770 1071 1840 tercium
1088 1769 1232 1836 debitum

103 1874 178 1944 dare
193 1897 263 1944 non
279 1883 420 1958 curaret,
436 1877 586 1946 similiter
601 1897 685 1965 pene
715 1878 809 1963 dupli
823 1878 1029 1964 subiacebit3
1060 1878 1138 1945 item
1154 1877 1181 1943 si
1197 1876 1232 1946 in

102 1989 215 2067 quarto
232 1984 373 2050 termino
390 1983 564 2070 negligens
579 1986 672 2054 fieret
690 1985 724 2052 in
740 1983 910 2073 soluendo,
926 2004 1015 2072 pena
1030 1983 1123 2070 dupli
1137 2003 1232 2068 agra·

102 2099 217 2178 natur,
234 2091 312 2158 item
343 2091 370 2159 si
387 2091 535 2175 quintum
553 2100 587 2160 et
603 2095 753 2160 ultimum
784 2092 927 2161 debitum
958 2113 1023 2160 non
1038 2089 1232 2179 persoluerit

102 2201 256 2286 plenarie,
271 2199 402 2270 amittet
432 2202 520 2270 idem
550 2203 707 2288 Magister
723 2202 902 2292 Dyonisitrs
934 2223 1066 2272 omnem
1097 2201 1231 2269 totalem

103 2310 270 2390 pecuniam
287 2329 381 2376 suam
398 2311 431 2375 in
447 2309 608 2395 prioribus
634 2317 772 2395 quatuor
788 2310 934 2379 terminis
950 2309 1045 2378 modo
1060 2308 1231 2398 prehabito

102 2416 309 2501 persolutam.
325 2418 479 2486 Preterea
496 2417 641 2504 prefatus
659 2418 773 2486 (lomes
797 2416 905 2487 Erdeu
920 2426 1104 2506 spontanea
1119 2421 1230 2488 volun·

103 2529 166 2590 tate
183 2526 294 2590 omnic
310 2524 495 2614 priuilegia,
511 2533 542 2592 et
558 2547 668 2594 omnes
684 2527 813 2594 litteras
839 2547 897 2594 seu
913 2527 1139 2615 iustrumenta,
1153 2547 1230 2612 que·

102 2651 226 2714 cunque
236 2653 295 2698 seu
311 2635 550 2716 qualescunque
559 2634 698 2702 haberet
708 2633 742 2700 in
752 2633 814 2703 hoc
824 2633 921 2723 facto,
929 2641 1072 2703 statuere
1083 2655 1228 2722 assump-

101 2739 140 2804 sit
154 2741 189 2804 in
205 2761 319 2808 manus
336 2741 487 2823 Magistri
502 2739 645 2826 Nicolay
656 2741 716 2826 filij
733 2741 898 2823 Simonis,
931 2741 1111 2809 (iastellani
1126 2741 1229 2808 nostri

102 2845 131 2910 in
148 2844 292 2930 Zehohu,
310 2865 406 2931 quem
431 2853 542 2933 partes
559 2847 603 2913 ad
620 2849 682 2915 hoc
698 2849 912 2916 communiter
928 2848 1218 2938 elegeruntpersc·

100 2953 166 3021 lato
185 2961 293 3021 tamen
313 2955 414 3040 priori
430 2952 539 3021 debito
563 2954 692 3042 prelato
707 2975 767 3042 per
782 2954 918 3026 eundem
935 2956 1124 3042 Magistrum
1140 2957 1228 3045 Dys-

102 3062 218 3128 nisium
237 3061 355 3131 Comiti
375 3061 483 3131 Erden
508 3065 718 3152 supradict03
748 3085 811 3150 que
834 3065 987 3135 videlieet
1003 3065 1113 3132 omnia
1126 3065 1228 3152 prini-

102 3169 195 3254 legia,
212 3169 429 3238 instrumenta
452 3191 508 3238 sen
524 3173 660 3260 litteras,
678 3180 851 3260 postquam
877 3175 1036 3257 Magister
1051 3169 1227 3260 Dyonisius

100 3279 247 3364 plenarie
264 3287 295 3345 et
311 3279 453 3346 finaliter
468 3279 561 3348 iuxta
580 3301 672 3349 suam
692 3283 884 3368 premissam
904 3279 1140 3367 ohligacionem
1156 3299 1226 3370 pre

100 3386 203 3450 iatam
218 3386 321 3454 totale
337 3386 484 3455 debitum
499 3390 691 3474 persoluerit
702 3390 819 3457 Comiti
834 3389 944 3457 Erdeu
959 3391 1024 3458 iam
1046 3387 1142 3474 dicto,
1156 3409 1227 3479 pre

101 3491 189 3560 satus
203 3493 358 3577 Magister
373 3495 530 3563 Nicolsas
548 3495 634 3565 filins
653 3497 796 3564 Simonis
821 3495 913 3566 dabit
929 3503 961 3565 et
976 3497 1169 3587 assignabit,
1184 3497 1227 3566 si·

99 3599 163 3666 cati
181 3609 293 3684 partes
324 3602 517 3670 ordinarunt
546 3603 631 3672 inter
646 3625 691 3689 se,
714 3604 749 3671 in
764 3626 879 3672 manus
905 3605 1052 3689 Magistri
1076 3604 1224 3695 Dyonisij

99 3709 278 3775 memorati.
295 3710 443 3777 Ceterum
460 3710 489 3778 si
505 3711 671 3796 predictus
689 3711 804 3779 Comes
831 3712 938 3781 Mrdeu
952 3713 1083 3797 aliquas
1097 3713 1226 3781 litteras

98 3834 155 3881 sen
170 3813 387 3884 instrumenta
402 3838 461 3904 pro
477 3819 622 3887 utilitate
647 3819 805 3886 dictarum
829 3823 1071 3907 possessionum
1087 3820 1226 3908 Kethpe·

97 3921 162 3989 hen
179 3921 294 3990 habita
309 3945 368 4012 pro
385 3944 420 3992 se
438 3934 629 4012 reserasset,
646 3934 679 3995 et
693 3929 851 4011 Magistro
876 3927 1022 4018 Nicolao,
1038 3937 1095 3998 aut
1111 3935 1226 4018 postea

97 4029 253 4114 Magistro
269 4031 430 4128 Dyonieio
455 4054 521 4101 non
546 4035 749 4124 assignaret,
775 4036 1032 4123 quandocunque
1048 4043 1080 4105 et
1093 4035 1224 4104 ubicun-

97 4157 159 4220 qne
176 4139 211 4204 in
225 4139 318 4207 litem
334 4140 495 4227 producta
510 4142 635 4233 fierent,
651 4165 710 4231 pro
726 4147 829 4214 cassis
846 4153 878 4214 et
902 4143 1000 4214 irritis
1018 4146 1224 4216 haberentur.

96 4247 216 4313 Datum
230 4247 323 4315 Bude
338 4255 452 4318 octauo
483 4250 549 4341 dyc
580 4251 693 4320 Sancti
707 4252 869 4322 iohannis
894 4254 1041 4339 Baptista
1056 4273 1144 4323 auno
1158 4253 1224 4322 Do·

97 4353 175 4419 mini
192 4353 301 4421 M⁰OG⁰
317 4355 529 4442 nonagesimo
546 4357 692 4446 septimo.

100 4495 134 4566 (Δ
147 4491 228 4548 sicui
239 4494 428 4569 hiptslsnnak
441 4503 556 4556 1300·ξὶ
565 4499 749 4573 vigrshajtisi
759 4502 1026 4576 bisonyitrdnyihbl,
1050 4513 1121 4564 mint
1139 4503 1223 4563 aldith

585 4597 644 4652 266.
654 4613 689 4650 su.
703 4595 743 4663 a.)
