3120 5172
800 249 959 398 gu

315 485 477 577 ceterique
493 482 590 560 Ciues
605 483 647 558 de
663 489 839 575 Strigonio,
866 490 1016 558 omnibus
1041 487 1160 559 christi
1185 483 1344 578 fidelibus,
1373 511 1448 590 pre-

316 603 463 670 sentibus
481 600 600 684 pariter
616 607 649 664 ct
666 598 790 682 futuris,
808 617 942 682 presens
959 605 1103 662 nostrum
1118 598 1326 684 priuilegium
1337 601 1448 685 iuspe-

315 711 422 794 cturis,
441 708 581 774 salutem
597 707 631 772 in
647 705 766 771 salutis
784 703 949 789 largitore.
966 704 1018 770 Ad
1033 705 1259 772 uniuersorum
1284 705 1446 772 noticiam

314 817 430 882 harum
446 815 530 882 serie
546 813 697 880 uolumus
712 811 892 896 peruenire,
919 810 1004 893 quod
1029 811 1107 892 quia
1131 811 1273 877 Thomas
1298 811 1445 896 pinquis,

315 928 475 990 mereator
490 917 691 1002 Venetensis,
709 916 849 1009 dilectus
866 917 975 984 socius
991 923 1024 984 et
1039 917 1166 984 amicus
1182 925 1291 984 noster
1319 918 1446 1004 specia-

316 1030 367 1116 lis,
384 1031 474 1096 iuxta
490 1027 728 1094 continenciam
745 1025 884 1091 aliarum
900 1025 1085 1091 litterarum
1101 1033 1326 1111 nostrarum,a
1342 1027 1445 1092 hono

314 1137 408 1203 rabili
424 1135 576 1222 Capitulo
592 1132 827 1216 strigoniensis
846 1130 993 1198 Ecclesie
1009 1131 1167 1215 quasdam
1185 1132 1299 1200 domus
1316 1153 1394 1200 suas
1411 1141 1446 1198 et

314 1263 462 1312 cameras
476 1243 562 1308 infra
577 1240 813 1324 nominandas;
842 1239 993 1306 videlicet
1022 1259 1118 1305 unam
1143 1239 1235 1306 iuxta
1260 1242 1378 1319 uicum,
1403 1242 1445 1306 de

314 1354 388 1419 uico
404 1353 591 1417 Latinorum
607 1349 780 1415 ducentem
793 1347 836 1415 sd
852 1347 1008 1414 Saunium
1018 1347 1203 1436 Nicolaum,
1215 1356 1248 1416 et
1258 1349 1359 1416 aliam
1370 1369 1444 1415 curn

314 1459 461 1528 domibus
477 1463 510 1524 et
525 1457 615 1524 curia
629 1456 723 1523 iuxta
739 1457 840 1522 alium
856 1453 965 1523 uicum
982 1455 1154 1523 decadem
1180 1463 1330 1525 contrata
1353 1455 1441 1534 Lati-

308 1588 433 1641 ¹norum
449 1565 656 1632 adiacentem
666 1563 709 1630 ad
724 1565 831 1630 uicum
843 1563 957 1631 Sancti
973 1563 1106 1630 Martini
1117 1563 1160 1629 ad
1170 1571 1296 1649 partem
1308 1571 1444 1651 septem-

314 1674 438 1754 trionis,
455 1674 532 1739 item
548 1671 710 1756 quoddam
727 1671 900 1755 pallacium
928 1690 1022 1738 sunm
1052 1671 1144 1738 iuxta
1174 1671 1282 1738 locum
1313 1671 1376 1738 fori
1408 1673 1442 1736 in

315 1791 404 1849 terra
427 1779 572 1847 eiusdem
598 1777 740 1863 Capituli
765 1777 807 1845 ab
833 1779 947 1844 eadem
973 1787 1068 1864 parte
1093 1780 1344 1865 septemtrionis,
1370 1799 1442 1846 cum

315 1889 408 1954 curia
424 1896 456 1954 et
471 1886 608 1975 edilioijs
623 1886 658 1952 in
674 1885 787 1953 eadem
813 1884 948 1972 habitis,
975 1886 1068 1952 ouius
1094 1884 1226 1970 quidem
1249 1886 1384 1973 pallacij
1411 1893 1443 1952 et

315 1995 403 2063 curie
422 1994 588 2080 longitudo
614 1993 692 2060 lacit
715 1993 849 2076 triginta
873 2013 931 2060 seu
956 2013 1121 2060 mensurus
1147 1994 1247 2060 cubiti
1273 1995 1442 2078 wlgariter

316 2106 391 2193 ceps
403 2104 493 2191 dicti,
511 2102 649 2170 latitudo
665 2122 745 2168 uero
759 2101 876 2186 viginti
891 2107 974 2186 trcs;
994 2101 1070 2168 item
1088 2101 1252 2186 quoddam
1264 2101 1441 2190 pullacium

314 2233 409 2281 suum
426 2213 518 2278 iuxta
534 2231 671 2294 paruum
687 2208 870 2278 Danubium
888 2209 975 2276 circa
1001 2212 1122 2276 curiam
1149 2210 1280 2279 domine
1304 2211 1441 2293 Mariga,

315 2341 374 2408 pro
390 2318 538 2384 ducentis
555 2325 588 2383 et
604 2317 790 2402 quindecim
807 2319 924 2385 marcis
949 2317 1185 2406 inpignoratas,
1211 2339 1270 2388 seu
1296 2319 1441 2405 inpigno

315 2433 389 2492 rata
405 2425 525 2490 nostris
544 2413 662 2492 litteris
687 2425 917 2512 mediantibus,
942 2431 977 2490 vt
1005 2424 1232 2512 premisimus,
1259 2427 1440 2494 reddimere

316 2555 381 2600 nou
397 2533 513 2618 potuit,
529 2551 634 2614 neque
650 2528 753 2598 valuit
768 2530 916 2617 pluribus
934 2533 1079 2598 terminis
1096 2541 1130 2598 et
1144 2533 1295 2621 induciis,
1318 2534 1362 2600 ad
1386 2554 1440 2598 uo·

316 2649 416 2708 stram
432 2640 702 2726 supplicationem
718 2659 776 2725 per
793 2639 879 2706 idem
896 2639 1080 2724 Capitulum
1107 2640 1214 2708 eidem
1239 2643 1417 2726 assignatis
1431 2665 1438 2724 ς

316 2749 390 2814 ideo
407 2746 497 2813 dedit
511 2747 597 2814 idem
613 2747 764 2836 Thomas,
782 2769 854 2814 cum
872 2747 1025 2835 Nykolao
1042 2747 1110 2816 filio
1126 2769 1201 2838 suo,
1217 2755 1250 2816 et
1267 2749 1439 2834 (legmerio

316 2855 508 2924 consobrino
535 2876 602 2942 suo,
630 2858 753 2939 absque
778 2857 867 2923 omni
890 2855 1132 2942 impedimento,
1158 2857 1200 2924 de
1225 2857 1437 2943 permissione

315 2964 457 3030 omnium
474 2965 653 3032 vicinorum
671 2965 847 3030 earundem
864 2962 1028 3030 domorum
1046 2970 1077 3032 et
1093 2965 1266 3052 curiarum,
1283 2984 1358 3032 cum
1373 2984 1437 3030 om·

315 3073 410 3138 nibus
426 3069 581 3137 fructibus
598 3061 630 3136 et
645 3071 838 3138 utilitatibus
855 3070 1041 3156 earundem,
1058 3071 1236 3138 secundum
1255 3071 1440 3138 libertatem

314 3189 424 3248 nostre
441 3179 600 3264 Ciuitatis,
616 3180 686 3246 iure
702 3185 857 3266 perpetuo
875 3199 983 3246 coram
999 3178 1092 3246 nobis
1109 3200 1167 3267 pro
1198 3179 1288 3246 diota
1303 3180 1443 3264 pecunie

315 3286 499 3373 quantitate
513 3285 616 3354 eidem
634 3289 783 3374 capitulo
810 3288 1019 3374 possidenda,
1045 3287 1188 3355 tenenda
1213 3297 1245 3353 et
1267 3288 1441 3370 habenda,

314 3397 420 3481 ipsum
436 3394 594 3462 unomen
610 3400 642 3461 et
657 3415 734 3462 suos
749 3401 896 3480 posteros
913 3395 948 3461 in
964 3395 1070 3461 vineis
1098 3415 1206 3461 eorum
1232 3397 1366 3481 pacifice
1393 3415 1442 3462 rc·

315 3503 479 3585 liquerunt
495 3505 734 3588 permansuros.
759 3503 797 3568 In
814 3504 905 3569 ouius
922 3505 968 3570 rei
984 3503 1171 3569 memoriam
1197 3513 1229 3568 et
1254 3511 1442 3592 perpetuam

313 3611 496 3677 firmitatem
513 3613 556 3676 ad
573 3600 767 3696 peticionem
785 3613 934 3697 parcium
951 3619 1120 3697 presentes
1133 3615 1348 3678 concessimus
1358 3612 1443 3678 litte-

314 3737 379 3803 ras,
396 3717 497 3802 sigilli
513 3721 615 3787 nostri
632 3721 808 3786 munimine
823 3723 1000 3788 roboratas.
1029 3721 1147 3788 Datum
1165 3730 1197 3786 et
1220 3729 1328 3788 actum
1351 3743 1444 3790 anno

318 3825 360 3892 ab
378 3827 609 3895 lucarnacione
633 3829 765 3896 Domini
781 3829 970 3896 millessimo
985 3828 1205 3896 ducentesimo
1230 3832 1444 3914 nonagesimo

318 3933 366 4002 IX
374 3945 401 4020 ⁰.,
417 3935 449 4006 in
467 3935 548 4003 festo
563 3937 840 4005 Annunoiacionis
860 3936 957 4003 lteate
973 3936 1120 4020 Virginis
1137 3937 1294 4006 Glorioso.

427 4131 479 4198 (Aa
491 4136 590 4188 urcdeti
604 4133 672 4186 ullu
684 4135 782 4188 unaue
796 4133 915 4198 Ndndor,
927 4137 1044 4202 Magyar
1054 4135 1120 4190 Sion
1130 4137 1182 4186 111.
1192 4139 1249 4188 lot.
1261 4137 1331 4198 949.)

768 4421 981 4436 m
