3132 5162
196 1127 226 1193 A
242 1132 430 1199 maererent
447 1133 546 1198 dodoi
560 1133 787 1220 louveutjduelo
803 1135 951 1225 bizoayoo
974 1135 1074 1199 hodor·
1090 1135 1191 1200 sadlld
1218 1134 1324 1200 elodo-

446 1245 497 1307 adt
512 1244 671 1328 toirqyozd
685 1241 957 1328 bizouysdpleuele.
976 1240 1070 1308 1290.
1306 1250 1308 1253 ’

245 1495 247 1499 v
300 1414 457 1484 Omnibus
474 1415 596 1485 Christi
611 1417 760 1486 fidelibus
776 1427 960 1506 presentem
977 1419 1132 1506 paginam
1148 1417 1321 1502 habituris,

195 1522 296 1590 irater
305 1523 472 1609 Nycolaus
492 1524 583 1592 Prior
592 1532 626 1591 et
637 1524 821 1593 Conuentus
834 1525 1072 1594 cruciferorum
1082 1523 1229 1592 Ecclesia
1243 1525 1322 1590 San·

195 1637 243 1695 cte
262 1630 434 1698 Trinitatis
454 1627 494 1698 de
511 1631 638 1700 Calidis
667 1633 770 1716 Aquis
791 1635 931 1700 salutem
952 1635 985 1698 iu
1006 1631 1323 1718 Dominoaempitcr-

194 1737 1317 1826 namQuumquegerunturetaguntur,nelapsutemporumdilaban-

192 1853 250 1930 tur,
267 1845 409 1914 humana
425 1847 550 1915 inuenit
565 1849 665 1936 racio,
683 1855 717 1915 vt
732 1869 772 1916 ea
793 1858 903 1916 tenore
914 1848 1157 1936 priuilegiorum
1177 1845 1211 1911 in
1228 1865 1321 1912 euum
1397 1839 1400 1844 ’

194 1943 414 2038 perdurentur.
446 1954 498 2021 Ad
514 1956 735 2024 uniuersorum
766 1956 864 2040 igitur
894 1965 961 2024 tam
989 1957 1192 2042 presencium
1226 1971 1324 2038 quam

192 2061 370 2130 futororum
386 2065 537 2131 noticiam
554 2063 668 2131 harum
696 2065 780 2132 serie
805 2065 1019 2147 declaramus,
1037 2062 1123 2146 quod
1153 2061 1324 2147 Georgius,

192 2170 357 2258 Nycolaus
374 2177 406 2238 et
421 2171 572 2257 Mychael
590 2171 647 2258 filij
666 2171 825 2240 lobannis
853 2172 976 2259 (lybosi
1003 2171 1043 2240 de
1069 2171 1207 2255 Wrsegh
1233 2167 1322 2256 (vi)ri

189 2279 270 2346 bone
286 2281 451 2368 memorie,
462 2281 591 2347 nomine
607 2300 665 2347 suo
682 2288 714 2347 et
729 2282 858 2348 nomine
875 2280 1034 2350 Jobanuis
1049 2281 1162 2348 fratris
1179 2281 1320 2365 ipsorum

188 2391 230 2456 ab
245 2407 311 2454 vna
336 2394 439 2477 parte,
456 2388 609 2472 Magister
625 2387 773 2457 Andreas
790 2409 889 2473 gener
915 2389 1047 2458 Comitis
1076 2389 1212 2456 iwanlra
1241 2387 1325 2457 ciuis

190 2494 229 2560 de
245 2494 398 2563 suburbio
414 2496 518 2585 Casiri
544 2497 706 2564 Budensis
723 2517 763 2563 ex
789 2497 902 2583 altera,
937 2507 1043 2565 coram
1077 2498 1170 2564 nobis
1195 2497 1325 2583 propria

189 2603 354 2670 constituti
385 2604 418 2670 in
450 2622 606 2690 persona,
637 2604 773 2690 predicti
808 2603 977 2691 Georgius,
1013 2605 1180 2690 Nyoolaus
1198 2611 1229 2670 et
1255 2606 1322 2688 My-

189 2709 280 2780 ohael
312 2711 368 2798 filij
399 2711 537 2797 predicti
568 2710 727 2779 lobannis
743 2711 817 2778 viuo
845 2731 910 2800 ore,
945 2717 1051 2778 mente
1083 2731 1169 2779 sana
1194 2719 1226 2780 et
1254 2715 1324 2798 pari

190 2826 261 2886 roto
287 2825 362 2886 sunt
393 2819 543 2902 confessi,
577 2819 812 2888 dimidietatem
829 2821 921 2887 vinee
954 2822 1108 2906 ipsorum,
1153 2839 1215 2903 que
1240 2819 1325 2887 iuste

187 2934 219 2993 et
249 2927 395 3012 legitime
435 2927 475 2993 de
507 2927 661 3010 Magistro
686 2929 827 2995 Martino
858 2927 958 2994 fratre
989 2928 1131 3013 ipsorum
1163 2927 1323 2996 deuolute

188 3035 303 3120 extitit,
321 3035 383 3102 sibi
412 3042 444 3102 et
475 3055 605 3103 suorum
622 3036 775 3103 heredum
802 3033 1003 3121 possidenda
1027 3042 1060 3102 et
1085 3035 1226 3102 tenenda
1257 3021 1346 3121 per?

188 3149 295 3231 petuo,
323 3163 384 3228 que
412 3145 515 3213 eciam
542 3144 575 3211 in
609 3144 804 3228 promotorio
837 3144 1003 3210 Thusman
1035 3148 1147 3209 vooato
1174 3144 1237 3212 sita
1265 3152 1325 3228 est,

187 3252 219 3318 in
257 3250 479 3319 vicinitatibus
525 3251 690 3320 vinearum
723 3252 875 3320 videlicet
917 3250 1078 3338 Ladialay
1111 3251 1167 3336 filij
1203 3252 1322 3334 Abrae,

188 3359 345 3425 Hermoni
375 3356 416 3424 de
451 3358 578 3427 Kelhau
613 3358 653 3426 de
687 3360 802 3426 Castro
834 3358 1040 3445 supradicto,
1073 3365 1105 3425 et
1130 3357 1251 3425 Gerlab
1285 3359 1326 3426 de

187 3464 362 3552 Oreynleld
394 3474 426 3534 et
458 3468 715 3553 conterminata,
749 3465 790 3534 de
821 3485 979 3535 consensu
998 3473 1030 3534 et
1045 3469 1132 3534 bona
1156 3469 1324 3536 voluntate

187 3574 328 3644 omnium
363 3582 577 3658 cognatorum
610 3581 641 3641 et
672 3557 893 3660 proximorum
925 3595 1054 3642 suorum
1075 3577 1164 3645 nullo
1195 3576 1325 3662 penitus

188 3679 448 3770 contradicente,
481 3681 738 3748 assencientibus
770 3681 920 3750 omnibus
953 3684 1184 3751 commetaneis
1231 3685 1324 3750 vinee

187 3789 379 3874 supradicte,
395 3786 538 3874 prediolo
556 3789 715 3873 Magistro
731 3789 871 3877 Andros,
898 3797 929 3856 et
956 3811 1014 3876 per
1046 3809 1118 3856 eum
1146 3790 1320 3858 desecanti-

188 3899 244 3964 bus
263 3893 350 3983 (igy)
367 3897 516 3964 omnibus
534 3915 667 3964 suorum
689 3917 909 3965 successorum
926 3899 995 3964 iure
1011 3904 1167 3982 perpetuo
1184 3904 1215 3965 et
1241 3898 1315 3966 irre·

187 4005 387 4086 uocabiliter,
407 4005 515 4088 quiete
531 4005 665 4092 pacifice
690 4006 872 4094 tenendam,
890 4005 1122 4092 possidendam
1141 4011 1173 4071 et
1199 4004 1316 4074 baben·

186 4111 272 4198 dam,
290 4131 350 4196 pro
366 4111 481 4197 viginti
508 4114 625 4181 mareis
657 4114 714 4180 lini
746 4113 883 4200 argenti,
917 4133 998 4197 quas
1030 4113 1125 4197 plene
1155 4112 1317 4198 recepisse

187 4227 396 4288 asseruerunt
411 4222 453 4288 ab
470 4221 593 4305 eodem,
613 4242 718 4289 eoram
746 4223 838 4290 nobis
866 4220 1073 4304 vendidisse3
1100 4239 1319 4307 aasumpmen·

186 4336 232 4398 tes
249 4329 490 4414 niohylominus
518 4331 616 4416 ijdam
647 4331 820 4422 Georgius,
838 4333 1004 4417 Nyoolaus
1031 4339 1062 4400 et
1079 4330 1238 4419 Myobael,
1264 4326 1323 4413 lilij

185 4437 344 4504 iamdicti
362 4437 533 4526 Jobannis,
561 4441 670 4527 ipsum
698 4441 888 4526 Magistrum
922 4441 1098 4528 Andream,
1130 4447 1162 4507 et
1194 4455 1323 4506 suorum

187 4545 340 4612 heredum
359 4565 544 4616 sucessores
560 4552 602 4616 ab
629 4549 777 4618 omnibus
804 4550 1052 4618 molestantibus
1081 4559 1112 4616 et
1140 4547 1321 4632 inquietare

187 4651 372 4720 volentibus
404 4655 575 4724 occasione
591 4657 727 4724 dimidie
743 4657 836 4724 vinee
853 4659 1072 4745 suprascripte
1088 4653 1227 4742 'proprijs
1244 4671 1327 4718 surn-
