3098 5172
883 285 948 371 leo

840 391 992 406 bun—.-

351 499 474 567 stantes
490 515 670 566 assensum.
687 499 729 564 Et
746 497 790 563 ad
805 497 963 565 maiorem
980 496 1165 593 firmitatem
1180 486 1467 584 predictorumiios

352 625 446 674 omne
458 607 524 692 jus,
541 606 628 690 quod
645 606 679 672 in
695 604 792 671 dietis
809 603 1024 672 comitatibus
1041 624 1099 673 sen
1116 608 1209 673 torris
1232 603 1421 688 Andegauie
1441 611 1467 672 et

355 712 565 801 Cenomanis,
582 733 621 780 uc
637 733 746 779 eorum
764 710 973 795 pertinenciJs
999 717 1032 778 et
1058 711 1257 797 adiacensijs
1283 712 1402 780 hahere
1425 715 1468 780 uel

354 825 463 903 petere
479 839 646 906 possemus
661 819 696 886 in
711 819 855 886 futurum
873 837 1067 901 quincunque
1082 817 1215 885 racione
1229 839 1288 886 seu
1304 839 1412 906 causa,
1432 823 1467 888 ti·

353 925 423 993 tulo
438 929 491 994 vel
507 926 611 1012 modo,
627 945 782 1010 expresse
799 932 830 992 et
846 945 903 1012 per
919 931 1062 1011 pactum,
1081 947 1122 995 ex
1147 933 1236 994 certa
1261 927 1403 994 sciencie
1424 947 1465 992 re·

356 1033 518 1100 mictimus
535 1041 568 1100 et
583 1033 756 1117 quibamus,
775 1052 814 1097 ac
829 1031 951 1099 eisdem
962 1031 1092 1118 juribus
1103 1033 1326 1102 renuntiamus
1342 1037 1467 1103 omniuo.

355 1141 590 1208 Promictenles
605 1142 692 1208 bona
707 1141 771 1208 lide
788 1145 820 1206 et
837 1161 877 1209 ex
894 1146 1001 1226 pacto,
1017 1161 1076 1208 nos
1093 1148 1206 1208 contm
1222 1142 1386 1228 predictas
1409 1141 1464 1226 qui-

357 1249 513 1316 tationem
531 1255 563 1314 et
578 1249 859 1318 renunciationem
874 1268 932 1334 per
947 1267 1008 1316 nos
1025 1248 1078 1315 vel
1104 1249 1204 1315 alium
1229 1248 1264 1315 in
1289 1256 1467 1335 perpetuum

357 1376 422 1422 non
438 1355 558 1443 uenire,
575 1373 697 1438 nosque
712 1355 745 1422 in
771 1355 925 1442 predictis
951 1353 1167 1423 Comitatibus
1193 1359 1226 1420 et
1251 1376 1364 1422 eorum
1388 1357 1468 1442 perti·

357 1462 478 1545 nentijs
493 1462 594 1528 nichil
605 1463 691 1546 juris
708 1462 748 1530 de
764 1470 871 1529 cetero
886 1463 1075 1548 reclamare,
1093 1460 1273 1530 secludere
1297 1482 1358 1548 per
1384 1463 1469 1530 alium

357 1572 540 1656 reclamari,
555 1589 614 1636 nos
632 1576 664 1637 et
680 1576 802 1658 nostru,
819 1571 1022 1654 heredesque
1039 1575 1170 1638 nostros
1197 1567 1241 1635 ad
1265 1569 1468 1656 predictorum
1540 1589 1541 1650 t

358 1677 619 1744 obseruationem
637 1675 807 1744 efficaciter
832 1675 1028 1760 obligantes.
1053 1678 1270 1743 Reseruamus
1296 1683 1404 1742 tumen
1427 1694 1469 1742 er·
1540 1659 1541 1682 ¹

361 1803 473 1871 presse
499 1784 593 1851 nobis
621 1788 653 1851 et
678 1783 797 1851 nostris
821 1783 1005 1870 heredibus,
1032 1783 1120 1868 quod
1143 1804 1201 1870 per
1225 1783 1405 1851 huiusmodi
1428 1801 1471 1854 uo

357 1899 457 1959 strum
483 1912 670 1976 assensum,
697 1892 931 1979 remissionem,
965 1891 1178 1974 quitationem
1195 1898 1227 1958 et
1250 1891 1393 1958 renuntis
1421 1890 1470 1956 Go-

358 1998 537 2089 tiationem,
554 2000 588 2065 in
605 2000 673 2065 iure
689 1997 884 2085 competenti
899 2001 994 2066 nobis
1011 2005 1068 2068 aut
1087 1997 1299 2085 competituro
1317 1997 1352 2064 in
1377 1995 1444 2085 prel
1465 2031 1470 2041 ·
1540 2011 1541 2068 l

359 2107 529 2174 mitatihus
558 2127 598 2173 ex
630 2107 734 2192 pactis
759 2106 830 2174 siue
864 2106 1133 2175 consectionibus
1167 2104 1380 2191 supradictis,
1409 2101 1467 2169 nul·

360 2214 428 2280 lum
455 2212 549 2278 nobis
577 2219 633 2279 out
659 2212 781 2280 eisdem
807 2214 928 2280 nostris
954 2212 1127 2280 heredibus
1151 2211 1367 2298 preiudioium
1390 2230 1474 2296 gene
1540 2205 1541 2286 i

359 2327 455 2388 retur.
472 2318 660 2404 inquorum
676 2323 822 2389 omnium
837 2321 1057 2388 testimonium
1073 2321 1280 2405 presentibus
1296 2319 1408 2387 litteris
1422 2337 1469 2383 uo·

360 2433 460 2494 strum
475 2424 609 2494 fecimus
624 2428 744 2515 apponi
760 2429 916 2512 sigillum.
933 2431 1053 2494 Datum
1078 2428 1218 2514 Neapoli
1244 2448 1330 2496 anno
1355 2424 1473 2496 Domini

362 2534 534 2602 millesimo
550 2534 772 2604 ducentesimo
796 2535 1007 2620 nonagesimo
1033 2537 1147 2619 quinto
1172 2533 1225 2602 die
1250 2534 1400 2603 vicesimo
1431 2551 1474 2599 oe·

362 2646 440 2710 tauo
456 2642 555 2728 Junij,
571 2647 686 2711 octaue
701 2643 898 2732 indictionis,
914 2645 1019 2729 Regni
1036 2642 1138 2711 nostri
1153 2663 1239 2710 anno
1254 2650 1379 2728 quarto.

364 2840 502 2905 (Ersdetle
514 2839 689 2908 bdrhhrtyrim
705 2841 821 2909 melyrb'i
833 2861 851 2897 a
864 2843 953 2896 kettds
967 2837 1061 2910 pecsdt
1082 2837 1256 2907 stiriis-strue
1265 2835 1478 2905 selysmrsindron
1540 2841 1541 2850 ¹

363 2931 445 2996 stiffi
459 2945 476 2982 a
496 2933 617 2984 franceis
631 2929 804 2999 kbuttrsustg
817 2929 902 3001 phrisi
913 2928 1194 2986 hllsmlerhltdrhhau.
1208 2932 1232 2982 A
1244 2915 1390 2998 perehtuni:
1401 2925 1477 2993 sgyik
1540 2919 1541 2956 t

363 3017 473 3072 oldaldu
486 3019 594 3073 Martell
608 3019 769 3087 Ktrolynak
783 3022 874 3074 trdron
887 3022 933 3074 illd
961 3022 1056 3086 alakjo
1070 3021 1150 3074 korul
1162 3033 1180 3070 a
1193 3017 1331 3074 relirtsbtl
1344 3044 1390 3082 ,-
1402 3045 1432 3054 —
1450 3036 1479 3055 ·-·
1540 3035 1541 3076 ς

363 3107 555 3168 HUNGARIE
568 3111 758 3164 DALMATIE
772 3113 934 3166 CROATlE
948 3109 1050 3164 RAME
1062 3111 1195 3177 SERVIE
1219 3107 1391 3165 GALLICIE
1410 3105 1479 3157 LOD
1540 3097 1541 3146 ἰ

365 3223 398 3235 ·-
409 3224 443 3238 ··
455 3227 492 3240 -
502 3199 538 3255 “a
550 3200 638 3256 mdsils
651 3200 758 3256 eldaldn
771 3219 788 3256 a
811 3203 899 3255 ksttds
912 3197 1028 3272 kermunt
1039 3201 1175 3254 soror-
1184 3227 1221 3239 -
1230 3225 1263 3238 ·—
1277 3197 1361 3251 EGIS
1374 3193 1481 3248 IERLH

399 3287 447 3339 ἱῖΤ
459 3315 493 3330 ·-·
507 3315 541 3330 ·-
555 3317 589 3332 -
598 3293 726 3355 QVINTI
738 3293 921 3346 STEPHANI
931 3289 1040 3344 REGIS
1049 3319 1082 3334 ·-
1096 3319 1128 3331 -
1142 3291 1195 3332 ·-‘
1209 3288 1272 3358 meg
1284 3283 1439 3350 olvsshstb.)
