3120 5172
562 315 871 464 Q..

86 571 157 645 tum,
176 553 351 624 adnomen
368 559 399 619 et
416 572 509 620 usum
528 555 671 622 eiusdem
697 557 866 624 Jadrensis
892 559 1043 628 Ecclesia
1058 583 1117 649 per
1133 558 1210 630 dile-

86 675 164 736 ctum
179 665 284 732 lilium
315 667 460 728 nostrum
476 662 517 728 M.
536 662 654 729 Sancte
679 665 782 731 Maria
814 667 848 730 in
864 665 994 735 Porticu
1024 671 1208 736 Diaconum

86 773 286 843 cardinalem
313 769 448 836 fecimus
468 771 651 855 assignari,
684 779 718 838 et
731 793 753 839 a
768 778 801 838 tc
816 793 875 859 per
892 794 965 840 eum
981 777 1084 862 recipi
1099 785 1209 846 nostro

86 891 113 951 et
126 878 273 949 Ecclesia
288 880 433 945 Romane
449 879 579 946 nomine
607 878 777 947 fidelitatis
808 881 904 948 solite
919 882 1143 951 iuramentum.
1161 886 1210 953 Tu

85 1013 158 1062 uero
173 989 284 1077 palleo
300 985 388 1053 infra
418 985 555 1052 candem
571 987 765 1056 Jadrensem
789 988 973 1057 Ecclesiam
1003 991 1069 1058 illis
1094 993 1210 1061 diebus

86 1103 191 1185 utaris,
208 1099 264 1183 qni
283 1095 428 1182 expressi
443 1096 477 1161 in
492 1095 596 1180 ipsius
623 1095 770 1164 Ecclesia
796 1085 979 1184 privilegiis
995 1100 1210 1168 continentur.

86 1207 124 1274 Ut
137 1209 237 1294 igitur
255 1205 384 1291 signum
408 1224 472 1271 non
489 1204 652 1290 discrepet
669 1205 852 1290 asignato,
870 1207 928 1273 sed
945 1208 1032 1292 quod
1049 1211 1135 1291 geris
1152 1227 1211 1273 ex·

85 1316 187 1401 terius,
205 1313 287 1383 illud
304 1331 415 1380 serves
431 1312 465 1377 in
482 1319 611 1397 mente,
636 1312 872 1380 fraternitatem
890 1323 978 1380 tuam
996 1334 1162 1382 monemus
1179 1321 1211 1382 et

85 1423 245 1489 hortamur
260 1427 397 1506 attente,
414 1437 474 1504 per
489 1418 680 1503 Apostolica
695 1419 755 1485 tibi
771 1422 894 1506 scripta
910 1423 1113 1509 mandantes,
1131 1442 1209 1506 qua·

86 1538 174 1597 tenus
190 1529 409 1596 humilitatem
426 1533 459 1594 et
489 1527 668 1614 instituam,
695 1528 795 1594 dante
812 1528 962 1610 Domino,
995 1531 1051 1614 qui
1066 1531 1125 1598 dat
1139 1551 1207 1596 muu

86 1658 167 1726 nera,
185 1643 219 1705 et
234 1637 361 1722 premia
378 1636 552 1719 elargitur,
584 1638 760 1713 observare
790 1638 933 1720 studeas,
959 1659 1022 1722 que
1038 1658 1131 1704 suum
1147 1657 1212 1706 ser-

88 1754 158 1812 rant
174 1752 208 1812 et
223 1751 415 1830 promovent
431 1750 639 1828 servatorem,
658 1751 690 1810 et
702 1745 882 1829 predictam
893 1743 1087 1814 Jadrensem
1097 1747 1210 1814 Eccle-

89 1855 174 1940 siam,
192 1873 349 1938 sponsam
365 1856 463 1934 tuam,
480 1871 570 1917 eures
587 1851 735 1935 sollicite,
745 1851 866 1919 Divina
882 1852 1010 1922 favente
1027 1853 1211 1939 clementia,

87 1963 115 2026 in
131 1960 356 2045 spiritualibus
373 1966 404 2025 et
427 1959 661 2045 temporalibus
673 1943 891 2042 augmentare.
909 1961 1029 2027 Datum
1045 1959 1135 2048 apud
1149 1961 1211 2027 Ur·

86 2069 296 2136 hemueterem
327 2067 401 2135 XV.
426 2065 591 2135 kalendas
620 2066 831 2155 Novembris,
863 2069 1074 2136 Pontificatus
1106 2068 1209 2136 nostri

86 2195 165 2242 enno
180 2175 289 2244 tertio.

87 2369 214 2438 (Theiner,
227 2376 331 2428 Vetera
343 2375 519 2428 Monunrenta
533 2375 679 2427 Slavorum
687 2372 910 2426 Meridioualium
920 2372 1059 2424 historiam
1072 2371 1209 2427 illustran-

508 2467 549 2518 tia
560 2467 583 2517 1.
597 2467 654 2518 kur.
675 2467 735 2517 11⁶.
750 2463 780 2528 l.)

549 2745 753 2761 ..w-—

594 3279 671 3349 ltl.

85 3481 239 3545 Lodcme'r
254 3485 438 3570 esztcrpami
454 3482 541 3548 dread
565 3481 785 3566 metropolitae'
801 3479 945 3564 jopdnot
953 3476 1061 3564 fopcc
1083 3475 1211 3561 delphon

84 3591 201 3676 hapyp'o
218 3592 283 3654 lll.
300 3591 411 3654 Endre
441 3589 610 3676 ttrotpnat
635 3612 657 3653 a
672 3589 808 3673 scalpti
832 3586 1062 3674 apciczozo'rda
1078 3585 1212 3671 kepporc'

74 3697 174 3780 jopdt
190 3699 346 3784 tdrppuzd
376 3697 590 3782 odomdoyu't,
609 3695 742 3761 Mortuo
772 3718 873 3760 cornea
904 3692 1126 3780 olorazdphird
1141 3697 1209 3760 ezd-

540 3803 760 3872 mdra.1297.

193 3975 1212 4064 NosLodomeriusmiseracioneDiuinaArchicpiscopusStri-

84 4086 261 4176 goniensis,
276 4089 404 4178 locique
421 4090 564 4157 eiusdem
580 4088 895 4174 ComesPerpetuus,
911 4086 1134 4170 significamus
1144 4083 1212 4164 qui-

82 4195 149 4260 bus
165 4197 292 4282 expedit
309 4198 510 4283 presencium
527 4217 586 4284 per
601 4201 766 4280 tenorem3
783 4194 868 4279 quod
885 4215 957 4259 erum
974 4189 1210 4258 serenissimus

86 4302 237 4371 dominus
252 4311 362 4376 noster
378 4304 525 4370 Andreas
542 4305 604 4370 Dei
631 4302 742 4387 gracia
757 4304 826 4368 Rex
842 4301 982 4367 Illustris
998 4302 1211 4367 Patronatum

83 4429 145 4474 sen
160 4411 211 4493 jns
226 4414 421 4479 Patronatus
438 4410 626 4494 Monasterij
646 4410 738 4476 Beati
764 4409 930 4493 Lamperti
954 4407 994 4474 de
1011 4406 1162 4487 Sumlow,
1178 4403 1214 4468 in

82 4535 153 4597 quo
170 4517 318 4603 religiose
334 4519 465 4584 domine
481 4517 655 4584 Abbatisse
672 4524 705 4582 et
719 4513 878 4581 moniales
903 4513 1049 4581 resident
1064 4513 1133 4576 Deo
1150 4509 1213 4576 celi

80 4621 206 4708 iugiter
220 4627 424 4712 famulantes,
443 4623 545 4691 nobili
561 4623 630 4688 viro
647 4621 765 4689 Oomiti
791 4623 931 4688 Martino
947 4620 1012 4686 tilio
1029 4617 1142 4684 Emich
1157 4617 1213 4684 Vi·

977 4723 1051 4798 18*
