3120 5172
640 962 715 1029 230.

113 1163 163 1256 sle
180 1164 249 1246 apri
264 1161 490 1248 ddptatonnolt
506 1160 699 1240 cmldlttroto,
717 1161 799 1246 hopy
817 1157 948 1246 pr‘rqy
966 1170 1077 1224 mester
1095 1161 1158 1242 fio,
1175 1160 1256 1224 Fet--

113 1271 242 1353 catapli,
269 1268 501 1354 Ko'ztpnemptp
527 1289 557 1332 es
583 1266 750 1352 Alnemptt'
775 1266 992 1352 helyseqalchen
1018 1267 1260 1333 ozztozlocttak...

615 1366 620 1375 ’
635 1373 733 1438 1299.

225 1571 344 1635 Datum
360 1589 419 1654 pro
436 1571 602 1654 memoria,
619 1567 705 1650 quod
723 1588 796 1635 cam
813 1589 872 1636 nos
889 1569 982 1636 iuxta
1010 1569 1253 1637 continenciam-

121 1659 302 1743 litterarum
319 1675 438 1744 domini
455 1678 554 1760 Regis
571 1675 808 1742 memorialium
826 1697 898 1743 cum
923 1678 1083 1761 Magistro
1109 1676 1250 1762 Georgio

117 1786 188 1850 ciue
204 1782 349 1849 Budensi
364 1803 403 1848 ex
421 1802 487 1848 una
502 1789 605 1868 parte,
623 1790 655 1847 et
672 1781 795 1847 Oomite
820 1782 1002 1867 Michaele‚
1030 1803 1068 1848 ac
1093 1783 1254 1865 Magistro-

119 1892 287 1978 Slephano
303 1892 369 1957 tilio
386 1891 530 1978 eiusdem
548 1910 588 1955 ex
604 1889 719 1974 altera,
747 1889 944 1957 misissemus
962 1912 1001 1956 ex
1027 1891 1121 1957 nobis
1147 1891 1250 1956 virum

119 1999 297 2066 discretum
315 2004 346 2064 et
376 1997 546 2064 honestum
580 1993 737 2083 (Petrum)
769 1994 1041 2063 Archidiaconum
1057 1997 1099 2062 de
1115 1998 1251 2086 Kemey‚

118 2125 227 2172 coram
244 2125 309 2188 quo
340 2104 486 2190 predicte
517 2110 627 2188 partes
659 2103 692 2167 in
723 2101 828 2170 tribus
859 2103 1121 2189 possessionibus
1139 2125 1254 2172 eorum

117 2209 562 2297 Felnempti,Kuchnempti
594 2215 625 2276 et
657 2207 820 2294 Olnempti
850 2211 984 2296 vocatis,
1010 2213 1102 2278 iuxta
1118 2213 1251 2281 fluuium

119 2427 252 2512 Georgij
283 2424 427 2492 martiris
443 2423 637 2490 diuisionem
654 2422 819 2512 facerent;
835 2424 936 2508 ijdem
953 2426 1070 2494 Petrus
1086 2427 1255 2496 Archidia·

124 2553 225 2600 conus
241 2533 318 2600 inde
334 2531 376 2598 ad
396 2551 455 2598 nos
469 2550 620 2598 reuersus
635 2531 730 2597 nobis
745 2531 857 2599 taliter
873 2533 1040 2600 recitauit:
1071 2535 1158 2618 quod
1184 2557 1253 2621 pre·

119 2641 205 2707 dicte
237 2645 348 2724 partes
378 2639 413 2704 in
445 2637 568 2705 eisdem
600 2637 782 2720 quindenis
824 2640 896 2724 ipso
926 2647 1077 2726 presente
1117 2643 1151 2708 in
1183 2662 1265 2728 pre·-

120 2745 231 2814 missis
252 2747 354 2813 tribus
385 2745 645 2830 possessionibus
675 2746 742 2812 suis
758 2749 921 2814 communi
953 2769 1114 2816 consensu
1131 2757 1163 2815 et
1180 2755 1253 2837 pari

121 2855 294 2920 volontate
319 2854 420 2920 talem
447 2852 533 2920 inter
558 2871 593 2919 se
623 2851 777 2920 iecissent
793 2853 987 2922 diuisionem
1003 2877 1011 2916 ι
1028 2855 1121 2933 Quod
1145 2858 1252 2943 ipsam

119 2962 362 3048 possessionem
400 2960 594 3045 Felnempty
631 2959 666 3024 in
704 2956 787 3025 duas
827 2965 936 3042 partes
977 2963 1109 3044 equales
1126 2963 1263 3031 diuisis·-

120 3077 213 3152 sent;
253 3067 426 3150 exquibus
466 3087 531 3134 rna
569 3086 646 3152 pars
688 3066 831 3134 existens
872 3087 892 3133 a
932 3075 1025 3153 parte
1059 3069 1259 3138 occidentali.

120 3175 278 3262 predictis
294 3175 412 3242 Oomiti
428 3173 590 3262 Michaeli,
609 3179 641 3241 et
656 3173 813 3258 Magistro
829 3173 1004 3262 Stephano,
1022 3195 1062 3242 ao
1079 3177 1146 3243 suis
1163 3177 1253 3246 here·

121 3285 219 3350 dibus
235 3289 391 3368 perpetuo
407 3281 560 3348 cessisset
575 3279 774 3367 possidenda
790 3287 821 3347 et
845 3279 1009 3368 habenda,
1035 3283 1163 3367 reliqua
1188 3286 1267 3352 alia
1284 3331 1285 3334 =

121 3397 217 3476 parte
234 3389 298 3456 sita
322 3409 344 3456 a
367 3394 462 3476 parte
487 3387 637 3456 orientali
662 3388 769 3456 eidem
794 3387 953 3473 Magistro
979 3387 1133 3476 Georgia,
1159 3403 1255 3478 prout

119 3497 241 3564 fluuius
255 3496 383 3582 scindit,
401 3503 433 3563 et
449 3495 516 3564 suis
531 3495 704 3563 heredibus
720 3503 909 3563 remanente
924 3495 1073 3564 similiter
1098 3506 1255 3585 perpetuo

116 3603 332 3690 ‘possidenda
346 3605 430 3670 Item
446 3601 608 3690 prefatam
624 3603 862 3690 possessiooem
879 3605 1125 3692 Kezepnempty
1140 3606 1253 3674 simili·

121 3723 173 3778 tor
189 3712 223 3777 in
240 3712 321 3778 duas
346 3717 458 3796 partes
484 3713 617 3796 equales
643 3712 844 3797 diuisissent,
873 3731 913 3778 ex
941 3711 1059 3795 quibus
1084 3734 1148 3781 vna
1179 3735 1269 3802 pars-

122 3821 189 3887 sita
206 3827 329 3904 aparte
345 3819 498 3885 orientali
515 3819 620 3886 eidem
640 3820 798 3902 ltlagistro
816 3819 958 3903 Georgio
974 3826 1008 3888 et
1032 3820 1102 3887 suis
1128 3820 1251 3890 heredi

123 3929 185 3994 bus
202 3945 305 4010 vsqne
320 3926 364 3992 ad
382 3929 505 3994 curiam
521 3925 631 4011 Egidij
658 3927 714 4012 filij
743 3927 914 4012 Stephani,
940 3927 1064 4012 reliqua
1088 3926 1156 3994 alia
1181 3950 1256 4014 pars

123 4034 275 4102 existens
292 4043 421 4120 aparte
437 4035 632 4102 occidentali
648 4034 743 4102 dietis
754 4034 873 4101 Conriti
888 4032 1040 4100 Michaell
1053 4039 1085 4100 et
1099 4035 1266 4118 Magistro

122 4139 294 4226 Stephano
311 4161 350 4206 ac
364 4141 434 4208 suis
451 4140 624 4209 heredibus
639 4148 795 4227 perpetuo
811 4139 1013 4226 possidenda
1030 4141 1206 4208 cessissent
1226 4149 1266 4209 et·

123 4249 292 4316 habende.
307 4250 392 4316 Item
408 4248 542 4317 terciam
559 4257 592 4316 et
608 4249 755 4316 vltimam
771 4250 1011 4336 possessionem
1037 4248 1181 4332 ipsorum
1206 4249 1270 4317 Ol·-

121 4363 263 4444 nempty
293 4363 445 4424 vocatam
468 4377 573 4441 vsque
614 4357 656 4423 ad
682 4357 816 4423 terciam
842 4356 1081 4424 renolucionem
1112 4355 1264 4441 ipsarum

121 4461 365 4546 quindenarum
380 4464 476 4532 Beati
503 4463 635 4549 Georgij
664 4463 809 4530 martiris
838 4463 1052 4531 communiter
1075 4461 1258 4532 habendam

123 4577 159 4637 et
175 4570 414 4657 possidendam
430 4577 563 4658 propter
578 4592 699 4640 nonum
715 4573 890 4640 aduentum
907 4571 1071 4657 hospitum
1087 4570 1149 4638 sibi
1168 4571 1270 4638 dimi--
