3112 5158
598 1059 674 1128 104.

96 1242 220 1310 Abudct'
234 1244 460 1330 kriptalannalc
475 1243 750 1330 bizonyso'qlcoele,
769 1243 852 1327 bopy
868 1241 983 1308 dezlci
998 1253 1122 1327 mester,
1143 1241 1198 1308 bu·

94 1351 141 1416 dui
160 1353 265 1417 olouso'
291 1351 443 1436 bonomi,
468 1353 596 1418 Bouou-
609 1351 739 1437 Mapyar
754 1350 892 1416 birtoledt
911 1350 1066 1416 Tivudor·
1091 1360 1199 1415 mester

272 1459 543 1545 ozeltesfelrerucire'
552 1459 750 1546 potpoetnalc
766 1458 883 1522 eludta.
902 1457 999 1522 1294.

269 1629 272 1632 '
339 1618 369 1684 A
630 1618 657 1682 Β
918 1617 943 1682 O

183 1811 398 1898 (C)apitulum
416 1813 576 1881 Budensis
591 1813 741 1879 Ecclesie
758 1813 907 1878 omnibus
923 1811 1042 1878 curisti
1052 1811 1198 1880 fidelibus

91 1917 191 2001 quibus
207 1927 378 2004 presentes
397 1920 615 2006 ostendentur,
631 1919 769 1987 salutem
785 1918 819 1984 in
836 1939 874 1984 eo
891 1918 944 2001 qni
962 1919 1092 1987 estsons
1104 1920 1199 1986 uenie

92 2027 238 2109 periteret
263 2028 390 2094 salutis.
415 2029 467 2094 Ad
477 2030 698 2095 uniuersorum
717 2026 870 2093 noticiam
895 2033 962 2091 tam
990 2025 1192 2112 presencium
1248 2079 1252 2084 .

91 2153 175 2214 quam
191 2133 369 2200 futurorum
385 2135 500 2200 harum
509 2132 605 2222 serie}
616 2136 764 2202 uolumus
775 2132 962 2219 peruenire:
989 2133 1073 2218 quod
1098 2133 1200 2215 Magi·

89 2247 144 2304 uter
158 2239 331 2307 bulizlaus
348 2243 617 2310 LectorEcclesie
627 2250 745 2325 nostre,
767 2243 817 2308 uir
829 2241 955 2320 nobilis,
969 2240 1052 2306 filius
1063 2239 1199 2306 Comitis

89 2346 240 2414 Demade
256 2347 371 2435 Bolug,
404 2349 438 2414 in
453 2349 560 2416 medio
584 2351 688 2417 nostri
717 2348 934 2434 personaliter
958 2349 1103 2428 astando,
1130 2365 1201 2412 oon·

89 2452 185 2519 sessus
201 2460 251 2520 eet
267 2455 346 2520 uiua
364 2475 452 2543 uoce,
469 2455 630 2539 quandam
647 2453 884 2541 possessionem
900 2471 990 2518 suem
1015 2453 1126 2535 Meger
1151 2473 1203 2518 uo-

88 2564 281 2646 catumeum
307 2561 456 2629 omnibus
481 2561 674 2629 utilitatibus
699 2561 827 2662 suiset
850 2559 1070 2646 pertinenoijs,
1095 2557 1199 2644 pratis

87 2665 240 2751 uidelicet,
272 2667 398 2752 sanetis,
426 2669 520 2735 terris
547 2670 641 2735 cultis
658 2675 691 2736 et
708 2669 845 2754 incultis,
872 2671 931 2736 sub
957 2667 1080 2733 eisdem
1105 2664 1216 2732 metiow

87 2779 115 2836 et
130 2773 284 2856 terminis,
308 2776 425 2857 quibus
450 2775 492 2840 ab
518 2777 651 2859 antiquo
677 2776 811 2842 limitata
838 2774 944 2841 extitit
977 2783 1008 2841 et
1040 2790 1206 2859 possessa,

86 2879 171 2946 iuxta
187 2882 374 2948 Danubium
391 2883 424 2947 in
441 2881 602 2948 Comitatu
619 2885 776 2950 Pestiensi
794 2903 896 2969 prope
922 2881 1045 2948 Budum
1064 2880 1204 2946 existen-

85 2994 154 3070 tem,
172 3007 234 3070 que
251 2985 416 3074 adipsum
432 2992 687 3073 permutaciouis
703 2991 795 3057 titulo
811 3011 850 3057 ex
876 2993 968 3074 parte
994 2986 1116 3053 domini
1141 2985 1200 3052 La·

83 3093 177 3161 dizlni
204 3097 416 3164 miseracione
440 3097 564 3163 Diuina
589 3098 832 3184 archiepiscopi
858 3095 1098 3180 strigoniensis,
1128 3091 1210 3159 loci-

79 3219 139 3281 que
154 3200 300 3268 eiusdem
316 3202 450 3269 Comitis
467 3204 627 3291 Perpetui,
646 3205 687 3272 de
704 3203 955 3272 conniuenciaet
979 3223 1113 3269 assensu
1138 3201 1196 3270 Ga·

81 3305 173 3389 pituli
191 3308 338 3376 eiusdem
354 3310 503 3377 Ecclesie
519 3309 763 3398 Strigoniensis,
779 3313 862 3378 sicut
878 3309 912 3376 in
928 3309 1045 3378 litteris
1070 3309 1200 3394 priuile-

79 3413 223 3494 gialibus
250 3415 354 3501 ipsius
386 3415 508 3483 domini
538 3417 786 3505 Arobiepisoopi
810 3415 950 3484 uidimus
975 3416 1140 3503 contineri,
1171 3417 1206 3482 in

78 3523 305 3591 concambium
321 3524 401 3592 rillc
417 3545 476 3592 sue
502 3526 638 3612 Keysyg
655 3531 782 3594 'uocate
813 3546 914 3614 prope
942 3526 1060 3593 siluam
1085 3526 1207 3591 Beroen

79 3627 111 3692 in
127 3630 420 3719 archiepiscopalis
437 3633 516 3700 iuris
533 3633 710 3702 dominium
727 3635 901 3722 applicate,
911 3634 1022 3701 luerat
1037 3632 1205 3714 deuolute,

75 3737 265 3806 uendidisse
280 3739 421 3807 discreto
437 3742 507 3808 uiro
523 3741 686 3827 Magistro·
697 3742 868 3810 Theodoro
894 3742 1063 3827 Proposito
1088 3739 1204 3806 Alben-

74 3844 120 3908 sis
137 3845 290 3914 Ecclesia
305 3849 379 3915 aule
395 3848 517 3914 domini
534 3850 631 3934 Regis
646 3848 934 3936 Uiceeancellario,
952 3856 984 3914 et
999 3847 1114 3914 Comiti
1142 3845 1203 3912 La-

73 3949 188 4020 dizlao
204 3953 300 4021 fratri
316 3955 613 4043 eiusdem-uterino,
630 3976 670 4023 ac
685 3957 833 4045 Nycolao
858 3957 924 4023 filio
940 3954 1089 4042 Nycolay
1113 3953 1202 4020 nobi-

72 4055 164 4126 libus
183 4059 224 4130 de
241 4063 396 4145 Tengurd
411 4065 655 4148 presencialiter
671 4065 865 4153 astantibus,
883 4083 940 4149 pro
955 4069 1082 4129 centum
1110 4069 1141 4128 et
1168 4059 1213 4127 ui·

74 4163 164 4242 giuli
182 4167 302 4235 marcis
317 4171 445 4252 argenti
462 4170 558 4255 plene
589 4171 728 4258 receptis
762 4173 803 4239 sb
835 4172 956 4240 eisdem
987 4169 1204 4257 perempniter

69 4272 321 4353 possidendam.
349 4276 419 4343 Hoc
449 4277 585 4365 adiecto,
612 4277 742 4363 quodsi
767 4279 839 4365 quis
863 4281 898 4346 in
922 4285 1085 4364 posterum
1112 4293 1209 4360 super

69 4376 149 4462 ipsa
168 4383 254 4448 ville
270 4384 381 4467 bleger
394 4386 449 4451 uel
466 4388 581 4471 queuis
597 4390 759 4474 particula
784 4388 927 4456 eiusdem
953 4406 1103 4474 processu
1128 4392 1209 4452 tem·

67 4507 193 4570 porum
211 4491 358 4575 aliquam
375 4494 511 4561 mouerit
526 4497 741 4582 questionem,
758 4498 829 4583 ipse
842 4497 1011 4584 {Magister
1035 4495 1212 4564 Ledizlaus

65 4591 255 4665 defendere
271 4604 303 4665 et
319 4598 472 4685 expedire
489 4603 626 4672 eundem
643 4606 847 4690 Prepositum
864 4611 896 4671 et
920 4605 1036 4672 fratres
1061 4625 1137 4672 suos
1176 4623 1216 4672 ae
