3120 5172
791 281 950 382 geos-

306 496 440 574 mornm,
458 475 743 560 circumspectione
759 477 906 563 provida,
923 485 956 543 et
971 477 1176 563 providentia
1200 480 1416 564 circumspecta

304 583 472 653 laudabile
488 585 706 652 testimonium
722 585 919 671 perhibetur,
935 585 975 652 de
991 586 1128 654 fratrum
1154 593 1339 654 nostrorum
1361 604 1417 652 con·

306 694 381 761 silio
399 699 431 760 et
447 692 637 778 Apostolice
652 693 855 779 plenitudine
871 695 1044 781 potestatis
1061 694 1166 761 eidem
1186 693 1335 762 Ecclesie
1356 695 1419 780 Sps·

304 801 427 868 latensi
443 801 475 866 in
493 801 784 888 arehiepiscopum
802 801 984 889 preficimus
1001 810 1034 869 et
1055 809 1237 888 pastorem3
1270 809 1421 888 sperantes

305 907 442 975 firmiter
457 925 499 976 ex
514 907 733 978 laudabilibus
749 911 954 996 testimoniis,
972 930 1035 994 que
1052 910 1094 978 de
1118 916 1151 977 tc
1176 907 1420 977 commendabili·

305 1023 355 1083 ter
369 1017 589 1105 predicantur,
606 1016 692 1102 quod
711 1019 825 1085 eadem
842 1018 990 1086 Ecclesia
1005 1020 1065 1085 sub
1080 1025 1136 1086 tuo
1162 1017 1320 1102 regimine
1344 1023 1421 1101 grata

306 1125 470 1212 suscipiet,
487 1127 557 1193 Deo
574 1125 728 1214 propitio,
757 1125 790 1194 in
815 1125 1045 1212 spiritualibus
1071 1132 1104 1194 et
1128 1124 1362 1211 temporalibus
1387 1124 1423 1190 in-

307 1241 481 1300 crementa.
499 1234 696 1300 Reverenter
710 1234 821 1318 itaque
836 1233 966 1320 suscipe
993 1232 1105 1316 iugum
1120 1231 1264 1318 Domini,
1282 1238 1317 1298 et
1342 1231 1422 1298 suavi

306 1337 376 1406 eius
392 1341 480 1406 oneri
497 1339 659 1409 humiliter
675 1341 760 1409 colla
776 1341 937 1426 submitte,
953 1359 1148 1424 manumque
1163 1339 1296 1406 mittens
1312 1339 1355 1405 ad
1372 1337 1424 1404 lor·

305 1445 364 1533 tis,
392 1448 495 1536 ipsius
524 1449 837 1518 administrationem
864 1449 1069 1536 spalatensis
1091 1448 1239 1516 Ecclesie
1263 1447 1424 1532 prudenter
1528 1523 1529 1526 Ἴ

309 1557 435 1646 exequi,
452 1564 484 1623 et
500 1560 610 1642 gregis
627 1558 689 1625 tibi
705 1559 870 1625 commissi
886 1557 1066 1624 custodiam
1083 1556 1237 1641 prosequi
1263 1554 1421 1640 diligenter

308 1664 450 1752 studeas,
466 1671 500 1732 et
516 1671 700 1732 constanter
715 1665 924 1752 oppositurus
939 1671 972 1731 te
987 1683 1113 1731 murum
1129 1683 1187 1749 pro
1197 1662 1294 1730 domo
1305 1661 1421 1728 Domini

310 1773 563 1841 ascendentibus
582 1793 623 1840 ex
638 1773 785 1859 adverso,
805 1779 840 1839 nt
855 1771 1017 1840 laudabili
1033 1771 1075 1838 de
1090 1772 1162 1857 ipso
1179 1771 1310 1838 reddita
1324 1772 1356 1836 in
1379 1767 1423 1835 die

312 1881 446 1950 districti
467 1883 628 1951 examinis
644 1883 780 1962 ratione,
802 1901 938 1965 regnum
970 1882 1076 1966 patris
1108 1880 1210 1945 eterni
1241 1876 1284 1944 ab
1314 1877 1426 1962 origine

312 1989 424 2058 mundi
441 2003 590 2077 paratum
607 1991 718 2058 electis
746 1990 903 2078 accipias,
929 1991 963 2056 in
988 1989 1111 2056 dilecta
1134 1986 1266 2052 Domini
1292 1985 1426 2054 taberna-

311 2103 385 2168 cula
401 2095 597 2166 letabundus
613 2097 765 2174 introeas,
791 2101 824 2162 et
839 2095 979 2164 eundem
995 2094 1053 2160 tibi
1078 2093 1285 2160 commissum
1311 2111 1426 2175 gregem

310 2205 352 2272 ad
369 2206 527 2273 uberioris
543 2203 764 2272 retributionis
781 2201 943 2268 cumulum
968 2201 1167 2268 introducas.
1193 2199 1315 2266 Datum
1340 2197 1427 2264 Rome

311 2315 401 2401 apud
416 2315 569 2382 Sanctum
585 2315 714 2380 Petrum
731 2313 789 2378 Vl.
804 2310 879 2378 idus
894 2309 986 2396 Maii,
1001 2307 1212 2376 Pontificatus
1233 2307 1333 2376 nosui
1355 2325 1427 2374 anuo

315 2421 420 2489 tertio.

419 2531 467 2597 ln.
485 2551 513 2600 e.
530 2551 573 2596 m.
590 2527 870 2615 Archipresbitero
887 2531 919 2592 ct
934 2525 1085 2611 Capitulo
1100 2524 1251 2591 Ecclesia
1267 2521 1427 2608 Spalatcn·

312 2638 367 2722 sis,
385 2635 477 2706 Glero
494 2637 643 2706 Civitatis
660 2641 693 2704 et
707 2635 853 2703 Diocesis
870 2632 1085 2720 Spalatensis,
1109 2631 1352 2699 venerabilibus
1373 2628 1427 2694 lra-

313 2746 414 2814 tribus
431 2746 592 2813 vniuersis
618 2745 843 2827 suffraganeis
869 2740 1014 2808 Ecclesie
1032 2739 1247 2826 Spalatensis,
1273 2735 1428 2817 Potestati,

313 2852 458 2920 Consilio
475 2861 507 2921 et
524 2853 658 2921 Comani
683 2851 933 2937 Spalatensibus
959 2855 991 2914 et
1016 2847 1175 2914 universis
1199 2845 1277 2932 filijs
1303 2841 1429 2912 ecclesie

313 2961 527 3046 Spalatensis.

314 3157 450 3224 (Theiner,
463 3158 565 3212 Vetera
576 3161 749 3212 Monumenta
763 3156 906 3208 Slaverum
919 3153 1139 3207 Meridionalium
1150 3151 1291 3204 historiam
1301 3149 1430 3200 illustran-

742 3249 784 3300 tia
795 3249 816 3298 1.
830 3247 885 3298 scr.
907 3246 969 3299 11³.
982 3243 1012 3311 l.)
