3112 5158
755 193 914 294 Q

268 389 375 476 misit;
406 399 545 460 castrum
563 389 667 459 eciam
683 391 815 460 Saswar
831 396 995 477 uocatum,
1012 388 1098 475 quod
1123 396 1234 459 eontra
1253 395 1399 460 nostram

270 521 328 586 per
347 501 539 570 'l'eotonieos
565 499 773 568 detinebatur
787 496 1001 584 Maiestatem,
1028 498 1098 586 ipse
1123 496 1238 588 Comes
1254 501 1400 566 Abraam

273 608 474 692 expugnauit
494 606 653 692 nobisque
662 602 805 673 reddidit
824 611 1055 692 expugnatum.
1068 604 1147 671 Cum
1164 605 1270 673 eciam
1286 607 1330 672 ad
1348 627 1400 674 ex·

271 715 484 800 pugnandum
510 722 651 782 castrum
686 711 888 781 Posoniense
914 713 1079 780 Mathenm
1102 713 1292 798 Magistrum
1313 712 1399 798 Aga·

270 844 385 891 sonum
401 831 583 891 nostrorum
595 823 809 907 misissemus,
820 821 892 907 ipse
903 820 1018 887 Comes
1035 819 1179 887 Abraam
1191 821 1224 886 in
1235 841 1400 906 expugna·

268 932 362 998 eioue
373 933 451 999 dieti
463 933 561 1000 castri
573 929 1012 998 viriliterdimieauitmortis
1025 930 1205 1016 perieulum
1217 950 1283 996 non
1295 930 1399 997 formi—
1421 1001 1423 1006 ,

271 1038 354 1106 dans
366 1063 373 1103 :
384 1040 438 1107 nbi
454 1041 540 1108 idem
557 1040 673 1106 Comes
688 1038 833 1105 Abraam
849 1038 996 1105 letaliter
1011 1039 1122 1106 extitit
1136 1037 1325 1127 uulneratus,
1336 1039 1400 1123 qui·

274 1147 350 1212 dam
360 1148 507 1214 seruiens
525 1167 600 1214 suus
619 1146 707 1212 diem
716 1145 836 1212 elausit
853 1153 1043 1231 extremum,
1057 1146 1133 1232 alijs
1144 1165 1222 1212 uero
1234 1147 1400 1214 seruienti-

272 1251 413 1320 bussnis
430 1253 498 1321 fere
514 1276 647 1322 numero
667 1253 905 1337 quinquaginta
915 1252 1091 1319 crudeliter
1103 1253 1281 1340 sauciatis;
1308 1261 1401 1340 prout

271 1361 332 1428 hee
349 1361 457 1428 omnia
472 1382 530 1446 per
546 1362 727 1447 predictum
752 1361 941 1443 Magistrum
969 1359 1144 1446 Matbeum,
1174 1360 1323 1446 aliosque
1348 1384 1399 1429 no-

272 1469 354 1535 biles
371 1469 460 1534 illius
477 1469 580 1552 partis
597 1467 808 1551 eognouimus
826 1467 1002 1535 euidenter.
1020 1469 1061 1532 Et
1076 1468 1154 1535 licet
1170 1468 1257 1534 idem
1284 1470 1399 1537 Comes

273 1575 418 1641 Abraam
434 1595 492 1658 pro
517 1573 584 1642 suis
602 1574 752 1642 fidelibus
769 1575 932 1658 seruicijs,
959 1596 1018 1660 pro
1034 1575 1223 1644 accionibus
1249 1575 1398 1662 stramina,

271 1704 329 1770 pro
346 1701 476 1748 suarum
493 1683 693 1749 documentis
710 1682 917 1768 probitatum,
936 1683 1156 1749 munificenoie
1172 1683 1275 1767 Regia
1290 1683 1399 1751 decer·

272 1813 350 1877 pere
366 1793 489 1860 fruetus
505 1798 681 1860 mereretur
698 1792 886 1876 amplioris:
903 1797 1009 1858 tamen
1026 1799 1060 1859 ut
1086 1791 1322 1878 aliquantisper
1348 1813 1400 1860 uo

272 1900 314 1965 tis
331 1903 400 1968 eius
416 1921 607 1988 annuamus,
639 1900 804 1984 quandam
835 1907 952 1966 terram
985 1899 1092 1966 (lustri
1117 1902 1220 1967 nostri
1252 1902 1399 1984 Golgoclr

271 2008 363 2075 iuxta
378 2009 510 2076 fluuium
527 2009 611 2092 Wag
627 2009 829 2096 existentem,
846 2009 879 2076 in
897 2028 962 2090 qua
978 2009 1138 2094 quendem
1155 2017 1296 2076 castrum
1324 2030 1396 2076 eon·

273 2120 429 2182 structum
446 2117 563 2204 fuerat,
581 2124 613 2181 ct
629 2123 814 2184 castrenses
831 2117 932 2184 nostri
949 2117 1144 2200 residebant,
1176 2118 1324 2202 Golgoeh
1349 2139 1400 2186 no.

273 2231 390 2309 catam,
408 2225 587 2292 simuleum
605 2224 734 2310 tributo,
752 2223 837 2309 quod
853 2224 974 2291 ibidem
994 2223 1079 2309 exigi
1107 2225 1286 2312 consueuit,
1312 2225 1400 2310 alijs·

274 2352 335 2416 que
351 2333 418 2398 suis
436 2333 632 2399 utilitatibus
649 2339 681 2399 et
697 2333 907 2419 pertineneijs
925 2333 1096 2416 uniuersis,
1115 2333 1175 2398 sub
1193 2333 1317 2400 eisdem
1335 2352 1397 2398 me-

274 2440 316 2507 tis
334 2447 365 2507 ct
381 2441 538 2526 terminis,
556 2442 672 2523 utribus
689 2463 747 2525 per
772 2440 896 2527 priores
925 2461 1128 2526 possessores
1155 2440 1268 2506 habita
1295 2441 1401 2507 fuerat

277 2555 309 2613 et
325 2568 486 2636 possessa,
504 2549 664 2636 dedimus,
681 2549 877 2616 donauimus
904 2559 936 2615 et
962 2550 1157 2616 contulimus
1188 2549 1252 2632 ipsi
1286 2545 1401 2614 Comiti

276 2655 429 2743 Abraam,
446 2663 476 2721 et
491 2677 549 2742 per
565 2679 637 2723 eum
656 2657 724 2724 suis
740 2657 913 2724 heredibus
931 2657 1152 2740 heredumque
1178 2677 1309 2724 suorum
1334 2678 1401 2725 suc-

279 2764 458 2831 cessoribus
474 2763 542 2831 iure
559 2773 717 2850 perpetuo
743 2773 774 2832 et
802 2765 1062 2832 irreuoeabiliter
1088 2763 1330 2850 possidendam,
1357 2773 1400 2832 te-

276 2871 416 2938 nendam
433 2880 465 2940 et
482 2873 676 2940 habendam.
692 2876 735 2940 Vt
752 2873 851 2956 igitur
872 2872 965 2939 buius
982 2881 1093 2940 nostre
1103 2873 1292 2938 donacionis
1303 2875 1401 2940 series

276 2983 372 3047 robur
387 2981 532 3066 optineat
549 2987 702 3065 perpetuo
720 2979 893 3066 firmitatis,
913 2999 973 3046 nec
989 2999 1144 3064 processu
1161 2987 1344 3065 temporum
1370 2981 1402 3046 in

276 3088 403 3156 irritum
420 3089 529 3154 rraleat
544 3089 702 3175 reuocari,
720 3094 890 3174 presentes
908 3088 1125 3154 concessimus
1137 3087 1265 3155 litteras
1277 3087 1402 3174 duppli-

278 3196 324 3262 eis
340 3195 440 3280 sigilli
459 3195 559 3262 nostri
574 3195 752 3262 munimine
780 3196 958 3264 roboratas,
983 3197 1103 3261 Datum
1129 3213 1187 3279 per
1212 3215 1330 3264 manus
1357 3196 1401 3262 di·

276 3306 354 3371 creti
382 3305 440 3370 viri
460 3304 605 3387 Magistri
622 3301 784 3370 Theodori
801 3303 953 3370 Albensis
973 3303 1118 3370 lleelesic
1143 3303 1305 3388 Propositi
1329 3305 1404 3371 aule

276 3417 387 3478 nostre
404 3410 690 3496 viee-Cancellarij
717 3409 829 3480 dilecti
844 3418 877 3478 ct
900 3410 1008 3479 tidelis
1034 3411 1135 3477 nostri
1160 3430 1247 3479 anuo
1273 3413 1403 3479 Domini

277 3519 929 3606 M⁰OO⁰nonagesimoIlII⁰quindecimo
940 3520 1100 3590 kalendas
1111 3520 1292 3610 Februarij,
1302 3521 1402 3605 Regni

277 3634 385 3694 autem
400 3628 501 3696 nostri
518 3649 603 3695 anno
620 3635 742 3715 quarto.

278 3840 417 3906 (Erodotio
429 3843 602 3913 bb'rhairtydn,
618 3846 732 3911 molyrb'l
745 3861 762 3896 a
775 3843 920 3912 pecadtnclr
945 3843 1071 3897 t'dreddlre
1095 3842 1342 3910 uirga-vorbsndld
1364 3861 1404 3898 sc·

432 3935 629 4002 lyomasindron
643 3937 711 4002 itigg
723 3954 730 4000 ς
744 3952 760 3987 a
773 3936 857 3987 budui
872 3937 922 3987 kir.
936 3935 1060 3987 luamurai
1072 3931 1263 4004 lovdltdrban.)

743 4222 855 4232 ...ᾳ-...-
864 4223 949 4232 -...--..
