<?xml version="1.0" encoding="UTF-8"?>
<!DOCTYPE html PUBLIC "-//W3C//DTD XHTML 1.0 Transitional//EN"
    "http://www.w3.org/TR/xhtml1/DTD/xhtml1-transitional.dtd">
<html xmlns="http://www.w3.org/1999/xhtml" xml:lang="en" lang="en">
 <head>
  <title>
</title>
<meta http-equiv="Content-Type" content="text/html;charset=utf-8" />
  <meta name='ocr-system' content='tesseract 3.04.00' />
  <meta name='ocr-capabilities' content='ocr_page ocr_carea ocr_par ocr_line ocrx_word'/>
</head>
<body>
  <div class='ocr_page' id='page_1' title='image "./codexdiplomatic19wenzgoog_0364.png"; bbox 0 0 3120 5172; ppageno 0'>
   <div class='ocr_carea' id='block_1_1' title="bbox 759 263 909 374">
    <p class='ocr_par' dir='ltr' id='par_1_1' title="bbox 759 263 909 374">
     <span class='ocr_line' id='line_1_1' title="bbox 759 263 909 374; baseline -0.013 -35"><span class='ocrx_word' id='word_1_1' title='bbox 759 263 909 374; x_wconf 56' lang='lat' dir='ltr'><strong>pm-</strong></span> 
     </span>
    </p>
   </div>
   <div class='ocr_carea' id='block_1_2' title="bbox 218 451 1401 2713">
    <p class='ocr_par' dir='ltr' id='par_1_2' title="bbox 218 451 1401 2713">
     <span class='ocr_line' id='line_1_2' title="bbox 264 451 1388 558; baseline -0.004 -22"><span class='ocrx_word' id='word_1_2' title='bbox 264 465 427 558; x_wconf 87' lang='lat' dir='ltr'><strong>predictus</strong></span> <span class='ocrx_word' id='word_1_3' title='bbox 442 469 638 536; x_wconf 79' lang='lat' dir='ltr'><strong>Benedictus</strong></span> <span class='ocrx_word' id='word_1_4' title='bbox 654 467 759 554; x_wconf 82' lang='lat' dir='ltr'><strong>ipsam</strong></span> <span class='ocrx_word' id='word_1_5' title='bbox 775 451 971 555; x_wconf 67' lang='lat' dir='ltr'><strong>particulam</strong></span> <span class='ocrx_word' id='word_1_6' title='bbox 988 475 1071 537; x_wconf 90' lang='lat' dir='ltr'><strong>terre</strong></span> <span class='ocrx_word' id='word_1_7' title='bbox 1098 487 1158 536; x_wconf 90' lang='lat' dir='ltr'><strong>sue</strong></span> <span class='ocrx_word' id='word_1_8' title='bbox 1183 468 1332 554; x_wconf 88' lang='lat' dir='ltr'><strong>emptloie</strong></span> <span class='ocrx_word' id='word_1_9' title='bbox 1355 455 1388 532; x_wconf 88' lang='lat' dir='ltr'><strong>in</strong></span> 
     </span>
     <span class='ocr_line' id='line_1_3' title="bbox 264 573 1386 665; baseline -0.003 -21"><span class='ocrx_word' id='word_1_10' title='bbox 264 579 413 665; x_wconf 80' lang='lat' dir='ltr'><strong>Dercyne</strong></span> <span class='ocrx_word' id='word_1_11' title='bbox 429 578 630 664; x_wconf 81' lang='lat' dir='ltr'>existentem,</span> <span class='ocrx_word' id='word_1_12' title='bbox 646 573 689 642; x_wconf 86' lang='lat' dir='ltr'><strong>ad</strong></span> <span class='ocrx_word' id='word_1_13' title='bbox 706 596 798 643; x_wconf 84' lang='lat' dir='ltr'><strong>usum</strong></span> <span class='ocrx_word' id='word_1_14' title='bbox 815 583 956 662; x_wconf 87' lang='lat' dir='ltr'><strong>quatuor</strong></span> <span class='ocrx_word' id='word_1_15' title='bbox 972 585 1158 644; x_wconf 82' lang='lat' dir='ltr'><strong>aratrorum</strong></span> <span class='ocrx_word' id='word_1_16' title='bbox 1169 576 1386 658; x_wconf 81' lang='lat' dir='ltr'><strong>sufficientem,</strong></span> 
     </span>
     <span class='ocr_line' id='line_1_4' title="bbox 263 679 1386 772; baseline 0.003 -19"><span class='ocrx_word' id='word_1_17' title='bbox 263 707 360 770; x_wconf 88' lang='lat' dir='ltr'><strong>quam</strong></span> <span class='ocrx_word' id='word_1_18' title='bbox 376 681 564 754; x_wconf 88' lang='lat' dir='ltr'><strong>memoratis</strong></span> <span class='ocrx_word' id='word_1_19' title='bbox 581 679 723 772; x_wconf 90' lang='lat' dir='ltr'><strong>(Hcrke)</strong></span> <span class='ocrx_word' id='word_1_20' title='bbox 740 682 805 750; x_wconf 89' lang='lat' dir='ltr'><strong>filio</strong></span> <span class='ocrx_word' id='word_1_21' title='bbox 823 683 981 752; x_wconf 88' lang='lat' dir='ltr'><strong>Kalmaui</strong></span> <span class='ocrx_word' id='word_1_22' title='bbox 997 692 1030 753; x_wconf 92' lang='lat' dir='ltr'><strong>et</strong></span> <span class='ocrx_word' id='word_1_23' title='bbox 1046 684 1153 752; x_wconf 84' lang='lat' dir='ltr'><strong>Adam</strong></span> <span class='ocrx_word' id='word_1_24' title='bbox 1168 683 1237 751; x_wconf 87' lang='lat' dir='ltr'><strong>lilio</strong></span> <span class='ocrx_word' id='word_1_25' title='bbox 1267 683 1386 756; x_wconf 84' lang='lat' dir='ltr'><strong>Mathic</strong></span> 
     </span>
     <span class='ocr_line' id='line_1_5' title="bbox 262 791 1391 880; baseline -0.002 -20"><span class='ocrx_word' id='word_1_26' title='bbox 262 793 482 862; x_wconf 79' lang='lat' dir='ltr'><strong>mediantibus</strong></span> <span class='ocrx_word' id='word_1_27' title='bbox 499 791 659 879; x_wconf 85' lang='lat' dir='ltr'><strong>prlorlbus</strong></span> <span class='ocrx_word' id='word_1_28' title='bbox 675 792 793 859; x_wconf 89' lang='lat' dir='ltr'><strong>litteris</strong></span> <span class='ocrx_word' id='word_1_29' title='bbox 810 792 932 860; x_wconf 90' lang='lat' dir='ltr'><strong>uostris</strong></span> <span class='ocrx_word' id='word_1_30' title='bbox 949 812 1009 880; x_wconf 93' lang='lat' dir='ltr'><strong>pro</strong></span> <span class='ocrx_word' id='word_1_31' title='bbox 1026 793 1129 860; x_wconf 90' lang='lat' dir='ltr'><strong>tribus</strong></span> <span class='ocrx_word' id='word_1_32' title='bbox 1145 791 1264 859; x_wconf 92' lang='lat' dir='ltr'><strong>marcis</strong></span> <span class='ocrx_word' id='word_1_33' title='bbox 1288 791 1391 859; x_wconf 92' lang='lat' dir='ltr'><strong>Bana·</strong></span> 
     </span>
     <span class='ocr_line' id='line_1_6' title="bbox 265 899 1393 987; baseline -0.001 -21"><span class='ocrx_word' id='word_1_34' title='bbox 265 902 352 970; x_wconf 87' lang='lat' dir='ltr'><strong>libus</strong></span> <span class='ocrx_word' id='word_1_35' title='bbox 369 924 391 969; x_wconf 87' lang='lat' dir='ltr'><strong>a</strong></span> <span class='ocrx_word' id='word_1_36' title='bbox 407 919 442 968; x_wconf 85' lang='lat' dir='ltr'><strong>se</strong></span> <span class='ocrx_word' id='word_1_37' title='bbox 457 902 556 987; x_wconf 88' lang='lat' dir='ltr'><strong>plene</strong></span> <span class='ocrx_word' id='word_1_38' title='bbox 571 900 694 967; x_wconf 84' lang='lat' dir='ltr'><strong>habitis</strong></span> <span class='ocrx_word' id='word_1_39' title='bbox 711 906 745 967; x_wconf 88' lang='lat' dir='ltr'><strong>et</strong></span> <span class='ocrx_word' id='word_1_40' title='bbox 754 899 896 985; x_wconf 86' lang='lat' dir='ltr'><strong>receptis</strong></span> <span class='ocrx_word' id='word_1_41' title='bbox 913 919 1015 985; x_wconf 80' lang='lat' dir='ltr'><strong>usquc</strong></span> <span class='ocrx_word' id='word_1_42' title='bbox 1039 901 1083 968; x_wconf 89' lang='lat' dir='ltr'><strong>ad</strong></span> <span class='ocrx_word' id='word_1_43' title='bbox 1108 899 1244 968; x_wconf 84' lang='lat' dir='ltr'><strong>terciam</strong></span> <span class='ocrx_word' id='word_1_44' title='bbox 1271 899 1393 968; x_wconf 90' lang='lat' dir='ltr'><strong>reuolu-</strong></span> 
     </span>
     <span class='ocr_line' id='line_1_7' title="bbox 218 1005 1393 1094; baseline -0.003 -18"><span class='ocrx_word' id='word_1_45' title='bbox 218 1037 225 1046; x_wconf 93' lang='lat'>·</span> <span class='ocrx_word' id='word_1_46' title='bbox 264 1008 389 1076; x_wconf 88' lang='lat' dir='ltr'><strong>cionem</strong></span> <span class='ocrx_word' id='word_1_47' title='bbox 405 1007 481 1076; x_wconf 82' lang='lat' dir='ltr'><strong>festi</strong></span> <span class='ocrx_word' id='word_1_48' title='bbox 497 1006 689 1074; x_wconf 81' lang='lat' dir='ltr'><strong>Natiuitatis</strong></span> <span class='ocrx_word' id='word_1_49' title='bbox 705 1005 799 1074; x_wconf 85' lang='lat' dir='ltr'><strong>Beati</strong></span> <span class='ocrx_word' id='word_1_50' title='bbox 816 1005 978 1073; x_wconf 86' lang='lat' dir='ltr'><strong>Johannis</strong></span> <span class='ocrx_word' id='word_1_51' title='bbox 994 1005 1144 1091; x_wconf 83' lang='lat' dir='ltr'><strong>Baptista</strong></span> <span class='ocrx_word' id='word_1_52' title='bbox 1160 1005 1290 1094; x_wconf 84' lang='lat' dir='ltr'><strong>pignori</strong></span> <span class='ocrx_word' id='word_1_53' title='bbox 1317 1005 1393 1074; x_wconf 91' lang='lat' dir='ltr'><strong>obli-</strong></span> 
     </span>
     <span class='ocr_line' id='line_1_8' title="bbox 266 1113 1394 1214; baseline -0.002 -31"><span class='ocrx_word' id='word_1_54' title='bbox 266 1123 418 1214; x_wconf 59' lang='lat' dir='ltr'><strong>generat</strong></span> <span class='ocrx_word' id='word_1_55' title='bbox 435 1115 573 1184; x_wconf 88' lang='lat' dir='ltr'><strong>eandem</strong></span> <span class='ocrx_word' id='word_1_56' title='bbox 589 1115 785 1201; x_wconf 74' lang='lat' dir='ltr'><strong>particulam</strong></span> <span class='ocrx_word' id='word_1_57' title='bbox 802 1120 887 1181; x_wconf 87' lang='lat' dir='ltr'><strong>terre</strong></span> <span class='ocrx_word' id='word_1_58' title='bbox 903 1133 945 1180; x_wconf 88' lang='lat' dir='ltr'><strong>ex</strong></span> <span class='ocrx_word' id='word_1_59' title='bbox 960 1113 1096 1181; x_wconf 88' lang='lat' dir='ltr'><strong>arbitrio</strong></span> <span class='ocrx_word' id='word_1_60' title='bbox 1111 1114 1244 1199; x_wconf 90' lang='lat' dir='ltr'><strong>proprie</strong></span> <span class='ocrx_word' id='word_1_61' title='bbox 1259 1135 1319 1182; x_wconf 88' lang='lat' dir='ltr'><strong>sue</strong></span> <span class='ocrx_word' id='word_1_62' title='bbox 1342 1134 1394 1181; x_wconf 82' lang='lat' dir='ltr'><strong>vo</strong></span> 
     </span>
     <span class='ocr_line' id='line_1_9' title="bbox 266 1221 1394 1310; baseline -0.001 -21"><span class='ocrx_word' id='word_1_63' title='bbox 266 1224 404 1292; x_wconf 87' lang='lat' dir='ltr'><strong>luntatis</strong></span> <span class='ocrx_word' id='word_1_64' title='bbox 421 1245 442 1290; x_wconf 90' lang='lat' dir='ltr'><strong>a</strong></span> <span class='ocrx_word' id='word_1_65' title='bbox 460 1225 545 1291; x_wconf 83' lang='lat' dir='ltr'><strong>sesto</strong></span> <span class='ocrx_word' id='word_1_66' title='bbox 571 1221 819 1308; x_wconf 87' lang='lat' dir='ltr'><strong>Assumpcionis</strong></span> <span class='ocrx_word' id='word_1_67' title='bbox 846 1223 949 1292; x_wconf 87' lang='lat' dir='ltr'><strong>Beate</strong></span> <span class='ocrx_word' id='word_1_68' title='bbox 976 1221 1125 1309; x_wconf 85' lang='lat' dir='ltr'><strong>Virginis</strong></span> <span class='ocrx_word' id='word_1_69' title='bbox 1151 1221 1298 1310; x_wconf 87' lang='lat' dir='ltr'><strong>proxime</strong></span> <span class='ocrx_word' id='word_1_70' title='bbox 1323 1241 1394 1288; x_wconf 88' lang='lat' dir='ltr'><strong>ven·</strong></span> 
     </span>
     <span class='ocr_line' id='line_1_10' title="bbox 266 1329 1397 1418; baseline -0.001 -20"><span class='ocrx_word' id='word_1_71' title='bbox 266 1339 340 1398; x_wconf 92' lang='lat' dir='ltr'><strong>turo</strong></span> <span class='ocrx_word' id='word_1_72' title='bbox 367 1351 472 1416; x_wconf 82' lang='lat' dir='ltr'><strong>usquc</strong></span> <span class='ocrx_word' id='word_1_73' title='bbox 489 1331 533 1397; x_wconf 90' lang='lat' dir='ltr'><strong>ad</strong></span> <span class='ocrx_word' id='word_1_74' title='bbox 549 1331 682 1398; x_wconf 90' lang='lat' dir='ltr'><strong>terciam</strong></span> <span class='ocrx_word' id='word_1_75' title='bbox 700 1329 1397 1418; x_wconf 84' lang='lat' dir='ltr'><strong>reuoluoioucmeinsdemsestiAssumpoio-</strong></span> 
     </span>
     <span class='ocr_line' id='line_1_11' title="bbox 267 1437 1398 1526; baseline 0.001 -23"><span class='ocrx_word' id='word_1_76' title='bbox 267 1441 317 1506; x_wconf 90' lang='lat' dir='ltr'><strong>nis</strong></span> <span class='ocrx_word' id='word_1_77' title='bbox 332 1437 464 1522; x_wconf 86' lang='lat' dir='ltr'><strong>reliquit</strong></span> <span class='ocrx_word' id='word_1_78' title='bbox 480 1445 512 1504; x_wconf 93' lang='lat' dir='ltr'><strong>et</strong></span> <span class='ocrx_word' id='word_1_79' title='bbox 526 1439 674 1525; x_wconf 89' lang='lat' dir='ltr'><strong>permisit</strong></span> <span class='ocrx_word' id='word_1_80' title='bbox 690 1439 879 1526; x_wconf 87' lang='lat' dir='ltr'><strong>tenendam,</strong></span> <span class='ocrx_word' id='word_1_81' title='bbox 898 1439 1084 1508; x_wconf 89' lang='lat' dir='ltr'><strong>habendam</strong></span> <span class='ocrx_word' id='word_1_82' title='bbox 1110 1445 1143 1507; x_wconf 89' lang='lat' dir='ltr'><strong>et</strong></span> <span class='ocrx_word' id='word_1_83' title='bbox 1168 1439 1398 1524; x_wconf 88' lang='lat' dir='ltr'><strong>possidendam</strong></span> 
     </span>
     <span class='ocr_line' id='line_1_12' title="bbox 269 1544 1398 1632; baseline 0.001 -20"><span class='ocrx_word' id='word_1_84' title='bbox 269 1548 362 1612; x_wconf 85' lang='lat' dir='ltr'><strong>iuxta</strong></span> <span class='ocrx_word' id='word_1_85' title='bbox 378 1545 515 1613; x_wconf 85' lang='lat' dir='ltr'><strong>formam</strong></span> <span class='ocrx_word' id='word_1_86' title='bbox 531 1551 563 1613; x_wconf 92' lang='lat' dir='ltr'><strong>et</strong></span> <span class='ocrx_word' id='word_1_87' title='bbox 578 1552 698 1614; x_wconf 88' lang='lat' dir='ltr'><strong>statum</strong></span> <span class='ocrx_word' id='word_1_88' title='bbox 715 1546 865 1632; x_wconf 85' lang='lat' dir='ltr'><strong>priorum</strong></span> <span class='ocrx_word' id='word_1_89' title='bbox 882 1554 1068 1616; x_wconf 90' lang='lat' dir='ltr'><strong>nostrarum</strong></span> <span class='ocrx_word' id='word_1_90' title='bbox 1080 1547 1267 1614; x_wconf 88' lang='lat' dir='ltr'><strong>litterarum</strong></span> <span class='ocrx_word' id='word_1_91' title='bbox 1283 1544 1398 1613; x_wconf 89' lang='lat' dir='ltr'><strong>adhoc</strong></span> 
     </span>
     <span class='ocr_line' id='line_1_13' title="bbox 269 1655 1398 1740; baseline -0.001 -19"><span class='ocrx_word' id='word_1_92' title='bbox 269 1662 493 1722; x_wconf 83' lang='lat' dir='ltr'><strong>emanatarum</strong></span> <span class='ocrx_word' id='word_1_93' title='bbox 509 1655 633 1724; x_wconf 88' lang='lat' dir='ltr'><strong>eisdem</strong></span> <span class='ocrx_word' id='word_1_94' title='bbox 650 1655 718 1723; x_wconf 88' lang='lat' dir='ltr'><strong>lilio</strong></span> <span class='ocrx_word' id='word_1_95' title='bbox 736 1657 895 1723; x_wconf 86' lang='lat' dir='ltr'><strong>Kalmani</strong></span> <span class='ocrx_word' id='word_1_96' title='bbox 912 1661 945 1724; x_wconf 89' lang='lat' dir='ltr'><strong>et</strong></span> <span class='ocrx_word' id='word_1_97' title='bbox 960 1656 1075 1740; x_wconf 87' lang='lat' dir='ltr'><strong>Adam,</strong></span> <span class='ocrx_word' id='word_1_98' title='bbox 1101 1656 1157 1740; x_wconf 90' lang='lat' dir='ltr'><strong>qui</strong></span> <span class='ocrx_word' id='word_1_99' title='bbox 1183 1655 1331 1723; x_wconf 85' lang='lat' dir='ltr'><strong>simililer</strong></span> <span class='ocrx_word' id='word_1_100' title='bbox 1354 1656 1398 1722; x_wconf 89' lang='lat' dir='ltr'><strong>sic</strong></span> 
     </span>
     <span class='ocr_line' id='line_1_14' title="bbox 269 1763 1398 1850; baseline 0 -22"><span class='ocrx_word' id='word_1_101' title='bbox 269 1782 341 1830; x_wconf 88' lang='lat' dir='ltr'><strong>esse</strong></span> <span class='ocrx_word' id='word_1_102' title='bbox 357 1765 537 1850; x_wconf 87' lang='lat' dir='ltr'><strong>voluerunt,</strong></span> <span class='ocrx_word' id='word_1_103' title='bbox 553 1763 660 1830; x_wconf 90' lang='lat' dir='ltr'><strong>medio</strong></span> <span class='ocrx_word' id='word_1_104' title='bbox 677 1769 820 1848; x_wconf 89' lang='lat' dir='ltr'><strong>tempore</strong></span> <span class='ocrx_word' id='word_1_105' title='bbox 835 1771 945 1829; x_wconf 89' lang='lat' dir='ltr'><strong>tamen</strong></span> <span class='ocrx_word' id='word_1_106' title='bbox 962 1764 1084 1830; x_wconf 91' lang='lat' dir='ltr'><strong>nullam</strong></span> <span class='ocrx_word' id='word_1_107' title='bbox 1100 1764 1305 1832; x_wconf 82' lang='lat' dir='ltr'><strong>incurrentes</strong></span> <span class='ocrx_word' id='word_1_108' title='bbox 1330 1783 1398 1846; x_wconf 79' lang='lat' dir='ltr'><strong>gra</strong></span> 
     </span>
     <span class='ocr_line' id='line_1_15' title="bbox 270 1870 1399 1958; baseline 0.001 -22"><span class='ocrx_word' id='word_1_109' title='bbox 270 1872 418 1938; x_wconf 89' lang='lat' dir='ltr'><strong>uitatem.</strong></span> <span class='ocrx_word' id='word_1_110' title='bbox 434 1871 634 1938; x_wconf 86' lang='lat' dir='ltr'><strong>Adiecerunt</strong></span> <span class='ocrx_word' id='word_1_111' title='bbox 652 1870 755 1937; x_wconf 91' lang='lat' dir='ltr'><strong>eciam</strong></span> <span class='ocrx_word' id='word_1_112' title='bbox 781 1879 908 1958; x_wconf 88' lang='lat' dir='ltr'><strong>partes,</strong></span> <span class='ocrx_word' id='word_1_113' title='bbox 934 1871 1021 1955; x_wconf 88' lang='lat' dir='ltr'><strong>quod</strong></span> <span class='ocrx_word' id='word_1_114' title='bbox 1046 1871 1242 1940; x_wconf 89' lang='lat' dir='ltr'><strong>adueniente</strong></span> <span class='ocrx_word' id='word_1_115' title='bbox 1266 1871 1399 1938; x_wconf 90' lang='lat' dir='ltr'><strong>termino</strong></span> 
     </span>
     <span class='ocr_line' id='line_1_16' title="bbox 271 1977 1399 2065; baseline -0.004 -19"><span class='ocrx_word' id='word_1_116' title='bbox 271 1977 446 2047; x_wconf 90' lang='lat' dir='ltr'><strong>solucionis</strong></span> <span class='ocrx_word' id='word_1_117' title='bbox 462 1984 633 2064; x_wconf 87' lang='lat' dir='ltr'><strong>prenotate</strong></span> <span class='ocrx_word' id='word_1_118' title='bbox 658 1979 772 2046; x_wconf 78' lang='lat' dir='ltr'><strong>Comes</strong></span> <span class='ocrx_word' id='word_1_119' title='bbox 798 1979 946 2047; x_wconf 80' lang='lat' dir='ltr'><strong>lacobus</strong></span> <span class='ocrx_word' id='word_1_120' title='bbox 974 1981 1060 2047; x_wconf 87' lang='lat' dir='ltr'><strong>filius</strong></span> <span class='ocrx_word' id='word_1_121' title='bbox 1087 1978 1241 2065; x_wconf 87' lang='lat' dir='ltr'><strong>Haholdi,</strong></span> <span class='ocrx_word' id='word_1_122' title='bbox 1268 1979 1321 2048; x_wconf 83' lang='lat' dir='ltr'><strong>vel</strong></span> <span class='ocrx_word' id='word_1_123' title='bbox 1345 1977 1399 2061; x_wconf 85' lang='lat' dir='ltr'><strong>filij</strong></span> 
     </span>
     <span class='ocr_line' id='line_1_17' title="bbox 271 2085 1401 2174; baseline -0.004 -21"><span class='ocrx_word' id='word_1_124' title='bbox 271 2087 430 2168; x_wconf 87' lang='lat' dir='ltr'><strong>ciusdem,</strong></span> <span class='ocrx_word' id='word_1_125' title='bbox 447 2087 646 2154; x_wconf 85' lang='lat' dir='ltr'><strong>exhibitores</strong></span> <span class='ocrx_word' id='word_1_126' title='bbox 662 2087 777 2153; x_wconf 89' lang='lat' dir='ltr'><strong>harum</strong></span> <span class='ocrx_word' id='word_1_127' title='bbox 794 2085 980 2154; x_wconf 82' lang='lat' dir='ltr'><strong>litterarum</strong></span> <span class='ocrx_word' id='word_1_128' title='bbox 1007 2108 1107 2174; x_wconf 90' lang='lat' dir='ltr'><strong>super</strong></span> <span class='ocrx_word' id='word_1_129' title='bbox 1134 2087 1209 2172; x_wconf 90' lang='lat' dir='ltr'><strong>ipsa</strong></span> <span class='ocrx_word' id='word_1_130' title='bbox 1235 2086 1401 2154; x_wconf 83' lang='lat' dir='ltr'><strong>solucione</strong></span> 
     </span>
     <span class='ocr_line' id='line_1_18' title="bbox 270 2193 1399 2282; baseline -0.003 -21"><span class='ocrx_word' id='word_1_131' title='bbox 270 2193 725 2282; x_wconf 82' lang='lat' dir='ltr'><strong>confectarum,persoluendo</strong></span> <span class='ocrx_word' id='word_1_132' title='bbox 740 2195 914 2280; x_wconf 88' lang='lat' dir='ltr'><strong>pecuniam</strong></span> <span class='ocrx_word' id='word_1_133' title='bbox 932 2195 1083 2280; x_wconf 90' lang='lat' dir='ltr'><strong>superius</strong></span> <span class='ocrx_word' id='word_1_134' title='bbox 1108 2195 1310 2262; x_wconf 85' lang='lat' dir='ltr'><strong>nominatam</strong></span> <span class='ocrx_word' id='word_1_135' title='bbox 1336 2193 1399 2260; x_wconf 90' lang='lat' dir='ltr'><strong>sint</strong></span> 
     </span>
     <span class='ocr_line' id='line_1_19' title="bbox 273 2301 1400 2389; baseline -0.002 -21"><span class='ocrx_word' id='word_1_136' title='bbox 273 2301 316 2368; x_wconf 86' lang='lat' dir='ltr'><strong>ad</strong></span> <span class='ocrx_word' id='word_1_137' title='bbox 332 2305 503 2388; x_wconf 84' lang='lat' dir='ltr'><strong>negocium</strong></span> <span class='ocrx_word' id='word_1_138' title='bbox 519 2310 701 2387; x_wconf 88' lang='lat' dir='ltr'><strong>presentem</strong></span> <span class='ocrx_word' id='word_1_139' title='bbox 727 2301 911 2389; x_wconf 88' lang='lat' dir='ltr'><strong>accepturi;</strong></span> <span class='ocrx_word' id='word_1_140' title='bbox 937 2309 1045 2371; x_wconf 90' lang='lat' dir='ltr'><strong>cetera</strong></span> <span class='ocrx_word' id='word_1_141' title='bbox 1070 2303 1155 2370; x_wconf 89' lang='lat' dir='ltr'><strong>siout</strong></span> <span class='ocrx_word' id='word_1_142' title='bbox 1179 2303 1215 2369; x_wconf 92' lang='lat' dir='ltr'><strong>in</strong></span> <span class='ocrx_word' id='word_1_143' title='bbox 1239 2301 1400 2387; x_wconf 89' lang='lat' dir='ltr'><strong>prioribus</strong></span> 
     </span>
     <span class='ocr_line' id='line_1_20' title="bbox 271 2401 1400 2498; baseline -0.003 -21"><span class='ocrx_word' id='word_1_144' title='bbox 271 2407 389 2477; x_wconf 88' lang='lat' dir='ltr'><strong>litteris</strong></span> <span class='ocrx_word' id='word_1_145' title='bbox 404 2409 524 2476; x_wconf 86' lang='lat' dir='ltr'><strong>nostris</strong></span> <span class='ocrx_word' id='word_1_146' title='bbox 541 2409 733 2495; x_wconf 87' lang='lat' dir='ltr'><strong>continetur,</strong></span> <span class='ocrx_word' id='word_1_147' title='bbox 753 2416 892 2494; x_wconf 86' lang='lat' dir='ltr'><strong>excepta</strong></span> <span class='ocrx_word' id='word_1_148' title='bbox 907 2410 1153 2498; x_wconf 81' lang='lat' dir='ltr'><strong>prorogaoione,</strong></span> <span class='ocrx_word' id='word_1_149' title='bbox 1166 2401 1400 2496; x_wconf 81' lang='lat' dir='ltr'><strong>p&#39;crmancndo.</strong></span> 
     </span>
     <span class='ocr_line' id='line_1_21' title="bbox 273 2515 1400 2604; baseline -0.002 -20"><span class='ocrx_word' id='word_1_150' title='bbox 273 2519 393 2584; x_wconf 90' lang='lat' dir='ltr'><strong>Datum</strong></span> <span class='ocrx_word' id='word_1_151' title='bbox 410 2523 504 2584; x_wconf 84' lang='lat' dir='ltr'><strong>sexta</strong></span> <span class='ocrx_word' id='word_1_152' title='bbox 519 2517 603 2584; x_wconf 84' lang='lat' dir='ltr'><strong>feria</strong></span> <span class='ocrx_word' id='word_1_153' title='bbox 618 2518 768 2604; x_wconf 81' lang='lat' dir='ltr'><strong>proxima</strong></span> <span class='ocrx_word' id='word_1_154' title='bbox 783 2526 858 2603; x_wconf 89' lang='lat' dir='ltr'><strong>post</strong></span> <span class='ocrx_word' id='word_1_155' title='bbox 873 2525 1008 2585; x_wconf 87' lang='lat' dir='ltr'><strong>octenas</strong></span> <span class='ocrx_word' id='word_1_156' title='bbox 1018 2517 1209 2586; x_wconf 88' lang='lat' dir='ltr'><strong>Natiuitatis</strong></span> <span class='ocrx_word' id='word_1_157' title='bbox 1236 2518 1331 2584; x_wconf 90' lang='lat' dir='ltr'><strong>Beati</strong></span> <span class='ocrx_word' id='word_1_158' title='bbox 1349 2515 1400 2583; x_wconf 93' lang='lat' dir='ltr'><strong>Jo-</strong></span> 
     </span>
     <span class='ocr_line' id='line_1_22' title="bbox 274 2625 1320 2713; baseline 0 -21"><span class='ocrx_word' id='word_1_159' title='bbox 274 2626 395 2694; x_wconf 85' lang='lat' dir='ltr'><strong>hannis</strong></span> <span class='ocrx_word' id='word_1_160' title='bbox 411 2626 562 2713; x_wconf 91' lang='lat' dir='ltr'><strong>Baptiste</strong></span> <span class='ocrx_word' id='word_1_161' title='bbox 578 2645 664 2694; x_wconf 86' lang='lat' dir='ltr'><strong>anno</strong></span> <span class='ocrx_word' id='word_1_162' title='bbox 680 2625 812 2694; x_wconf 90' lang='lat' dir='ltr'><strong>Domini</strong></span> <span class='ocrx_word' id='word_1_163' title='bbox 828 2625 947 2694; x_wconf 66' lang='lat' dir='ltr'>M⁰CO⁰</span> <span class='ocrx_word' id='word_1_164' title='bbox 964 2627 1176 2711; x_wconf 84' lang='lat' dir='ltr'><strong>nonagesimo</strong></span> <span class='ocrx_word' id='word_1_165' title='bbox 1192 2633 1320 2694; x_wconf 87' lang='lat' dir='ltr'><strong>octauo.</strong></span> 
     </span>
    </p>
   </div>
   <div class='ocr_carea' id='block_1_3' title="bbox 275 2821 1397 2982">
    <p class='ocr_par' dir='ltr' id='par_1_3' title="bbox 275 2821 1397 2982">
     <span class='ocr_line' id='line_1_23' title="bbox 275 2821 1397 2900; baseline -0.003 -25"><span class='ocrx_word' id='word_1_166' title='bbox 275 2824 420 2900; x_wconf 83' lang='lat' dir='ltr'><strong>(Eredetie</strong></span> <span class='ocrx_word' id='word_1_167' title='bbox 452 2823 590 2892; x_wconf 81' lang='lat' dir='ltr'><strong>&#39;Sembery</strong></span> <span class='ocrx_word' id='word_1_168' title='bbox 617 2821 686 2877; x_wconf 77' lang='lat' dir='ltr'><strong>utta</strong></span> <span class='ocrx_word' id='word_1_169' title='bbox 708 2823 740 2875; x_wconf 84' lang='lat' dir='ltr'><strong>uir</strong></span> <span class='ocrx_word' id='word_1_170' title='bbox 762 2821 971 2888; x_wconf 75' lang='lat' dir='ltr'><strong>lerdltririban3</strong></span> <span class='ocrx_word' id='word_1_171' title='bbox 995 2823 1076 2876; x_wconf 70' lang='lat' dir='ltr'><strong>uthai</strong></span> <span class='ocrx_word' id='word_1_172' title='bbox 1098 2824 1170 2878; x_wconf 84' lang='lat' dir='ltr'><strong>Ruth</strong></span> <span class='ocrx_word' id='word_1_173' title='bbox 1193 2821 1298 2890; x_wconf 70' lang='lat' dir='ltr'><strong>Ktroly</strong></span> <span class='ocrx_word' id='word_1_174' title='bbox 1324 2822 1397 2876; x_wconf 72' lang='lat' dir='ltr'><strong>kosl-</strong></span> 
     </span>
     <span class='ocr_line' id='line_1_24' title="bbox 779 2913 897 2982; baseline 0 -18"><span class='ocrx_word' id='word_1_175' title='bbox 779 2913 897 2982; x_wconf 69' lang='lat' dir='ltr'><strong>menye.)</strong></span> 
     </span>
    </p>
   </div>
   <div class='ocr_carea' id='block_1_4' title="bbox 737 3205 948 3216">
    <p class='ocr_par' dir='ltr' id='par_1_4' title="bbox 737 3205 948 3216">
     <span class='ocr_line' id='line_1_25' title="bbox 737 3205 948 3216; baseline -0.005 -1"><span class='ocrx_word' id='word_1_176' title='bbox 737 3205 948 3216; x_wconf 57' lang='grc' dir='ltr'><em>Ἥ</em></span> 
     </span>
    </p>
   </div>
   <div class='ocr_carea' id='block_1_5' title="bbox 803 3751 881 3823">
    <p class='ocr_par' dir='ltr' id='par_1_5' title="bbox 803 3751 881 3823">
     <span class='ocr_line' id='line_1_26' title="bbox 803 3751 881 3823; baseline 0.038 -3"><span class='ocrx_word' id='word_1_177' title='bbox 803 3751 881 3823; x_wconf 77' lang='grc'><strong>210.</strong></span> 
     </span>
    </p>
   </div>
   <div class='ocr_carea' id='block_1_6' title="bbox 279 3939 1411 4260">
    <p class='ocr_par' dir='ltr' id='par_1_6' title="bbox 279 3939 1411 4260">
     <span class='ocr_line' id='line_1_27' title="bbox 279 3939 1411 4044; baseline -0.011 -24"><span class='ocrx_word' id='word_1_178' title='bbox 279 3951 310 4020; x_wconf 83' lang='lat' dir='ltr'><em>A</em></span> <span class='ocrx_word' id='word_1_179' title='bbox 327 3957 533 4044; x_wconf 72' lang='lat' dir='ltr'><strong>somopye-ciri</strong></span> <span class='ocrx_word' id='word_1_180' title='bbox 547 3951 738 4020; x_wconf 72' lang='lat' dir='ltr'><strong>tonucnrael·</strong></span> <span class='ocrx_word' id='word_1_181' title='bbox 754 3951 1025 4038; x_wconf 70' lang='lat' dir='ltr'><strong>bizonpsctpleaele,</strong></span> <span class='ocrx_word' id='word_1_182' title='bbox 1051 3949 1136 4036; x_wconf 75' lang='lat' dir='ltr'><strong>hopy</strong></span> <span class='ocrx_word' id='word_1_183' title='bbox 1160 3946 1298 4014; x_wconf 65' lang='lat' dir='ltr'><strong>Dareus·</strong></span> <span class='ocrx_word' id='word_1_184' title='bbox 1320 3939 1411 4009; x_wconf 76' lang='lat' dir='ltr'><strong>Scla-</strong></span> 
     </span>
     <span class='ocr_line' id='line_1_28' title="bbox 281 4053 1410 4152; baseline -0.015 -22"><span class='ocrx_word' id='word_1_185' title='bbox 281 4089 354 4132; x_wconf 82' lang='lat' dir='ltr'><strong>uroa</strong></span> <span class='ocrx_word' id='word_1_186' title='bbox 369 4079 476 4134; x_wconf 66' lang='lat' dir='ltr'><strong>uerter</strong></span> <span class='ocrx_word' id='word_1_187' title='bbox 503 4067 618 4152; x_wconf 78' lang='lat' dir='ltr'><strong>leduyo</strong></span> <span class='ocrx_word' id='word_1_188' title='bbox 645 4062 768 4148; x_wconf 76' lang='lat' dir='ltr'><strong>Atrpolr</strong></span> <span class='ocrx_word' id='word_1_189' title='bbox 792 4061 1015 4126; x_wconf 76' lang='lat' dir='ltr'><strong>kiltdaaeitriea</strong></span> <span class='ocrx_word' id='word_1_190' title='bbox 1040 4055 1248 4136; x_wconf 75' lang='lat' dir='ltr'><strong>olkalmdual,</strong></span> <span class='ocrx_word' id='word_1_191' title='bbox 1273 4055 1346 4120; x_wconf 79' lang='lat' dir='ltr'><strong>ueki</strong></span> <span class='ocrx_word' id='word_1_192' title='bbox 1378 4053 1410 4114; x_wconf 73' lang='lat' dir='ltr'><strong>ts</strong></span> 
     </span>
     <span class='ocr_line' id='line_1_29' title="bbox 400 4159 1281 4260; baseline -0.016 -23"><span class='ocrx_word' id='word_1_193' title='bbox 400 4173 590 4260; x_wconf 76' lang='lat' dir='ltr'><strong>japycsdaelc</strong></span> <span class='ocrx_word' id='word_1_194' title='bbox 606 4170 782 4255; x_wconf 78' lang='lat' dir='ltr'><strong>Deuslrydu</strong></span> <span class='ocrx_word' id='word_1_195' title='bbox 809 4169 961 4254; x_wconf 74' lang='lat' dir='ltr'><strong>belpsdpct</strong></span> <span class='ocrx_word' id='word_1_196' title='bbox 987 4165 1163 4252; x_wconf 74' lang='lat' dir='ltr'><strong>dtcupedte.</strong></span> <span class='ocrx_word' id='word_1_197' title='bbox 1182 4159 1281 4227; x_wconf 89' lang='grc'><em>1298.</em></span> 
     </span>
    </p>
   </div>
   <div class='ocr_carea' id='block_1_7' title="bbox 276 4351 1413 4670">
    <p class='ocr_par' dir='ltr' id='par_1_7' title="bbox 276 4351 1413 4670">
     <span class='ocr_line' id='line_1_30' title="bbox 386 4351 1412 4456; baseline -0.017 -22"><span class='ocrx_word' id='word_1_198' title='bbox 386 4366 603 4456; x_wconf 75' lang='lat' dir='ltr'><strong>(Olonuentus</strong></span> <span class='ocrx_word' id='word_1_199' title='bbox 621 4365 808 4449; x_wconf 86' lang='lat' dir='ltr'><strong>Monastcrlj</strong></span> <span class='ocrx_word' id='word_1_200' title='bbox 828 4360 940 4430; x_wconf 88' lang='lat' dir='ltr'><strong>Sancti</strong></span> <span class='ocrx_word' id='word_1_201' title='bbox 958 4359 1071 4445; x_wconf 83' lang='lat' dir='ltr'><strong>Egidli</strong></span> <span class='ocrx_word' id='word_1_202' title='bbox 1088 4359 1129 4425; x_wconf 89' lang='lat' dir='ltr'><strong>de</strong></span> <span class='ocrx_word' id='word_1_203' title='bbox 1147 4355 1297 4440; x_wconf 87' lang='lat' dir='ltr'><strong>Simigyo</strong></span> <span class='ocrx_word' id='word_1_204' title='bbox 1314 4351 1412 4421; x_wconf 92' lang='lat' dir='ltr'><strong>omni-</strong></span> 
     </span>
     <span class='ocr_line' id='line_1_31' title="bbox 280 4463 1413 4560; baseline -0.016 -16"><span class='ocrx_word' id='word_1_205' title='bbox 280 4478 340 4544; x_wconf 85' lang='lat' dir='ltr'><strong>bus</strong></span> <span class='ocrx_word' id='word_1_206' title='bbox 356 4475 476 4544; x_wconf 83' lang='lat' dir='ltr'><strong>Christi</strong></span> <span class='ocrx_word' id='word_1_207' title='bbox 494 4475 642 4544; x_wconf 80' lang='lat' dir='ltr'><strong>fidelibus</strong></span> <span class='ocrx_word' id='word_1_208' title='bbox 661 4480 727 4540; x_wconf 87' lang='lat' dir='ltr'><strong>tam</strong></span> <span class='ocrx_word' id='word_1_209' title='bbox 744 4471 948 4560; x_wconf 89' lang='lat' dir='ltr'><strong>presentibus</strong></span> <span class='ocrx_word' id='word_1_210' title='bbox 974 4489 1073 4554; x_wconf 90' lang='lat' dir='ltr'><strong>quam</strong></span> <span class='ocrx_word' id='word_1_211' title='bbox 1099 4463 1216 4531; x_wconf 83' lang='lat' dir='ltr'><strong>futuris</strong></span> <span class='ocrx_word' id='word_1_212' title='bbox 1244 4466 1413 4549; x_wconf 88' lang='lat' dir='ltr'><strong>presentes</strong></span> 
     </span>
     <span class='ocr_line' id='line_1_32' title="bbox 276 4571 1409 4670; baseline -0.018 -16"><span class='ocrx_word' id='word_1_213' title='bbox 276 4584 403 4654; x_wconf 87' lang='lat' dir='ltr'><strong>litteras</strong></span> <span class='ocrx_word' id='word_1_214' title='bbox 421 4583 615 4670; x_wconf 86' lang='lat' dir='ltr'><strong>inspecturis</strong></span> <span class='ocrx_word' id='word_1_215' title='bbox 632 4583 766 4650; x_wconf 89' lang='lat' dir='ltr'><strong>salutem</strong></span> <span class='ocrx_word' id='word_1_216' title='bbox 784 4581 817 4648; x_wconf 91' lang='lat' dir='ltr'><strong>in</strong></span> <span class='ocrx_word' id='word_1_217' title='bbox 834 4581 949 4648; x_wconf 83' lang='lat' dir='ltr'><strong>salutis</strong></span> <span class='ocrx_word' id='word_1_218' title='bbox 961 4583 1103 4647; x_wconf 82' lang='lat' dir='ltr'><strong>auctora.</strong></span> <span class='ocrx_word' id='word_1_219' title='bbox 1115 4571 1167 4639; x_wconf 81' lang='lat' dir='ltr'><strong>Ad</strong></span> <span class='ocrx_word' id='word_1_220' title='bbox 1177 4571 1409 4639; x_wconf 82' lang='lat' dir='ltr'><strong>uniuersorum</strong></span> 
     </span>
    </p>
   </div>
   <div class='ocr_carea' id='block_1_8' title="bbox 0 0 1587 5172">
    <p class='ocr_par' dir='ltr' id='par_1_8' title="bbox 0 0 1587 5172">
     <span class='ocr_line' id='line_1_33' title="bbox 0 0 1587 5172; baseline 0 0"><span class='ocrx_word' id='word_1_221' title='bbox 0 0 1587 5172; x_wconf 95' lang='lat' dir='ltr'><strong> </strong></span> 
     </span>
    </p>
   </div>
  </div>
 </body>
</html>
