3132 5162
878 327 922 396 50

821 415 978 428 m.-

334 519 500 610 mulgendi
517 539 574 606 per
590 519 698 604 ipsum
714 515 879 587 dominum
896 527 1042 588 nostrum
1069 522 1189 605 Regem
1205 518 1240 586 in
1266 519 1350 590 hanc
1374 526 1459 610 paci·

332 633 392 701 tice
408 627 658 714 composicionis
675 626 790 695 seriem
807 628 879 713 pari
895 627 1070 695 concordia
1082 634 1115 696 et
1130 631 1290 696 communi
1300 651 1457 700 comensn

330 741 533 809 deuenerunt
549 735 635 804 idem
651 732 849 804 venerabilis
866 741 957 822 pater
974 736 1123 805 dominus
1138 745 1248 806 noster
1275 737 1457 826 Archiepis·

329 868 440 934 copus,
456 854 488 914 et
504 845 569 930 ipsi
585 843 703 910 fratros
719 843 867 930 superius
882 845 1041 911 nominati
1056 845 1159 912 tocius
1176 844 1361 914 Ocnnentus
1388 867 1458 934 pre·

331 955 490 1022 dictarum
509 951 735 1038 religiosarum
751 971 897 1020 sororum
915 959 1150 1039 procuratores,
1177 951 1293 1019 siudici
1309 974 1367 1023 sev
1392 953 1457 1022 dei·

333 1061 500 1130 tonsores:
517 1058 612 1137 Quod
627 1057 757 1124 nomine
773 1063 805 1123 et
820 1059 892 1124 rice
909 1060 1146 1126 nominatorum
1160 1045 1323 1145 Propositi
1338 1067 1372 1128 ot
1399 1060 1457 1128 Oa-

335 1167 433 1254 pituli
449 1165 561 1234 Sancti
578 1165 701 1232 'Pdeme
717 1165 821 1250 ipsam
848 1165 1015 1232 dimidiam
1041 1171 1169 1250 partem
1195 1167 1307 1234 tributi
1333 1167 1393 1234 fori
1420 1167 1457 1234 de

334 1271 445 1342 Veteri
460 1272 537 1340 Pest
550 1271 685 1357 prelatis
700 1272 866 1338 sororibus
882 1291 953 1338 cum
970 1270 1039 1339 inre
1054 1271 1261 1358 proprietatis
1286 1281 1319 1341 et
1342 1292 1457 1359 perpe·

336 1380 384 1448 tui
401 1377 534 1464 dominij
562 1385 759 1446 memoratus
785 1379 936 1449 dominus
961 1385 1070 1445 nostor
1095 1378 1364 1466 Archiepiscopns
1388 1381 1458 1449 reli-

334 1487 405 1572 quit
420 1483 651 1572 possidendam
668 1484 905 1571 perpetualiter
920 1492 953 1552 ct
984 1484 1178 1568 habendam,
1210 1485 1387 1569 assignatis
1422 1489 1453 1556 in

336 1613 451 1662 manus
466 1591 662 1677 pretatomm
678 1591 813 1660 fratrum
830 1599 1072 1678 procuratorum
1088 1589 1245 1677 sepedicti
1271 1591 1457 1663 Conuentus

335 1700 484 1770 omnibns
514 1699 760 1783 instrumentis,
792 1717 855 1781 que
881 1719 978 1785 super
1002 1697 1072 1764 iure
1103 1697 1304 1784 percipiendi
1334 1708 1458 1784 partem

335 1806 504 1874 dimidiam
530 1805 676 1872 eiusdem
704 1788 815 1872 tributi
841 1803 984 1871 habebat
1009 1804 1156 1872 Ecclesia
1175 1804 1286 1870 Sancti
1320 1805 1456 1890 Thome,

334 1913 484 1982 omnibus
515 1913 592 1997 alijs
617 1911 858 1997 instrumentis,
883 1929 1075 1996 quocunque
1101 1911 1316 1994 ingeniosius
1347 1931 1456 1998 cansa,

334 2044 420 2090 nunc
436 2043 499 2088 non
517 2019 760 2107 apparentibus,
779 2019 927 2086 omnibus
949 2019 1078 2084 omuino
1096 2019 1217 2086 viribus
1235 2018 1394 2085 carituris.
1421 2019 1458 2084 ln

332 2129 425 2197 cuius
440 2129 551 2196 tributi
567 2129 842 2212 permutacioncm
859 2128 930 2192 sinc
947 2125 1169 2192 concambium
1187 2125 1325 2211 sepefati
1335 2124 1455 2192 iratres

333 2239 438 2322 ipsius
454 2233 651 2319 Conuentus,
676 2254 830 2320 expresso
855 2233 1020 2302 mediante
1046 2253 1215 2318 consensu,
1241 2235 1459 2318 contulerunt,

334 2341 547 2424 tradiderunt,
564 2341 817 2426 assignauerunt
832 2348 864 2406 et
880 2339 1041 2407 dederuut
1066 2337 1227 2420 quandam
1254 2339 1365 2406 villam
1392 2341 1461 2404 Ysa

334 2454 492 2530 uocatam,
526 2447 622 2513 sitam
651 2445 744 2514 iuxta
769 2447 956 2514 Danubium
982 2448 1015 2513 in
1032 2444 1196 2514 Comitatu
1223 2446 1264 2511 de
1296 2445 1460 2512 Comarnn

334 2559 505 2638 prenotate
521 2553 668 2622 Ecclesia
684 2553 796 2622 Sancti
813 2553 936 2620 'rhomo
953 2573 1025 2619 cum
1043 2555 1192 2619 omnibus
1210 2551 1402 2620 utilitatibus
1430 2559 1462 2618 ct

333 2660 541 2747 pertinenciis
567 2661 646 2747 suis,
674 2660 829 2728 videlicet
853 2659 1035 2748 piscaturis,
1062 2659 1188 2744 insulis,
1214 2657 1316 2745 siluis,
1341 2657 1463 2726 tenetis
1563 2647 1564 2677 *

333 2768 428 2836 terris
443 2767 622 2836 arabilibus
639 2768 733 2834 cultis
750 2786 807 2833 sev
823 2765 963 2849 incultis,
983 2774 1013 2834 et
1030 2765 1189 2834 uniuersis
1215 2765 1291 2850 aliJs
1316 2783 1462 2832 commu·
1562 2757 1563 2777 ¹

333 2876 490 2943 nitatibus
516 2873 599 2962 (lgy)
628 2892 818 2957 quocunque
850 2873 979 2939 nomine
1010 2878 1209 2954 censeantur,
1242 2871 1303 2936 sub
1336 2869 1464 2940 eisdem
1561 2869 1562 2875 ’

332 2985 428 3050 metis
444 2983 648 3065 attermiuis,
674 2981 790 3065 quibus
823 2979 1027 3048 honorabilis
1053 2987 1086 3046 et
1116 2977 1287 3062 religiosus
1314 2977 1465 3064 ipsarum
1559 3059 1560 3075 χ

332 3088 534 3156 dominarum
553 3091 739 3156 (louucntus
757 3088 919 3173 prefatam
936 3087 1049 3154 villam
1066 3087 1134 3154 Ysa
1150 3083 1242 3150 titulo
1268 3083 1466 3152 donacionis
1558 3149 1559 3173 ,

331 3215 389 3264 ser
405 3196 595 3264 collacionis
615 3187 719 3262 felicis
736 3193 973 3262 recordacionis
991 3194 1154 3278 quondam
1169 3192 1269 3276 Regis
1286 3191 1465 3276 Hungarie
1557 3247 1558 3273 ,

331 3303 411 3372 Bele
427 3305 533 3388 quarti
550 3302 740 3389 possederat
765 3301 807 3369 ad
834 3301 894 3368 hec
920 3307 1077 3389 tempora,
1103 3321 1194 3388 pure,
1220 3301 1339 3384 quiete,
1365 3300 1470 3385 plene
1556 3329 1557 3371 l

334 3417 367 3476 et
381 3409 516 3494 pacifice
532 3410 627 3494 pleno
644 3409 723 3494 iure,
740 3408 909 3492 assignato
926 3407 1012 3476 dicte
1028 3407 1173 3474 Ecclesie
1198 3405 1310 3473 Sancti
1336 3406 1471 3474 Thema
1555 3417 1556 3471 l

333 3513 450 3600 prelati
476 3514 556 3582 Belo
581 3515 679 3597 Regis
707 3513 888 3600 priuilegio,
916 3514 1127 3582 collacioncm
1158 3534 1216 3581 sev
1242 3513 1472 3582 donacionem
1554 3507 1555 3569 l

333 3621 476 3690 ciusdem
492 3619 570 3686 villo
588 3621 655 3686 Ysa
671 3623 798 3706 plenius
816 3628 848 3687 et
866 3623 1051 3708 expressius
1077 3619 1271 3687 continente.
1298 3622 1337 3686 In
1364 3621 1471 3689 cuius
1552 3607 1554 3698 i

332 3749 389 3815 rey
405 3726 592 3795 memoriam
608 3735 640 3794 et
655 3735 844 3813 perpetuam
862 3729 1043 3796 firmitatem
1060 3733 1227 3814 presentes
1253 3727 1404 3814 litteras,
1424 3728 1473 3796 ad
1551 3699 1553 3776 i

332 3834 525 3920 peticionem
556 3837 700 3923 parcium
726 3835 955 3925 predictarum,
982 3845 1015 3905 et
1039 3837 1183 3905 eiusdem
1208 3837 1328 3903 domini
1356 3841 1475 3908 nostri

331 3943 463 4011 Andree
479 3942 519 4010 de
534 3945 672 4030 speciali
689 3947 854 4030 mandato,
883 3947 986 4032 sigilli
1012 3945 1115 4013 nostri
1141 3948 1342 4033 appensione
1372 3945 1477 4014 dedi·
1549 3973 1550 3988 ³

331 4069 403 4117 mus
428 4053 652 4120 communitas.
679 4051 799 4121 Datum
826 4075 884 4139 per
908 4073 1025 4121 manus
1051 4053 1183 4122 discreti
1216 4053 1277 4122 viri
1306 4054 1478 4140 Magistri

331 4157 486 4246 Cypriani
499 4159 643 4228 Ecclesia
659 4167 767 4228 nostre
783 4161 928 4229 Lectoris
943 4183 1029 4231 anno
1055 4161 1185 4232 Domini
1211 4157 1332 4230 Μῡῦῦο
1358 4180 1477 4234 nona-

331 4263 456 4348 gesimo
472 4264 584 4350 primo,
605 4267 705 4335 tercio
722 4267 884 4336 kalendas
899 4269 1000 4354 lunii.

674 4397 702 4457 A
888 4393 917 4460 B
1099 4395 1125 4464 0

330 4513 468 4579 (Eradetie
482 4513 647 4584 oortbtytn
662 4515 791 4572 itt-rull
803 4516 1033 4582 selyemasinbron
1045 4517 1130 4588 tuggo
1143 4517 1238 4590 pessit
1251 4519 1331 4584 alsit,
1342 4535 1366 4576 ι
1383 4525 1487 4582 tuear

695 4607 745 4660 ku.
760 4607 883 4660 marai
895 4604 1088 4675 lovtlttrtanl

786 4753 999 4778 Μ
