3112 5158
794 201 953 306 —rog

277 428 279 438 ·
311 401 499 487 eonstitutis,
516 403 570 486 qui
595 422 631 468 se
657 401 700 466 ab
731 399 921 466 obediencia
953 395 1102 465 Eeolesie‘
1128 394 1190 463 hoo
1220 357 1435 460 dissensionis

312 519 456 598 tempore
472 509 685 577 retraxissent
702 506 862 591 sibenen,
879 506 961 574 siout
976 526 1034 589 pro
1049 504 1125 588 alijs
1142 502 1262 570 uostris
1287 499 1436 586 superius

310 619 555 702 assumpsimus,
572 616 659 682 infra
674 616 762 700 ipsos
779 613 939 698 quidecim
956 613 1025 679 dies
1050 619 1083 678 ei
1107 609 1263 676 terminos
1289 615 1436 692 prenota·

313 733 373 810 tos,
389 725 502 791 iuuere
518 729 663 790 tenemur
679 726 711 786 sl
727 719 808 787 tueri
825 741 897 786 oum
915 718 1045 784 elseolu.
1075 717 1195 782 Datum
1212 715 1245 780 in
1271 715 1435 781 dominica

315 833 462 918 proxima
478 837 554 896 ante
569 828 798 895 Aseeusionem
816 826 947 892 Domini
963 845 1050 890 auno
1066 823 1210 889 eiusdem
1236 821 1357 887 M⁰OC⁰
1381 841 1436 887 no·

311 941 480 1024 nogesimo
497 943 621 1022 quarto.

443 1132 579 1204 (Erodotio
591 1129 766 1200 biirhn'srtydm
778 1147 794 1183 a
807 1132 898 1184 lolosni
912 1129 1091 1182 kouvontuelr
1105 1124 1316 1195 leudltdrdbau.)

771 1367 984 1417 ---l-

846 1845 924 1915 100.

319 2031 370 2100 Aa
402 2032 591 2120 eeztsnpanni
622 2029 782 2118 kdptalan
811 2031 893 2096 mint
918 2027 1178 2114 fdldtodajdonos
1201 2049 1240 2092 aa
1264 2033 1447 2115 emergam

325 2141 386 2208 Kis
401 2141 503 2206 Dona
518 2139 741 2225 borulifeldet
756 2138 875 2204 Miletos
891 2137 1020 2203 otvosrol
1036 2137 1156 2222 elusani,
1173 2137 1204 2201 do
1228 2157 1267 2200 oz
1283 2133 1447 2221 Anonym-

508 2247 559 2312 rdl
575 2247 629 2312 ido
644 2246 804 2334 telepedett
819 2245 1007 2312 Moiteanoi
1026 2243 1109 2310 donli
1125 2244 1168 2309 ki.
1185 2243 1283 2310 1294.

449 2441 618 2510 Uniuersis
655 2447 824 2527 presentes
856 2441 981 2507 litteras
1021 2439 1220 2526 inspecturis
1261 2437 1449 2526 Capitulum

323 2543 468 2616 E'oelesie
493 2547 725 2633 strigoniensis
750 2548 888 2614 salutem
914 2549 948 2614 in
973 2548 1113 2614 Domino
1129 2548 1371 2632 sempiternam.
1397 2547 1450 2614 Ad

322 2653 543 2722 uniuersorum
583 2655 736 2722 noticiam
774 2663 885 2721 tenore
920 2655 1122 2739 presencium
1154 2655 1303 2720 uolumus
1335 2674 1450 2740 perne·

322 2761 402 2847 nire;
429 2763 515 2846 quod
541 2783 602 2830 nos
633 2761 843 2846 respicientes
859 2767 970 2828 nostre
986 2761 1131 2828 Eoelesie
1156 2761 1300 2844 meliora,
1315 2763 1450 2829 totalem

324 2877 443 2938 terram
460 2879 601 2938 nostram
619 2871 714 2938 sitam
732 2870 989 2936 interminorum
1006 2870 1201 2956 Danubium,
1219 2877 1249 2936 et
1266 2873 1350 2937 inter
1365 2873 1452 2938 elau·

324 2998 432 3046 suram
449 2979 705 3045 molendinorum
736 2983 917 3046 nostrorum
942 2977 983 3043 de
1015 2979 1186 3062 Taplyeha
1215 2976 1257 3044 de
1273 2979 1452 3062 &trigonio

324 3108 345 3152 a
376 3091 511 3173 stagno,
543 3085 630 3169 quod
656 3085 822 3170 Nyoolaus
849 3083 1015 3150 aurifaber
1041 3083 1272 3168 Strigoniensis
1303 3084 1453 3152 leoitibi·

323 3191 414 3275 dem,
455 3191 548 3259 uobis
590 3191 946 3258 contradicentibuset
978 3190 1109 3278 inuitis,
1138 3190 1311 3276 usquead
1342 3193 1453 3258 locum

324 3299 501 3368 molendini
519 3298 662 3365 eiusdem
694 3296 832 3378 Nicolai‚
863 3305 895 3365 et
919 3297 1076 3371 fossatum
1107 3317 1164 3366 seu
1196 3306 1336 3365 meatum
1367 3319 1455 3383 aque

325 3405 367 3472 ds
397 3407 466 3473 looo
497 3403 638 3473 eiusdem
673 3405 849 3472 molendini
885 3405 1099 3493 innminorem
1125 3406 1312 3473 Danubium
1337 3407 1453 3474 deonr·

324 3513 436 3600 rantis,
452 3512 495 3578 ab
511 3511 625 3579 eodem
641 3513 788 3599 Nyeolao
805 3519 937 3598 propter
953 3511 1055 3596 ipsius
1073 3513 1273 3580 insolencias
1290 3521 1321 3579 et
1342 3513 1456 3599 inpor-

326 3619 482 3686 t.·.uitates
498 3617 705 3684 multimodas
738 3619 807 3686 iure
832 3617 967 3702 dominij
997 3625 1205 3704 reuocantrs3
1232 3639 1369 3686 unacum
1384 3621 1458 3686 alia

326 3733 414 3792 terra
430 3733 550 3811 nostra,
566 3747 628 3810 quo
645 3727 758 3811 insipit
773 3727 815 3792 ab
833 3726 954 3810 angulo
972 3727 1034 3793 orti
1049 3725 1283 3794 Heremitarum
1300 3729 1339 3794 de
1355 3729 1456 3795 Clan-

325 3840 391 3900 stro
408 3831 529 3900 Sanote
548 3833 653 3919 Anne,
671 3841 703 3901 et
717 3833 876 3902 ueniendo
894 3833 982 3901 eirea
995 3855 1103 3920 sepem
1131 3835 1192 3902 orti
1216 3835 1334 3902 Kuuoh
1360 3837 1455 3922 pelli-

325 3940 409 4026 parij
427 3939 613 4025 iobagionis
629 3943 730 4008 nostri
747 3961 850 4027 usque
866 3947 1007 4008 meatum
1023 3942 1125 4030 fluuij‚
1148 3943 1188 4008 de
1214 3943 1372 4010 clausuris
1398 3965 1458 4012 eo-

325 4047 472 4113 rumdem
488 4047 747 4115 molendinorum
763 4057 944 4116 nostrornm
963 4050 1131 4132 exeuntis,
1156 4058 1305 4132 eiusque
1321 4051 1363 4116 ad
1390 4051 1459 4118 sos·

326 4159 432 4219 satum
448 4152 672 4238 strigoniense
689 4155 807 4238 existit,
824 4156 971 4242 Nyeolao
988 4157 1054 4222 lilio
1072 4157 1199 4223 bisuntini
1218 4156 1402 4224 aduentioio
1419 4161 1458 4224 in

327 4257 525 4343 Strigonium
543 4261 583 4328 de
599 4263 680 4328 uilla
697 4263 856 4348 Ananyas,
874 4261 914 4327 de
929 4263 1080 4346 partibus
1097 4267 1215 4330 montis
1232 4266 1339 4331 Matra
1354 4273 1386 4332 et
1401 4263 1468 4334 ob-'

327 4368 388 4436 hoe
403 4369 553 4454 Aranyas
571 4369 751 4453 uulgariter
775 4369 970 4456 appellatur,
989 4389 1028 4436 ao
1054 4392 1111 4457 per
1136 4393 1209 4439 eum
1237 4373 1304 4440 suis
1329 4373 1463 4440 heredi·

327 4473 397 4560 bus,
414 4473 542 4561 Myooui
558 4475 719 4558 videlieet,
736 4474 898 4580 llyohaeli
915 4485 946 4546 st
961 4479 1037 4568 alijs
1065 4479 1255 4564 nascituris,
1277 4480 1464 4554 loeauimus
