3132 5162
865 259 1022 358 A

381 455 542 522 Minorem
555 455 703 518 Fiatrm
729 449 886 519 Ordinum
910 451 952 518 de
978 451 1134 538 Ragusio,
1165 451 1359 520 anctoritate
1389 458 1475 518 nostra

382 561 570 628 confirmare
595 577 755 645 procures,
787 579 827 626 ac
852 559 957 626 eidem
982 559 1086 627 eleeto
1112 580 1228 628 munus
1252 561 1476 628 consecrationis

381 667 562 756 impendas,
578 665 702 733 iaciens
718 665 781 732 sibi
797 686 818 732 a
834 667 902 734 suis
916 666 1056 734 subditis
1072 667 1291 736 obedientiam
1307 676 1339 735 et
1355 687 1476 736 reveren·

380 775 459 842 tiam
477 773 619 843 debitam
635 772 791 840 exhiberi.
808 773 974 860 Alioquin,
993 775 1150 842 electione
1173 774 1322 862 predicta
1345 777 1403 842 rite
1426 793 1477 841 cae·

382 888 464 965 sata,
483 881 604 948 eisdem
621 881 749 947 clericis
766 879 807 947 de
832 879 944 965 aliqua
968 900 1107 967 persona
1131 883 1293 950 catholica
1316 883 1434 969 ydonee
1455 887 1477 946 ct
1544 961 1545 969 ἵ

382 987 571 1071 Apostolice
586 985 661 1053 Sodi
689 985 815 1066 devota,
832 1006 896 1070 que
921 993 1013 1053 tanto
1038 996 1195 1072 congruat
1220 989 1309 1056 oneri
1326 996 1357 1056 et
1380 987 1478 1070 honori,
1546 1009 1547 1028 ³

382 1094 444 1160 hac
460 1094 533 1160 vice
557 1094 748 1161 auctoritate
774 1094 929 1178 predicta,
947 1091 987 1159 de
1013 1095 1159 1180 ipsorum
1183 1103 1293 1164 tamen
1323 1095 1434 1162 Prioris
1457 1101 1480 1160 et

384 1199 563 1266 Guardiaui
589 1199 734 1284 consilio,
760 1197 931 1284 providere
947 1221 1010 1266 non
1037 1201 1169 1268 differas
1194 1202 1228 1266 in
1252 1201 1436 1288 Episcopum
1457 1207 1480 1265 ct
1547 1200 1548 1288 l

382 1313 556 1394 pastorem.
582 1306 843 1374 contradictores
872 1314 934 1376 etc.
969 1307 1090 1374 Datum
1115 1307 1203 1394 apud
1227 1309 1479 1378 Urbemvetercm.
1547 1293 1548 1300 '

382 1412 426 1480 ΙΙ.
443 1412 522 1482 Idus
537 1413 638 1500 Junii,
654 1413 865 1482 Pontificatus
881 1414 982 1484 nostri
999 1435 1087 1482 anno
1103 1423 1227 1500 quarto.

385 1627 521 1694 (Theiner,
535 1627 633 1680 Vetera
646 1626 821 1680 Monumenta
834 1627 977 1680 Slavorum
991 1629 1207 1682 Meridionalium
1217 1630 1357 1682 historiam
1369 1629 1483 1680 illustren-

673 1763 679 1772 .
812 1719 860 1769 εἰ..
873 1719 896 1767 1.
909 1719 1036 1769 noemi.
1051 1717 1081 1784 1.)

841 2001 1054 2012 ῃ*

911 2515 966 2584 at.

388 2713 410 2774 Ι
413 2706 447 2775 V.
465 2711 584 2776 Milclde
600 2715 692 2798 pulpa
708 2737 730 2776 a
745 2712 915 2796 oaeotfo'ld
937 2712 1158 2799 fcloepttdecre
1173 2714 1383 2780 alerocztoelc
1409 2711 1497 2779 birde

762 2821 835 2883 tice't
853 2819 1014 2884 cicendeli.
1041 2821 1136 2884 1291.

496 3029 621 3096 Nicolai
632 3030 742 3115 Papae
752 3029 806 3096 1v.
820 3031 909 3097 bulla
918 3031 1061 3098 cruciata
1070 3051 1128 3116 pro
1139 3033 1245 3100 Priori
1257 3033 1409 3100 Generali
1420 3029 1500 3099 Ordi-

386 3137 559 3204 nisSancti
576 3137 751 3219 Augustini
768 3136 1076 3222 adpraedicendum
1087 3139 1128 3206 ob
1145 3145 1251 3206 terrae
1262 3141 1406 3208 Sanctae
1417 3139 1499 3204 misc·

388 3245 524 3310 rabilem
540 3251 660 3310 statum
677 3252 709 3311 et
723 3243 947 3312 liberationem
962 3265 1020 3330 per
1039 3245 1137 3311 XXX
1158 3247 1277 3315 fratres
1293 3249 1406 3316 Crucis
1422 3243 1503 3311 mini·

388 3353 519 3418 sterium
537 3351 620 3416 citra
644 3371 743 3434 mare,
770 3357 900 3434 praeter
926 3350 1068 3440 Siciliae,
1094 3352 1271 3437 Ungariae,
1296 3353 1452 3424 Boemiae
1476 3357 1503 3414 et

388 3455 544 3520 Poloniae
568 3459 689 3544 Regna,
714 3477 772 3543 pro
798 3457 912 3524 inclito
938 3459 1086 3542 generali
1110 3462 1265 3545 passagio
1296 3461 1373 3530 festi
1404 3457 1508 3528 Sancti

388 3562 524 3628 Joennis
551 3563 719 3648 Baptistae
736 3567 833 3632 1293.
850 3565 969 3633 Datum
985 3566 1074 3652 apud
1089 3567 1351 3637 Urbemveterem
1363 3563 1509 3638 kalendis

389 3665 528 3752 Augusti
544 3670 756 3738 Pontificatus
771 3691 857 3739 anno
872 3678 999 3754 quarto.

388 3864 551 3931 (cherubini
565 3865 718 3917 Bnllarlum
731 3867 860 3932 Magnum
874 3867 896 3918 1.
912 3869 962 3918 167
966 3907 972 3919 .
987 3865 1054 3920 ntdn
1067 3884 1084 3920 a
1096 3870 1274 3924 Monuments
1286 3867 1373 3922 Boica
1399 3872 1447 3923 IV.
1460 3872 1510 3923 lrdt

882 3959 943 4009 498.
957 3959 1028 4026 lap.)

846 4239 1057 4256 *u—
