3170 5166
523 329 527 338 .
602 242 761 354 ,aa

111 441 320 516 mansissent.
338 447 561 533 uersantem,
579 465 643 532 que
659 453 813 532 separant
840 447 945 532 ipsam
970 449 1104 516 terciam
1120 453 1246 536 partem

110 577 131 621 a
146 554 302 642 predictis
320 555 446 624 duabus
461 558 609 644 partibus
618 609 628 644 ,
648 555 732 623 siout
763 557 863 641 ijdern
879 557 1026 625 homines
1043 557 1146 625 nostri
1161 559 1241 625 reei-

111 671 232 750 tarunt,
249 668 325 729 sunt
341 664 400 730 he:
418 665 505 748 quod
520 666 627 752 prima
637 670 724 730 meta
733 663 889 748 incipitur
904 665 998 731 iuxta
1014 665 1148 732 fluuium
1165 667 1246 732 Har-

111 770 201 856 nad3
219 770 340 838 abhino
355 791 414 856 per
429 793 542 840 nemus
574 771 722 840 exeundo
753 774 843 839 venit
874 772 918 839 ad
933 793 1084 858 magnam
1101 773 1199 861 viam,
1217 778 1249 842 et

113 878 231 946 transit
247 878 362 965 ipsam,
379 885 412 946 et
427 879 521 946 iuxta
536 879 700 965 quoddam
734 878 835 946 berch
851 879 957 965 iungit
987 887 1053 947 tres
1069 888 1189 966 metas3
1206 880 1248 946 de

116 986 237 1069 quibus
254 985 298 1052 ad
315 987 516 1056 occidentem
527 988 634 1056 eundo
651 993 836 1074 pertenues
855 995 887 1054 et
901 995 1012 1056 ternas
1026 995 1130 1057 metas
1146 989 1251 1073 iungit

115 1095 257 1179 quinque
275 1101 379 1161 metas
395 1094 553 1179 capitales
568 1101 653 1163 terre
669 1095 819 1164 Radwan
836 1103 970 1175 vooate3
988 1103 1019 1163 et
1035 1097 1080 1162 ibi
1097 1096 1251 1164 termina·

115 1209 177 1268 tur.
194 1203 236 1268 Et
252 1201 419 1288 prediatus
434 1202 629 1291 Alexander,
647 1209 680 1270 et
690 1205 806 1271 Comes
822 1204 913 1270 Miko
930 1203 1123 1292 antedietus,
1141 1225 1250 1273 noram

117 1309 212 1377 nobis
230 1309 400 1377 constituti
418 1309 526 1378 eodem
542 1311 638 1379 modo
654 1313 765 1380 omnia
779 1313 939 1399 premissa
955 1311 1167 1380 affirmarunt.
1183 1313 1249 1378 Da-

118 1430 186 1485 tum
203 1419 237 1484 in
255 1417 339 1487 festo
356 1419 457 1485 Beate
467 1417 673 1505 Margarethe
688 1420 824 1504 virginis
844 1440 929 1487 anno
945 1421 1077 1487 Domini
1093 1419 1249 1486 M⁰CCG⁰.

125 1613 230 1680 (lstvdn
243 1631 333 1668 eomas
347 1615 588 1685 alorsatigbirdnak
604 1619 716 1670 lato-ki
726 1615 955 1683 iteletlevsldbdl,
976 1616 1044 1670 mint
1064 1616 1176 1670 sentebb
1190 1619 1250 1668 253.

641 1727 678 1761 sn.
697 1707 735 1776 a.)

586 1997 799 2006 ..—-—--—--

655 2443 732 2513 263.

125 2623 157 2688 A
175 2627 292 2691 dautaa'
307 2623 531 2712 kdptolunaolt
547 2624 825 2710 bizoupsdpleuele,
859 2627 942 2710 kopp
967 2623 1098 2707 Miletos,
1113 2623 1259 2704 Liiua'nca,

126 2731 271 2814 Senator,
297 2731 425 2816 Miuutp
445 2732 476 2796 ds
492 2732 554 2796 Pet
569 2731 823 2824 Jalrabuuluflou',
839 2732 1071 2817 uapyouultbuu
1086 2729 1258 2796 osatozleod·

608 2839 671 2903 talu.
689 2840 787 2904 1300.

231 3033 302 3104 Nos
333 3033 516 3120 Capitulum
542 3035 690 3102 Euolesia
714 3035 893 3104 Hantensis
919 3035 1074 3102 memorie
1100 3052 1257 3099 oonrmen-

123 3141 245 3208 dantes
261 3142 483 3225 significamus
499 3148 610 3208 tenore
629 3143 833 3228 presonoium
850 3143 1021 3232 uniuersis,
1037 3141 1122 3228 quod
1139 3142 1258 3206 eonsti-

124 3249 335 3317 truncorum
361 3249 456 3316 nobis
485 3249 701 3336 personaliter
731 3251 889 3335 magistro
914 3251 1051 3317 Nioolao
1061 3302 1072 3338 ,
1103 3246 1258 3330 magistro

125 3357 322 3443 Laurentio,
338 3357 497 3442 magistro
521 3359 641 3424 Zumur
650 3409 660 3444 ,
676 3359 834 3441 magistro
859 3359 1021 3426 Michaele
1030 3411 1040 3446 ,
1057 3364 1088 3423 et
1104 3355 1260 3440 magistro

120 3465 230 3532 Paulo
245 3464 325 3549 filijs
342 3463 489 3548 magistri
514 3464 640 3551 Jaoobi,
657 3464 798 3532 oontessi
824 3473 915 3544 sunt;
941 3463 1028 3551 quod
1044 3465 1162 3531 diuisio
1177 3464 1262 3528 inter

40 3649 46 3658 ¹
121 3593 165 3641 se
183 3580 250 3639 tam
266 3571 300 3636 in
316 3570 498 3657 libertinis,
519 3569 636 3636 tamin
653 3571 782 3639 ancillis
792 3621 802 3658 ,
829 3579 896 3639 tarn
913 3571 1017 3639 eniam
1033 3573 1068 3639 in
1084 3570 1262 3657 possessio·

116 3680 226 3748 nibus
242 3697 301 3764 per
317 3675 488 3744 arbitrium
504 3683 536 3743 et
552 3675 792 3746 ordinationem
819 3677 954 3745 Comitis
975 3681 1075 3745 Kame
1089 3677 1148 3762 filij
1166 3674 1261 3742 Zoth-

118 3807 213 3871 moa‚
229 3786 283 3870 qui
300 3805 359 3872 per
383 3785 577 3869 petitionem
608 3786 752 3870 ipsorum
777 3807 835 3872 per
854 3788 1047 3870 magistrum
1062 3783 1262 3868 Stephanum

121 3894 251 3960 missus
267 3892 382 3980 fuerat,
412 3893 562 3976 magistri
577 3893 748 3960 Michaelis
773 3893 832 3979 filij
850 3892 998 3978 magistri
1013 3889 1183 3956 lliohaelis
1199 3887 1261 3954 ira-

114 4001 185 4069 tris
202 4001 353 4085 ipsorum
369 4000 505 4068 Comitis
521 4000 692 4068 Michaelis
717 4000 830 4086 Sydon
855 4002 945 4088 dieti,
971 3999 1101 4068 Andree
1127 4004 1159 4063 et
1175 3999 1261 4063 Mar.

115 4107 188 4176 tini
204 4107 343 4174 filiorum
361 4107 509 4193 Ghepani
534 4107 574 4174 de
590 4108 809 4192 generacione
839 4127 900 4178 sna
909 4159 918 4194 ,
943 4107 1079 4175 Comitis
1096 4103 1185 4172 Petri
1203 4103 1259 4188 filij

117 4215 273 4300 Tibunoij
291 4215 332 4281 de
348 4217 464 4303 Nema,
486 4221 518 4281 et
534 4215 662 4284 Nieolai
687 4215 827 4283 (lernobi
842 4213 884 4282 de
900 4217 995 4282 Bnun
1011 4251 1055 4262 -
1073 4251 1112 4260 -
1131 4211 1263 4279 diuisis·

116 4324 180 4393 nis
198 4325 343 4409 ipsorum
358 4323 434 4393 talis
459 4325 661 4393 concorditer
686 4331 719 4392 et
743 4323 880 4411 pacifice
898 4323 1062 4392 extitisset
1078 4327 1110 4388 et
1126 4319 1262 4406 fuisset3

123 4431 222 4517 quod
248 4431 353 4516 primo
379 4439 411 4498 et
436 4431 662 4519 principaliter
686 4431 843 4517 magistro
868 4433 988 4498 Zumnr
1007 4437 1092 4500 sorte
1107 4427 1264 4496 mittendo

129 4539 315 4609 cessissent
343 4557 401 4606 sex
418 4541 507 4608 ouria
523 4541 558 4608 in
574 4540 667 4607 Rada
680 4561 702 4608 a
717 4539 860 4608 sessione
890 4539 994 4628 patris
1025 4537 1167 4626 ipsorum
1184 4535 1265 4606 inei·
