3132 5162
805 291 964 398 „ffi-

316 481 482 568 priuilegij
498 482 619 550 domini
636 483 794 568 Stephani
820 482 919 565 Regis
945 479 1129 560 didicimus,
1159 480 1219 546 tali
1244 474 1359 544 ordine
1385 473 1448 539 dis-

317 588 503 672 tinguntur:
519 588 639 675 Incipit
653 589 739 656 enim
756 588 862 673 prima
878 591 966 654 meta
981 605 1003 651 a
1019 572 1111 671 parte
1127 585 1281 654 orientali
1311 603 1332 650 a
1360 589 1447 648 meta

318 702 401 760 terre
416 695 557 762 Inanchc
567 695 750 778 iobagionis
766 692 872 764 (lastri
889 693 1043 760 Albensis
1058 692 1296 777 Trunssiluani,
1314 690 1368 756 ubi
1385 687 1446 754 ba·

316 799 374 867 bet
384 809 502 869 metam
512 807 651 868 terream
661 803 752 869 iuxta
762 807 880 868 memm
891 799 994 885 ipsius
1005 799 1147 866 Iuancbe
1159 801 1250 866 iuxta
1260 795 1447 873 Morisinm;

317 907 542 974 indevenitad
558 913 678 974 metam
695 915 778 976 terre
793 908 956 974 Saxonum
972 906 1013 972 de
1029 906 1169 990 Romen,
1185 905 1240 972 vbi
1255 903 1355 971 habet
1379 922 1444 969 me·

318 1019 385 1078 tam
402 1015 494 1080 iuxta
512 1022 632 1084 metam
648 1023 737 1082 terre
752 1014 793 1083 de
808 1016 946 1099 nomem
964 1012 1040 1079 inde
1060 1013 1150 1080 vadit
1166 1013 1208 1078 ad
1234 1019 1353 1079 metam
1362 1019 1446 1077 terre

316 1119 480 1185 Saxonum
490 1118 531 1185 dc
541 1121 722 1205 Waras,ubi
731 1121 830 1189 habet
839 1119 1101 1204 metam3dcinde
1110 1119 1309 1206 protenditur
1327 1119 1444 1184 adme·

319 1233 386 1293 tam
402 1231 489 1293 terre
505 1227 656 1311 Golrnar,
673 1247 735 1310 qne
751 1233 799 1294 cst
815 1226 924 1312 Egidij
942 1226 998 1309 tilij
1016 1225 1209 1308 Leustachi;
1228 1224 1446 1291 exindeinxta

322 1339 440 1398 terram
457 1331 601 1419 Golmar,
620 1353 681 1417 que
697 1335 836 1418 pertinet
852 1331 896 1399 ad
911 1331 1070 1415 Egidium,
1081 1331 1173 1398 vadit
1188 1329 1337 1416 superius
1348 1347 1445 1412 supra

318 1437 483 1504 Morisium
500 1438 542 1505 ad
552 1447 670 1506 terram
681 1439 824 1507 Inanohe
834 1438 1015 1524 supradicti
1025 1439 1068 1504 ad
1084 1439 1210 1523 priores
1226 1443 1340 1520 metas,
1361 1453 1444 1516 aqna

318 1545 442 1630 Morisij
469 1567 490 1612 a
514 1555 607 1633 parte
632 1547 838 1616 meridionali
863 1568 884 1614 a
909 1556 996 1614 meta
1021 1555 1103 1614 terre
1130 1547 1276 1632 Golmar,
1302 1564 1366 1628 que
1396 1547 1444 1607 est

318 1651 437 1736 Epidii,
453 1673 556 1737 usque
573 1661 693 1721 terram
710 1656 853 1722 Iuauehe
870 1653 1035 1738 antedicti,
1061 1655 1123 1740 ipsi
1159 1660 1243 1720 terre
1267 1649 1442 1718 Bothteluk

319 1767 522 1846 remamente,
540 1769 667 1845 aparte
685 1782 758 1838 vero
786 1761 1042 1846 septemtrionali
1067 1761 1176 1828 villam
1204 1757 1299 1844 Gyog
1325 1757 1443 1824 eontin-

318 1871 424 1951 gente,
441 1865 550 1949 ibique
564 1867 762 1934 terminatur.
781 1868 862 1934 item
879 1866 1064 1952 Stephanus
1081 1873 1114 1932 et
1134 1865 1322 1931 Dominicus
1339 1863 1444 1950 predi-

319 1971 361 2036 cti
377 1977 443 2037 tam
460 1993 495 2041 se
512 1994 610 2056 quam
626 1975 732 2059 ipsum
750 1973 913 2040 Milonem
931 1974 1065 2042 fratrem
1091 1993 1183 2039 strom
1210 1973 1443 2056 obligauerunt

318 2077 529 2162 expedituros
562 2081 700 2165 proprijs
731 2080 894 2148 laboribus
926 2088 958 2146 et
985 2081 1135 2166 expensis
1163 2085 1329 2163 protectos
1361 2077 1442 2142 filios

320 2179 398 2248 Obel
415 2187 456 2250 ab
473 2187 570 2272 omni,
597 2207 693 2268 qnam
710 2197 824 2254 contra
849 2187 1137 2254 eosdem-racione
1164 2193 1334 2270 prenotate
1361 2192 1442 2251 terre

317 2289 492 2356 Bohttelulr
509 2309 663 2376 processu
679 2293 832 2378 temporis
848 2313 907 2378 per
922 2292 1108 2379 quempiam
1135 2293 1212 2358 oriri
1240 2291 1443 2374 contingeret

317 2395 460 2480 accione,
477 2399 529 2464 uel
545 2397 586 2465 de
601 2399 677 2482 alijs
696 2401 958 2486 possessionibus
974 2401 1041 2467 suis
1059 2400 1296 2482 equiualentem
1323 2406 1440 2464 terram
1555 2411 1556 2414 ’

318 2502 464 2570 conferre
479 2503 556 2588 filijs
573 2505 651 2572 (lbel
668 2508 858 2591 prenotatis.
872 2508 911 2574 In
932 2507 1022 2574 euius
1039 2507 1085 2574 rei
1099 2506 1318 2574 testimonium
1333 2525 1442 2591 perpe·
1555 2511 1556 2594 3

317 2616 470 2692 tuamque
486 2612 669 2680 firmitatem
691 2611 734 2679 ad
750 2614 943 2699 peticionem
966 2622 997 2682 et
1013 2615 1210 2680 instanciam
1221 2615 1365 2699 parcium
1375 2633 1441 2698 pre·
1555 2599 1556 2640 ἢ

319 2723 429 2783 sentes
441 2717 658 2786 concessimus
669 2721 794 2787 litteras
811 2720 987 2787 munimine
1004 2721 1102 2786 nostri
1130 2720 1231 2805 sigilli
1260 2724 1442 2788 roboratas.
1555 2737 1556 2796 ξ

196 2919 202 2926 ¹
317 2821 438 2888 Datum
454 2823 611 2908 Magistro
628 2826 787 2894 Michaele
802 2828 982 2912 Prepesito,
1000 2826 1158 2911 Gregorio
1174 2824 1323 2908 Cantore,
1340 2825 1441 2892 Panlo
1555 2829 1556 2884 l

318 2927 467 3016 Custode,
500 2932 595 2998 Petro
626 2933 759 3002 Decano
791 2933 938 3000 lloclcsie
963 2939 1071 3000 nostre
1097 2932 1321 3001 existentibus.
1347 2933 1442 2999 Anno
1555 2977 1556 3040 3

317 3031 447 3100 Domini
463 3036 583 3104 ΜῦΟΟο
598 3043 809 3125 nonagesimo
824 3037 936 3125 primo.

314 3227 350 3297 (Α
363 3230 582 3297 pyulafehdrvtri
596 3233 728 3302 kdptalan
740 3238 819 3288 1³79
821 3238 850 3287 k
863 3231 1010 3287 dturatabdl
1022 3251 1038 3286 a
1053 3235 1127 3292 mdlt.
1140 3238 1204 3304 grdf
1214 3237 1321 3304 Telelry
1346 3234 1437 3290 caaldd

443 3319 692 3392 maroardsbrbclyi
707 3321 991 3377 kososlevtlttrtban.
1005 3326 1083 3377 Kdali
1097 3327 1183 3380 Saabd
1196 3324 1313 3391 kiroly.)

777 3609 986 3622 w
