3170 5166
596 233 758 334 Α

103 445 179 496 oum
194 425 306 494 debita
321 425 519 495 reuerancia.
533 425 645 496 Allato
661 435 738 496 sunt
753 429 848 496 nobis
863 427 971 495 littere
987 435 1105 514 uestre,
1123 429 1157 496 in
1171 431 1242 517 qui·

107 533 166 602 bus
181 532 276 602 nobis
291 531 539 619 commiseratis,
556 540 591 600 ut
605 535 692 602 inter
706 534 881 602 Martinam
896 533 998 602 filium
1029 537 1163 604 Arcum
1198 539 1242 605 ab

107 661 173 709 vna
187 648 291 728 parte,
323 638 384 728 (et)
415 639 544 708 Sandur
568 638 672 708 filium
687 641 835 728 Gregorij
852 640 894 708 ab
910 646 1014 710 altera
1039 645 1243 712 sentenciam

109 747 298 816 faceremus.
314 747 383 816 Nos
398 751 517 830 autem,
534 753 570 813 ut
585 746 697 815 debito
712 748 807 816 modo
838 756 996 838 tenemur,
1027 751 1243 818 sentenciaui·

108 875 177 924 mus
202 856 287 922 inter
311 855 411 942 ipsos,
436 873 534 942 super
549 851 748 943 molendino,
764 856 806 923 dc
822 876 886 940 quo
902 859 1029 941 questio
1056 859 1244 926 vertebatur

101 983 217 1031 coram
233 963 339 1051 nobis,
355 963 466 1032 taliter
496 982 608 1030 sumus
639 963 798 1052 arbitrati,
830 965 917 1048 quod
948 964 1055 1052 ipsum
1086 966 1242 1034 molendi·

107 1091 183 1139 num
215 1073 448 1140 extimauimus
480 1090 577 1156 super
602 1070 774 1140 duodecim
806 1073 935 1160 marcis,
968 1081 1000 1140 et
1031 1072 1241 1157 decreuimus,

107 1177 194 1262 quod
210 1185 339 1264 partem
354 1181 460 1267 ipsius
475 1179 622 1266 pecunie,
639 1179 795 1248 videlicet
810 1199 868 1248 sex
883 1199 1021 1265 marcas,
1031 1180 1139 1248 dictus
1154 1183 1242 1249 Mar.

107 1286 195 1354 tinus
209 1286 294 1354 filius
310 1289 441 1355 Arouna
457 1287 522 1372 ipsi
538 1285 669 1354 Sandur
699 1289 815 1374 soluat,
848 1307 985 1370 quarum
1016 1294 1082 1355 tres
1113 1307 1241 1355 marcas

108 1391 226 1476 partim
258 1395 293 1460 in
325 1392 491 1481 denarijs,
523 1395 643 1481 partim
674 1395 708 1462 in
737 1395 954 1463 extimacione
984 1394 1149 1480 condigna
1164 1397 1228 1463 sol·

107 1508 163 1568 net
204 1502 238 1568 in
270 1504 394 1571 octonis
437 1503 622 1590 Epiphanio
658 1521 767 1570 coram
798 1502 948 1588 Capitulo
981 1502 1086 1570 Castri
1117 1505 1242 1588 Ferrei,

108 1607 162 1692 qui
180 1609 209 1676 si
226 1629 290 1675 non
306 1612 448 1697 soluerit,
465 1611 573 1677 soluet
590 1629 662 1677 cunr
679 1609 818 1694 iudicio;
837 1611 914 1678 item
931 1614 996 1677 tres
1027 1629 1157 1678 marcas
1174 1611 1240 1680 sol-

109 1721 164 1782 uat
195 1735 304 1782 eoram
320 1718 392 1802 ipso
410 1717 562 1804 Cupitulo
576 1718 610 1784 iu
627 1715 753 1784 octauis
768 1717 880 1805 Pasce,
898 1720 952 1802 qui
967 1717 997 1784 si
1012 1737 1080 1785 non
1095 1717 1239 1801 soluerit,

111 1829 231 1892 extunc
244 1824 331 1892 idem
362 1823 493 1894 Sandur
518 1825 662 1896 introibit
688 1827 723 1892 in
755 1832 856 1892 totum
887 1825 1107 1892 molendinum
1139 1825 1242 1910 ipsius
1334 1843 1336 1847 ⁴

111 1931 243 1998 Martini
260 1937 292 1998 et
307 1931 498 2019 possidebit.
514 1929 663 2000 Judicem
680 1930 802 2020 (autem
818 1929 865 2019 et)
882 1931 1079 2017 pristatdum
1097 1931 1138 1998 de
1154 1951 1236 1997 com·

111 2040 203 2107 muni
219 2039 408 2124 placabunt.
423 2039 562 2109 Litteras
578 2041 682 2106 eciam
697 2046 868 2124 presentes
883 2039 978 2106 nobis
1003 2037 1150 2105 misimus
1182 2040 1242 2106 sub

109 2146 221 2233 sigillo
242 2181 278 2192 -
299 2183 341 2196 -
359 2183 398 2193 —
418 2146 459 2214 de
474 2148 561 2215 Bcw.

220 2253 428 2322 Kivulrol
452 2275 723 2342 ngyanazon
746 2253 842 2320 keu:
866 2252 928 2319 Pro
954 2252 1095 2319 Martino
1126 2257 1242 2317 contra

107 2359 249 2429 Sandur.

110 2557 247 2625 (Eredetie
259 2556 435 2626 bb'rhartytm
449 2557 564 2624 melprttl
577 2572 594 2607 a
604 2554 741 2624 ztrpecset
753 2557 891 2609 lehullott.
904 2571 921 2608 a
934 2572 1019 2607 nemu.
1033 2571 1157 2608 muzeum
1176 2552 1241 2605 kez-

580 2642 774 2712 irattturbban.)

575 2915 783 2924 .......-.-.-

641 3355 719 3424 309.

107 3541 238 3611 Bucari
250 3544 312 3607 boio
328 3539 548 3626 caalddjduotc
563 3539 671 3626 taqjac'
688 3539 719 3602 ca
735 3535 939 3602 trdektdraau‘
963 3532 1092 3618 Marsy
1122 3543 1245 3598 ceaster·

109 3653 175 3717 aek
190 3649 359 3735 dtenpcdik
376 3647 527 3714 sermono
543 3644 738 3730 bclysopct,o
763 3641 970 3728 eppcatadnelc
995 3665 1016 3706 a
1050 3641 1166 3707 k‘o'ztttlc
1196 3661 1243 3705 so·

330 3756 411 3840 casp
427 3753 540 3840 lefolyt
551 3775 616 3840 per
631 3749 824 3837 tctoppdbaa.
841 3727 892 3814 Ιῧυ
907 3747 1024 3814 notam.
1040 3797 1047 3860 Ι,

223 3949 412 4018 Buucdinus
428 3947 586 4033 Magister
610 3945 696 4014 filius
728 3944 840 4012 Bunad
871 3945 965 4033 Bani,
997 3943 1087 4012 Chae
1117 3942 1244 4024 Comes,

105 4053 315 4146 ueneratus,
329 4058 498 4138 Lanceret,
514 4053 617 4142 Yveu,
634 4060 666 4123 et
682 4070 794 4120 omnes
811 4051 867 4136 alij
894 4051 1012 4119 fratres
1036 4069 1148 4118 eornm
1174 4053 1243 4114 tem

110 4169 255 4238 maiores
271 4185 368 4250 quam
384 4162 537 4249 minores,
563 4161 721 4250 omnibus,
747 4160 791 4228 ad
823 4178 904 4243 qnos
936 4157 1045 4226 littere
1075 4161 1245 4242 presentes

108 4273 334 4364 peruenerint,
351 4273 492 4342 satutem
508 4273 541 4338 in
558 4292 609 4352 eo,
626 4269 681 4355 qui
698 4275 748 4337 est
763 4267 855 4336 salus
887 4266 1039 4334 omnium.
1071 4262 1245 4348 signifiea-

109 4403 186 4452 mus
201 4381 350 4450 omnibus
365 4386 535 4468 presentes
566 4378 694 4446 litteras
724 4371 939 4460 inspecturis:
972 4368 1058 4457 quod
1089 4367 1246 4453 Magister

107 4487 254 4560 Micbacl
271 4487 475 4576 presentibus
490 4486 594 4570 nobis,
612 4485 672 4554 sub
697 4480 883 4552 testimonio
916 4477 1071 4567 Episcopi
1104 4474 1247 4561 Wespri·
