3170 5166
817 937 892 1012 ³3⁰.

299 1139 541 1226 Torotayksaeai
558 1137 735 1226 iottzksdta
751 1135 834 1202 Joti
849 1133 1021 1201 Kenrtooek
1035 1135 1104 1202 Jot
1120 1155 1220 1200 conara
1235 1134 1303 1217 fioa'
1329 1133 1430 1200 oaesi

547 1244 822 1311 botolmoakodctsr'
832 1245 979 1332 portora.
994 1221 1046 1308 bv
1063 1241 1181 1310 otttot.

407 1442 512 1507 Datur
528 1459 587 1528 pro
603 1439 768 1526 memoria,
786 1438 872 1522 quod
897 1439 1074 1506 Komenios
1104 1437 1190 1506 filius
1224 1435 1355 1506 Kemini
1387 1435 1431 1502 do

298 1549 365 1616 Jak
383 1554 497 1614 eontra
512 1545 714 1631 Stephanum
730 1549 762 1613 et
778 1545 867 1612 ttike
884 1543 969 1612 filios
995 1543 1130 1612 Comitis
1146 1543 1212 1613 Jak
1228 1543 1378 1628 exposuit
1392 1543 1431 1608 tn

297 1657 405 1738 figura
419 1653 541 1721 Jndioii
557 1671 667 1720 eoram
683 1651 777 1719 nobis
793 1651 1031 1736 oomparendo;
1048 1651 1138 1733 qood
1154 1651 1256 1737 ijdom
1280 1650 1339 1738 filij
1368 1649 1431 1718 Co·

295 1763 385 1832 mitis
401 1763 468 1831 Jak
485 1762 685 1849 preoogitato
701 1759 840 1827 oonsilio
856 1759 890 1826 in
907 1760 962 1826 via
977 1761 1112 1848 publiea
1127 1759 1185 1826 tite
1201 1759 1367 1844 pendente
1383 1757 1432 1822 in·

296 1881 346 1938 ter
360 1872 450 1954 ipsos
467 1867 637 1936 Nicolaum
653 1868 844 1935 nemitorem
861 1887 954 1935 suum
971 1887 1044 1934 oum
1061 1866 1201 1936 oonsilio
1226 1873 1258 1934 et
1287 1882 1440 1936 assensn.

296 1980 387 2046 Petri
403 1983 436 2045 ot
449 1977 516 2045 Jak
532 1975 668 2044 fratrum
684 1996 814 2044 suorum
847 1977 1086 2062 nulnorassent,
1121 1973 1300 2060 addicions,
1333 1979 1371 2042 nt
1400 1973 1433 2040 si
1512 2059 1518 2070 ⁸

297 2087 502 2170 contingeret
518 2091 550 2152 ot
565 2083 670 2170 ipsum
686 2084 859 2152 Kominom
875 2105 914 2152 eo
929 2086 1066 2153 termino
1081 2091 1113 2151 ot
1127 2083 1199 2150 loeo
1214 2081 1430 2169 inuenissent,

299 2195 421 2262 dietum
436 2191 553 2260 vulnus
569 2211 627 2277 pro
642 2209 703 2258 soa
729 2211 871 2278 persona
901 2193 1017 2260 tuimet
1041 2198 1259 2278 preparatum.
1291 2189 1341 2255 Ex
1373 2183 1434 2253 ad·

298 2321 393 2372 nemo
402 2306 511 2368 autem
520 2297 619 2382 ijdem
635 2298 692 2383 filij
704 2297 840 2366 comitis
855 2298 876 2365 J
878 2297 922 2365 ak
936 2300 1067 2383 singula
1082 2301 1244 2387 premissa
1259 2319 1295 2366 se
1309 2299 1433 2368 senisse

300 2409 515 2491 denegarunt.
533 2406 600 2474 Nos
615 2405 727 2492 itaquo
742 2406 887 2492 parcium
898 2405 1182 2494 propositionibus
1198 2407 1330 2493 auditis,
1345 2406 1433 2476 indi-

300 2519 412 2581 oantes
428 2512 643 2601 dooernimus,
660 2513 749 2598 quod
765 2521 959 2582 memoratas
976 2513 1144 2583 Kominius
1170 2512 1331 2583 dominica
1356 2535 1436 2601 pro·

302 2621 393 2688 xima
408 2627 483 2704 post
499 2619 680 2704 quindenos
697 2621 809 2688 Sanoti
824 2622 1007 2690 Franoissoi
1022 2643 1131 2690 noram
1157 2621 1307 2710 capituto
1324 2619 1435 2693 castrt

302 2728 413 2795 Ferrei
429 2727 592 2794 aooionem
608 2749 702 2794 suam
725 2727 930 2814 prehabitam
963 2730 1113 2816 testibus,
1151 2731 1267 2815 quibus
1298 2730 1437 2800 eniden-

304 2837 374 2902 oius
390 2834 520 2921 poterit,
539 2833 669 2903 debebit
683 2838 905 2920 comprobare.
923 2837 1041 2904 Primis
1057 2843 1165 2904 antem
1181 2837 1215 2902 in
1226 2838 1347 2906 ootauis
1357 2859 1438 2926 pro-

303 2942 471 3010 domionis
488 2941 618 3010 testium
634 2961 742 3010 ooram
759 2943 855 3010 nobis
871 2943 988 3011 iterato
1022 2945 1264 3029 comparebunt,
1296 2947 1434 3014 nomina

302 3057 335 3118 ot
349 3050 553 3117 asserciones
569 3050 700 3118 testium
717 3069 848 3118 suornm
865 3050 900 3117 in
916 3051 1032 3120 titteris
1049 3051 1129 3119 dioti
1160 3051 1305 3137 Capituli
1336 3053 1438 3122 nobis

305 3156 511 3242 reportando.
527 3159 648 3225 Datum
664 3159 699 3224 in
715 3157 797 3225 Soar
812 3158 895 3226 seria
909 3164 1004 3227 sexta
1020 3166 1096 3246 post
1111 3159 1216 3244 ipsum
1234 3158 1362 3229 testum.
1465 3171 1470 3182 ·
1496 3217 1503 3222 .

410 3263 623 3332 Hatulrbl
647 3285 917 3352 ugyanaaon
941 3265 1042 3332 ken:
1073 3265 1136 3335 Pro
1168 3267 1284 3335 Kemin
1316 3273 1443 3338 contra

302 3370 480 3440 fitiosJak.

305 3567 445 3634 (Eredetie
458 3565 633 3635 bbrhtrtytn,
653 3570 768 3634 melyrbl
784 3585 802 3621 a
821 3567 958 3638 otmense
971 3567 1028 3622 mir
1059 3571 1195 3642 lehullott,
1217 3588 1235 3624 a
1259 3589 1345 3626 noma.
1380 3591 1448 3628 sna·

698 3674 775 3709 asum
794 3655 1038 3726 herirattiriban.)

766 3939 979 3953 -—--
