3098 5172
604 327 765 428 *rap

108 531 152 590 -et
183 520 339 610 Hyduvyg
365 529 561 608 notatarum,
585 528 681 606 prout
696 523 792 590 homo
808 531 919 592 noster
934 527 1078 596 Jacobus
1097 533 1253 602 sacerdos

112 630 264 697 Ecolesie
281 629 322 694 de
339 628 587 696 villaPornzlon
603 629 647 696 ad
663 629 859 715 peticionem
874 637 1085 718 utrarumque
1103 637 1254 720 parcium

109 757 219 824 snpra
236 735 355 803 faciem
372 735 477 820 ipsius
499 736 719 822 possessionis
744 736 957 804 transmissus
982 759 1042 826 per
1067 761 1144 827 nos,
1163 745 1253 812 etad

114 864 178 911 nos
195 863 368 931 reuersus,
388 844 605 930 partibusque
637 843 841 930 presentibus
858 844 951 912 nobis
968 843 1067 933 dixit,
1090 849 1163 916 talis
1182 857 1251 918 est:

116 951 312 1038 Incipiendo
329 950 453 1018 scilicet
466 953 501 1016 in
516 951 619 1018 tribus
635 951 731 1019 metis
748 949 863 1018 terreis
873 950 966 1018 iuxta
981 971 1102 1036 aquam
1117 957 1252 1023 Malaka

113 1058 241 1126 dictam
259 1059 392 1144 erectis,
416 1078 553 1142 quarum
580 1078 646 1124 una
670 1063 804 1142 separat
819 1059 976 1144 Mykaely
1001 1051 1068 1128 filio
1088 1061 1251 1150 Symonis,

115 1169 225 1233 altera
239 1165 374 1251 blathye
390 1165 456 1232 filio
472 1165 592 1251 lindre,
607 1165 769 1231 nobilibus
796 1165 838 1230 de
854 1183 975 1248 genere
990 1167 1103 1234 Zabou
1112 1220 1123 1255 ,
1148 1171 1250 1238 tercia

108 1274 236 1342 -Gomiti
246 1274 373 1340 Thone
390 1272 556 1357 sepedicto
573 1273 608 1336 in
624 1273 909 1340 commetaneitate
925 1281 1083 1362 terrarum
1106 1276 1251 1347 eiusdem

106 1382 253 1468 Matbye
268 1381 322 1446 uel
337 1380 475 1447 tiliorum
491 1399 623 1448 snorum
632 1429 642 1465 ,
659 1377 763 1446 tendit
779 1379 822 1446 ad
846 1386 973 1467 partem
999 1381 1251 1452 meridionalem
1358 1419 1361 1426 ·

113 1489 164 1554 ad
181 1489 264 1556 duas
280 1495 385 1555 metas
402 1494 548 1574 terreas,
565 1486 599 1551 in
616 1506 752 1570 quarum
778 1507 845 1553 una
871 1495 921 1555 est
938 1488 1037 1554 arbor
1053 1488 1150 1558 ilicea
1165 1491 1252 1560 ferro

117 1599 319 1681 consignata
349 1593 420 1662 vice
435 1601 540 1678 mete;
558 1594 634 1660 inde
645 1594 831 1679 proceditur
840 1594 883 1660 ad
900 1594 981 1662 duas
998 1603 1102 1664 metas
1117 1605 1252 1688 terreas,

114 1706 154 1770 in
173 1704 290 1788 quibus
307 1709 383 1770 sunt
399 1703 532 1768 arbores
551 1701 636 1768 ilicis
653 1708 752 1784 atque
768 1701 876 1787 pomi;
893 1702 1014 1768 abinde
1030 1700 1074 1768 ad
1090 1702 1173 1770 duas
1189 1725 1253 1772 me·

114 1819 173 1878 tas
189 1819 325 1896 terreas,
353 1809 387 1875 in
403 1827 540 1892 quarum
566 1829 631 1875 una
657 1815 734 1875 sunt
749 1809 901 1892 arbores;
928 1807 1047 1876 exinde
1063 1807 1194 1876 uaditur
1208 1811 1254 1878 ad

114 1918 202 1984 duas
220 1924 324 1984 motas
339 1923 483 2000 terreas;
516 1913 636 1981 deinde
662 1916 766 1980 eciam
784 1914 828 1980 ad
845 1914 928 1981 duas
944 1923 1050 1982 metas
1066 1923 1202 2004 terreas,
1219 1919 1254 1984 in

116 2043 257 2110 quarum
274 2044 341 2090 una
366 2027 417 2090 est
436 2023 537 2089 ‘arbor
553 2021 716 2107 populea,
743 2021 861 2088 abhinc
878 2021 973 2088 uadis
989 2019 1033 2086 ad
1049 2022 1130 2090 duas
1146 2031 1252 2092 metas

115 2138 267 2213 terrcas3
285 2129 404 2196 exhinc
420 2129 525 2196 eciam
540 2125 681 2195 adduas
707 2133 812 2194 metas
829 2133 972 2212 terrem,
989 2128 1023 2195 in
1049 2148 1185 2212 quarum
1206 2133 1256 2198 ul·

114 2245 191 2304 tera
207 2243 284 2302 sunt
300 2235 444 2322 arbores,
460 2235 515 2300 ubi
541 2233 806 2301 commetaneitas
823 2241 980 2300 terrarum
996 2234 1129 2321 Mathya
1145 2238 1254 2304 termi-

115 2351 228 2427 natur,
247 2351 279 2410 et
294 2342 411 2428 incipit
419 2349 529 2410 tenere
539 2341 855 2409 commetaneitatem
871 2361 942 2408 cum
954 2347 1058 2428 terrys
1073 2341 1255 2410 PetriBani

116 2452 259 2538 Ozyagh
275 2451 422 2526 uocatis3
447 2449 525 2516 inde
541 2446 584 2515 ad
600 2449 683 2516 duas
713 2455 818 2516 metas
834 2455 959 2516 terreas
974 2449 1173 2536 angulares,
1198 2451 1255 2517 ubi

117 2565 197 2626 sunt
213 2579 273 2625 sex
290 2556 423 2624 arbores
439 2557 712 2643 uirgultinornm,
742 2577 844 2640 quare
860 2555 888 2623 is
905 2558 958 2622 uel
974 2559 1036 2623 iste
1055 2559 1144 2624 locus
1160 2578 1254 2626 uoca-

116 2673 173 2732 tur
189 2665 405 2745 Hotbarastb,
421 2665 477 2730 ubi
505 2663 639 2730 diuertit
655 2665 698 2731 ad
722 2670 847 2750 partem
864 2663 1098 2732 occidentalem
1114 2663 1157 2730 ad
1173 2667 1256 2733 duas

117 2781 229 2841 metas
247 2779 373 2839 terreas
384 2779 507 2840 erectas
518 2773 612 2840 iuxta
628 2793 747 2858 aquam
758 2771 941 2860 Welchyra'
956 2777 1115 2856 uocatam,
1133 2775 1165 2838 in
1177 2794 1254 2856 qua·

111 2901 191 2947 ‘rum
208 2881 316 2948 altera
333 2885 382 2948 est
398 2883 494 2948 arbor
514 2881 604 2966 .piri;
631 2882 666 2947 in
681 2881 788 2945 medio
805 2879 902 2946 buius
924 2899 1009 2964 aque
1025 2898 1085 2964 per
1100 2899 1254 2966 magnum

117 2989 272 3074 spacium
289 2986 395 3054 eundo
412 3007 486 3053 oum
501 2988 616 3056 ecdem
641 2987 739 3053 fluuio
757 2985 911 3052 defluenti
926 2985 959 3050 in
976 2985 1109 3053 fluuium
1126 2988 1257 3053 Karasn

117 3092 252 3158 caditur
267 3092 301 3157 in
318 3092 456 3159 eundem
472 3093 618 3179 fluuium,
634 3093 690 3160 ubi
706 3091 973 3160 commetaneitas
990 3097 1150 3157 terrarum
1166 3091 1255 3159 Petri

115 3199 205 3264 Bani
221 3199 429 3283 filiorumque
445 3221 574 3268 suorum
589 3203 800 3278 terminatum
818 3207 850 3266 et
860 3197 975 3285 incipit
992 3207 1104 3265 tenere
1120 3219 1256 3267 comme·

115 3307 316 3374 tancitatcm
331 3327 405 3374 cum
422 3314 528 3392 terrys
544 3307 713 3374 Benedicti
744 3307 802 3394 filij
822 3306 958 3374 Comitis
975 3304 1106 3371 Nicolai
1122 3307 1252 3392 scpcdi·

116 3413 165 3480 oti
182 3415 224 3481 de
249 3414 379 3499 Saagh;
411 3415 523 3500 itaque
555 3437 613 3501 per
637 3415 779 3481 medinm
804 3414 899 3481 buius
923 3412 1013 3498 fluuij
1041 3415 1181 3498 Karasu,
1198 3433 1257 3500 per

114 3541 318 3604 cursumque
343 3524 490 3590 eiusdem
517 3524 551 3589 in
570 3525 711 3590 maximo
742 3505 855 3608 s'pacio
886 3523 1038 3589 uadendo
1069 3520 1197 3590 uenitur
1214 3521 1258 3588 ad

115 3628 346 3716 supradictam
362 3652 481 3715 aquam
497 3633 633 3699 Mataka
648 3629 789 3718 dictam,
822 3652 880 3718 per
896 3651 993 3715 quam
1010 3629 1140 3718 quidem
1156 3629 1257 3696 Mala-

114 3739 201 3803 kam
219 3739 328 3805 eundo
345 3739 472 3806 uenitur
488 3737 531 3805 ad
546 3741 674 3824 priores
691 3747 756 3805 tres
773 3745 876 3806 metas
902 3739 1100 3825 principales
1127 3734 1180 3804 uel
1196 3757 1251 3804 ca-

111 3845 254 3934 pitales,
270 3845 381 3930 ibique
397 3847 600 3913 terminatur.
628 3845 696 3913 Hoc
714 3867 778 3913 non
798 3847 1025 3932 pretermisso,
1043 3845 1129 3929 quod
1145 3865 1258 3913 omncs

110 3953 289 4038 prenotati
305 3954 564 4038 conterminales,
582 3955 797 4020 commetanei
809 3959 840 4018 et
856 3954 957 4020 uicini
967 3952 1082 4019 barum
1097 3960 1258 4019 terrarum

113 4059 362 4146 Gueredyscba
386 4067 420 4127 et
435 4060 611 4146 Hydwygh
645 4065 834 4126 notatarum
860 4080 969 4127 coram
1000 4057 1130 4129 homine
1146 4067 1257 4129 nostro

110 4167 271 4256 predicto
288 4167 473 4233 huiusmodi
489 4166 662 4234 collacioni
680 4173 712 4235 et
727 4166 900 4234 donaciani
917 4166 1022 4252 ipsius
1039 4167 1189 4250 Magistri
1199 4167 1258 4234 Be·

110 4274 247 4341 nedicti
262 4273 324 4360 filij
344 4273 480 4343 Comitis
506 4273 636 4340 Nicolai
667 4274 708 4341 do
723 4273 834 4360 Saagh
850 4293 1018 4342 assensum
1034 4259 1209 4342 liberalem
1226 4282 1259 4343 et

108 4399 320 4448 consensum
344 4379 533 4448 beniuolnm
569 4380 783 4448 attribuentes
811 4380 940 4468 publice
971 4379 1151 4470 dederunt,
1182 4401 1258 4449 eun·

100 4489 264 4570 demque
281 4485 438 4554 Comitem
455 4486 613 4556 Tbomam
646 4477 679 4555 et
694 4485 831 4554 heredes
847 4507 922 4555 suos
937 4488 972 4553 in
999 4487 1258 4576 conterminales,

102 4594 155 4660 in
175 4599 420 4662 commetaneos
437 4601 470 4662 et
485 4595 611 4663 vicinos
638 4613 714 4662 suos
740 4594 956 4679 suscipientes
973 4598 1165 4682 receperunt
1180 4595 1261 4664 libe·
