3132 5162
792 220 950 362 n...

312 457 419 537 gates,
434 471 516 534 quas
532 455 637 521 esiam
653 451 739 522 idem
753 457 910 539 Magister
927 453 1103 542 haroldus,
1120 473 1193 520 enm
1209 453 1312 522 tiliam
1329 449 1429 520 Gemi·

312 559 353 624 tis
363 556 519 646 Ladizlay
529 561 639 628 fratris
649 561 810 630 Theodori
825 562 985 648 Prepesiti
996 564 1030 628 in
1041 581 1174 630 uxorem
1184 563 1306 632 hahere
1315 559 1429 627 nolnis

311 674 369 748 set,
380 663 423 732 ad
433 666 468 732 id
478 669 646 750 negocium
663 687 754 735 suum
765 688 824 753 pro
835 668 952 752 viginti
963 671 1080 735 mareis
1090 668 1297 736 denariorum
1307 665 1429 750 abipso

311 768 465 852 Magistro
475 772 641 858 Stephano
657 775 753 861 plene
768 775 908 859 reeeptis
925 796 945 840 a
961 774 1045 840 festo
1060 774 1173 840 Saneti
1190 774 1343 860 Nyeolay
1359 790 1429 838 eon·
1551 755 1552 784 ¹

311 874 445 945 sessoris
462 879 548 948 inira
563 889 698 948 oetauas
724 881 821 967 medij
849 880 1079 964 kadragesime
1104 881 1252 966 proximo
1277 886 1429 946 uenturas
1549 902 1553 911 ·

312 983 516 1052 redimendes
533 987 659 1072 pignori
675 990 852 1073 obligasset
867 989 1024 1073 Magistro
1040 986 1206 1074 Stephano
1232 983 1428 1072 supradieto,

312 1092 370 1158 tali
388 1092 574 1161 eondieione
591 1093 773 1178 mediante;
798 1095 926 1177 quodsi
944 1095 1049 1178 ipsam
1066 1101 1215 1160 oetauam
1241 1091 1432 1159 erastinum-

311 1199 353 1263 rit
369 1199 402 1264 in
419 1197 616 1286 redimendo,
632 1201 774 1268 inenrret
790 1221 908 1286 penam
924 1199 1025 1285 dupli.
1052 1199 1142 1276 Quas
1158 1201 1191 1266 iu
1217 1201 1341 1282 prehxo
1367 1203 1429 1264 ter·

313 1305 398 1371 mino
415 1303 539 1374 seilicet
554 1307 776 1390 possessiones
786 1306 943 1372 redimere
955 1307 1112 1394 nequiuit,
1130 1314 1162 1388 et
1172 1307 1305 1389 insuper
1315 1302 1429 1388 viginti

312 1429 438 1477 mareas
452 1413 484 1476 in
501 1411 645 1496 denarijs
660 1412 746 1479 idem
762 1414 918 1497 Magister
933 1413 1095 1479 Arnoldus
1112 1415 1154 1478 ab
1180 1414 1252 1496 ipso
1278 1411 1429 1494 Magistro

313 1515 480 1603 Stephano
496 1521 670 1610 recepisset
687 1521 822 1604 iterat0;
839 1521 1007 1588 eonfessns
1024 1527 1074 1587 est
1100 1541 1159 1604 pro
1175 1519 1271 1586 dietis
1286 1520 1383 1585 rebus
1399 1523 1429 1584 et

312 1626 460 1711 peeunijs
492 1626 596 1694 eidem
624 1629 779 1712 Magistro
806 1628 971 1714 Stephano
997 1627 1137 1693 finaliter
1163 1633 1374 1712 perpetuasse
1399 1632 1428 1690 et

311 1731 495 1800 vendidisse
511 1735 581 1801 iure
606 1742 763 1820 perpetuo
790 1735 822 1800 in
850 1726 1004 1804 heredum
1035 1735 1185 1817 heredes,
1210 1731 1429 1814 heredumque

311 1839 560 1928 suecessoribus,
576 1848 608 1906 et
625 1841 886 1908 inremeabiliter
897 1838 1262 1924 paeiheepossidendas.
1283 1839 1323 1904 vt
1334 1838 1433 1922 ijdem

311 1947 465 2032 Magister
480 1947 641 2015 Amoldus
658 1955 690 2014 et
706 1949 860 2030 Magister
886 1946 1071 2031 Stephanus
1099 1947 1288 2030 retulerunt,
1317 1965 1428 2012 eureus

311 2052 557 2120 distineeionnm
589 2057 786 2138 prefatorum
819 2061 973 2120 terrarum
1005 2073 1062 2120 seu
1097 2053 1341 2138 possessionum
1373 2051 1432 2118 hoe

312 2160 445 2228 hordine
462 2161 701 2244 distinguntur:
717 2162 829 2227 Prima
845 2161 1004 2243 siquidem
1031 2169 1118 2226 mete
1144 2159 1259 2243 ineipit
1284 2159 1327 2223 ah
1353 2158 1433 2224 ocei-

313 2265 435 2334 dentali
452 2275 543 2352 parte
558 2287 655 2354 super
669 2270 801 2337 fluuium
818 2269 919 2352 Mera,
937 2267 1119 2334 uhillunins
1136 2264 1309 2333 hhuhnlha
1320 2263 1435 2332 inuidit

311 2373 493 2440 indusium
511 2377 621 2458 Mura;
639 2372 712 2440 inde
737 2375 872 2442 tendens
899 2393 1011 2442 uersus
1037 2375 1192 2440 orientem
1217 2371 1365 2458 peruenit
1394 2372 1433 2438 ad

312 2479 461 2566 Gapeha;
493 2481 612 2548 ahhine
637 2481 745 2550 adhue
771 2483 812 2548 ad
838 2483 970 2568 plagam
999 2485 1151 2548 orientem
1178 2481 1271 2547 irrxta
1295 2479 1431 2546 eandem

312 2585 486 2671 Gapeharn,
504 2597 535 2654 et
551 2589 642 2653 iuxta
657 2590 750 2656 linem
769 2589 1043 2671 lwankatheluky
1060 2588 1206 2672 peruenit
1222 2587 1264 2653 ed
1290 2585 1433 2666 vimine;

311 2691 430 2760 abinde
446 2695 534 2760 uadit
549 2694 655 2760 adhue
671 2696 761 2762 iuxta
776 2695 870 2761 finem
888 2695 983 2760 nnius
1000 2702 1085 2760 terre
1095 2693 1231 2758 arabilis
1247 2692 1287 2756 ad
1306 2699 1432 2776 partem

312 2800 455 2888 orientis,
473 2807 505 2866 et
520 2803 669 2890 peruenit
685 2803 728 2867 ad
744 2802 892 2868 arborem
902 2803 1037 2887 platani,
1056 2821 1119 2884 que
1130 2799 1247 2866 dieitur
1267 2801 1434 2884 anastase,

311 2926 374 2990 qne
390 2908 492 2974 esiam
509 2918 641 2996 separat
657 2933 678 2976 a
693 2919 778 2978 terra
795 2907 950 2995 Lyndra3
969 2909 1087 2976 exinde
1097 2907 1235 2974 flectitur
1253 2905 1296 2972 ad
1308 2911 1435 2992 partem

313 3015 568 3103 meridionalem,
586 3026 617 3084 et
633 3018 794 3101 quandam
819 3036 972 3102 magnam
1000 3017 1085 3082 viam
1111 3015 1260 3082 saliendo
1285 3015 1436 3099 peruenit

311 3123 353 3187 ad
369 3132 486 3192 melam
504 3133 660 3210 terream
679 3125 753 3192 inde
770 3145 846 3192 uero
874 3144 987 3192 uersus
1005 3124 1169 3191 meridiem
1186 3121 1350 3187 tendendo
1365 3119 1435 3184 iux·

313 3241 346 3295 ta
363 3232 456 3300 finem
474 3233 748 3317 Iwankathelnky
766 3233 917 3318 peruenit
934 3233 977 3297 ad
1002 3230 1296 3318 plurimauimina3
1315 3225 1437 3294 deinde

313 3338 357 3404 ad
375 3347 500 3421 partem
511 3341 758 3406 meridionalem
772 3340 878 3405 eundo
890 3346 1168 3421 estmetaterrea3
1186 3337 1260 3403 inde
1271 3331 1437 3400 tendendo

312 3443 354 3509 ad
371 3455 494 3529 partem
511 3445 756 3512 meridionalem
774 3447 921 3532 peruenit
937 3445 979 3510 ad
996 3445 1089 3510 linem
1115 3442 1316 3526 quorundam
1345 3439 1436 3504 vimi-

312 3571 438 3648 norum&
452 3551 484 3614 in
502 3550 614 3615 eadem
632 3573 706 3617 nero
724 3553 884 3618 viminose
902 3551 989 3616 valle
1007 3551 1098 3616 uadit
1110 3559 1143 3615 et
1164 3547 1330 3616 eirouitde
1341 3553 1438 3633 parte

311 3657 445 3724 orientis
476 3657 519 3722 ad
545 3665 666 3742 partem
695 3659 948 3744 meridionalem,
976 3660 1124 3742 peruenit
1156 3661 1199 3723 ad
1226 3654 1434 3740 monticulos,

311 3764 402 3830 iuxta
417 3783 499 3848 qrros
516 3765 548 3829 in
565 3771 657 3850 parte
673 3765 824 3832 orientali
841 3767 873 3831 in
891 3767 979 3832 valle
996 3765 1089 3832 Slufe
1105 3767 1217 3832 eirenit
1244 3781 1354 3829 uersus
1371 3763 1435 3828 ori-

311 3877 428 3958 entem,
445 3877 478 3939 et
493 3871 641 3956 peruenit
656 3871 700 3938 ad
716 3873 799 3938 duas
816 3871 946 3940 arbores
963 3873 1084 3959 ilieum,
1102 3873 1135 3937 in
1161 3887 1298 3952 quarum
1313 3869 1436 3936 medie·

311 3983 377 4041 tato
395 3987 445 4044 est
459 3979 555 4043 arhor
572 3980 692 4066 vlmes3
709 3980 829 4048 exinde
846 3979 1019 4046 reflectitur
1035 3978 1077 4044 ud
1094 3985 1222 4063 partem
1239 3975 1426 4042 meridiona

313 4082 385 4166 lem,
404 4093 436 4150 et
451 4086 598 4170 peruenit
614 4087 655 4152 ad
672 4089 820 4154 arborem
845 4087 941 4170 ilyeis
957 4095 1094 4169 quatuor
1115 4104 1223 4150 ramos
1238 4083 1417 4150 habentem
1431 4105 1438 4164 ;

312 4191 418 4272 adhue
434 4193 533 4261 esiam
551 4214 665 4262 uersus
681 4193 847 4262 meridiem
874 4193 1034 4260 tendendo
1060 4191 1208 4276 peruenit
1233 4190 1276 4256 ad
1302 4188 1440 4254 dnmum

312 4297 434 4387 Pauly3
451 4303 569 4369 abhine
586 4301 691 4370 adhue
707 4301 748 4370 ad
765 4301 896 4386 plagam
912 4299 1155 4368 meridionalem
1172 4295 1339 4385 pergendo
1363 4296 1439 4382 per-

311 4406 399 4474 uenit
415 4404 457 4474 ad
472 4411 699 4500 Zahemulaea,
717 4413 758 4479 de
774 4430 840 4496 qna
855 4410 969 4478 inuidit
983 4411 1017 4477 in
1032 4410 1165 4476 fluuium
1191 4407 1303 4488 Mura3
1330 4411 1364 4469 et
1390 4404 1442 4471 ibi

312 4515 511 4589 terminatur.
527 4521 672 4588 laenius
688 4517 889 4588 vendicionis
914 4517 1012 4584 robur
1036 4523 1068 4584 et
1094 4513 1281 4584 memoriam
1306 4509 1439 4595 plenio-
