3098 5172
663 347 825 448 ,au-

176 549 251 631 post
265 537 386 608 testum
401 539 511 610 Sanoti
526 540 696 610 Michaelis
711 541 850 628 populos
866 539 1001 610 Comitis
1017 540 1161 610 Conradi
1177 543 1241 612 sub
1256 561 1309 612 oa·

177 655 245 716 stro
260 668 321 716 suo
339 650 533 734 existentes,
559 651 658 716 boues
674 657 873 734 aratrorum,
897 647 1012 717 etalio
1027 650 1113 719 bona
1128 651 1304 728 eorundem

177 755 355 824 auferendo
371 755 535 842 pendente
561 755 621 823 lite
647 755 731 824 inter
755 758 863 843 ipsos,
888 759 965 826 itam
981 758 1016 825 in
1041 765 1136 826 sexta
1151 757 1234 828 feria
1258 777 1309 830 se·

178 865 291 948 quenti
308 863 500 949 spoliauerit
515 871 587 932 ooto
603 861 688 951 (lgy)
714 863 812 932 uillas
829 863 976 932 eiusdem
993 863 1126 933 Comitis
1143 865 1309 956 (lorrardi,

178 971 304 1062 scilieet
318 972 414 1040 Patre
424 1025 434 1060 ,
462 969 607 1039 Guereoh
617 1021 627 1058 ,
644 971 801 1056 Polkona,
821 969 935 1061 Oheer,
955 972 1093 1059 Balugd‚
1111 971 1260 1040 (iunohel
1277 981 1309 1043 et

177 1075 291 1165 Topos
307 1079 504 1166 nominatas,
522 1077 615 1146 bonis
638 1079 786 1146 omnibus
804 1079 987 1170 spoliando,
1002 1087 1035 1148 et
1051 1081 1184 1167 insuper
1198 1102 1309 1166 quem·

178 1186 255 1254 dam
269 1188 477 1272 iobagionem
503 1207 596 1255 suum
613 1185 767 1271 interfici,
796 1196 828 1256 et
844 1186 1002 1273 quosdam
1017 1187 1149 1258 feoissst
1165 1189 1311 1258 letaliter

178 1295 342 1364 uulnerari.
373 1295 483 1375 Quare
508 1294 660 1362 fidelitati
685 1301 795 1363 uestro
811 1296 1030 1384 precipimus,
1050 1304 1207 1381 quatenus
1224 1295 1307 1366 detis

178 1423 277 1472 snum
293 1423 335 1470 ex
351 1405 452 1488 vobis,
468 1421 576 1472 eoram
591 1423 655 1488 quo
671 1401 861 1471 Alexander
876 1403 918 1470 de
933 1404 1071 1489 Hozugd
1086 1404 1181 1474 homo
1197 1413 1309 1475 noster

179 1531 280 1598 super
294 1513 461 1599 premissis
477 1511 624 1580 omnibus
641 1512 725 1578 solat
741 1510 958 1578 omnimodam
973 1513 1165 1596 venitatem3
1182 1521 1215 1580 et
1225 1520 1309 1599 post·

179 1619 310 1688 modum
325 1618 405 1688 faeti
421 1621 541 1688 seriem
556 1619 754 1690 rescribatis.
771 1621 892 1687 Datum
901 1619 994 1687 Bude
1009 1618 1093 1688 lesia
1109 1621 1225 1706 quinta
1235 1641 1306 1708 pro·
1349 1633 1356 1642 '

179 1727 270 1796 xima
285 1734 359 1816 post
375 1735 507 1798 ootauas
523 1729 637 1797 Saneti
652 1728 753 1798 Galli.

181 1924 215 1992 (Δ
223 1925 299 1994 ρὸοεί
312 1924 499 1996 ktptalnnnsk
513 1933 650 1995 ugyunazt
662 1927 823 1980 tartalmano
839 1927 955 1979 tuas-ki
974 1925 1174 1992 jelsnteseb813
1198 1945 1215 1981 a
1234 1927 1310 1984 molt.

468 2014 534 2072 bito
548 2015 643 2084 savar
664 2013 757 2071 esaltd
779 2012 987 2082 leutitiriban.)

634 2302 848 2315 *-

689 2833 764 2902 144.

185 3035 394 3106 iumentum
410 3031 475 3098 III.
491 3033 601 3099 Maure
616 3031 720 3119 lircily
736 3031 902 3119 oayjclrsuk
925 3032 1194 3118 bizoayscipleoele,
1226 3035 1312 3120 leopy

181 3143 331 3231 Kuelpesi
345 3141 459 3229 Junos,
474 3146 505 3208 e's
520 3141 637 3232 Filpuo
653 3152 763 3208 mester
779 3141 857 3226 fiai,
881 3141 1035 3227 Zeoebmp
1060 3143 1092 3207 is
1117 3139 1308 3226 Kuelyesbeu

390 3251 576 3317 birtokultra
591 3251 686 3316 aizoo
701 3251 903 3318 birtoltaueret
927 3248 1030 3315 tetlek.
1048 3247 1147 3316 1296.

289 3443 358 3511 Nos
375 3444 507 3511 domina
521 3445 582 3512 Th.
599 3446 662 3514 Doi
685 3446 797 3529 gracia
812 3451 916 3511 mater
939 3443 1082 3511 Illustris
1107 3441 1207 3526 Regis
1223 3440 1313 3509 Hun·

181 3550 281 3638 genie,
297 3551 441 3619 Duoissa
456 3552 559 3619 tooius
575 3551 760 3640 Selauonie,
778 3559 810 3618 et
827 3551 1027 3618 Gubernatix
1042 3549 1194 3618 Pareium
1211 3546 1313 3616 Oitra·

182 3658 410 3726 danubialium
421 3680 524 3745 usque
538 3660 703 3728 maritima
713 3660 830 3726 damus
839 3677 898 3744 pro
908 3661 1082 3744 mameria3
1099 3657 1186 3741 quud
1195 3657 1313 3726 (lomes

181 3766 297 3834 Petrus
313 3767 399 3835 filins
415 3767 593 3855 Deniponj,
625 3777 657 3837 et
674 3766 852 3854 Gregorius
876 3767 963 3833 filius
988 3765 1154 3852 Kohodyy
1177 3785 1235 3850 pro
1259 3764 1313 3832 Jo-

181 3875 290 3944 hanne
303 3873 371 3940 lilio
387 3873 496 3944 Beoha
512 3877 553 3943 de
570 3877 714 3960 Kuelges
732 3879 871 3959 cognato
888 3894 957 3954 suo,
975 3875 1059 3941 siout
1075 3874 1235 3958 dixerunt,
1261 3893 1313 3940 oo-

181 4003 251 4050 ram
268 3983 365 4052 nobis
382 3981 548 4051 constituti
573 3983 616 4053 ab
632 4003 698 4050 vna
722 3989 827 4069 parte,
856 3989 888 4050 et
913 3982 1071 4064 Magister
1097 3980 1306 4064 Laurenolus,

181 4092 340 4178 Philipus,
357 4088 532 4159 Ladinlaus
549 4091 609 4175 filij
625 4089 772 4177 Magistri
789 4089 924 4177 Philpus
941 4091 983 4154 ab
1001 4083 1228 4172 altera-super
1239 4089 1311 4170 qui·

182 4199 322 4267 busdam
338 4199 600 4285 possessionibus
615 4197 828 4284 hereditarijs
844 4197 910 4262 tale
927 4193 1153 4262 eonoambium
1167 4195 1252 4260 inter
1276 4212 1313 4261 ss

183 4309 433 4379 ordinauerunt:
449 4305 535 4393 quod
551 4306 629 4374 dieti
645 4304 704 4390 tilij
721 4303 872 4389 Magistri
889 4303 1025 4387 Philpus
1047 4297 1210 4386 quandam
1237 4320 1311 4387 pos·

182 4422 362 4492 sessionem
377 4437 471 4486 suam
486 4413 681 4499 Zeneboogh
698 4411 752 4481 uel
766 4409 1052 4496 Franoheusteldy
1067 4413 1227 4492 vocatam,
1238 4427 1314 4494 por·

182 4528 309 4597 aionem
325 4534 436 4594 tamen
461 4543 553 4592 suam
578 4523 671 4589 iuxta
695 4521 828 4590 fluuium
854 4509 981 4587 Karaso
1008 4517 1212 4602 existentem,
1240 4533 1314 4582 eum

183 4635 333 4705 omnibus
348 4629 547 4701 utilitatibus
562 4635 595 4698 et
609 4627 823 4716 pertinenoijs
839 4625 1000 4694 uniuersis
1016 4623 1180 4691 dederunt
1196 4628 1230 4689 et
1239 4641 1314 4690 eon·
