3112 5158
589 325 750 434 m..

108 519 220 594 domus
235 523 376 613 plurium
388 524 599 612 iobagionum
614 526 761 596 eiusdem
777 527 863 595 circa
879 526 1038 618 semitam,
1056 547 1112 616 per
1127 549 1226 615 qnam

108 635 148 700 de
163 639 262 720 ponte
277 631 393 700 fossati
418 633 652 717 strigoniensis
677 633 839 718 quondam
865 635 1056 705 tendebatur
1080 638 1114 704 in
1142 639 1227 704 Koa·

109 741 189 826 chy:
204 745 298 827 prout
312 742 355 806 ab
371 739 515 807 eiusdem
531 741 680 824 Magistri
705 762 760 809 ore
784 748 817 810 et
843 744 947 829 ipsius
963 745 1124 812 lobannis
1149 744 1230 810 ‹lidi-
1344 825 1347 830 Ι

111 846 211 914 cimus
237 855 269 913 ot
298 846 526 930 recollegimus
557 849 668 914 omnia
699 856 731 916 et
765 851 896 935 singula
920 851 1157 936 premissorum.
1190 850 1233 917 Vt

111 955 209 1040 igitur
238 952 299 1020 hec
332 962 443 1021 nostra
473 951 650 1022 diffinitina
680 958 844 1023 sentencia
871 959 968 1026 robur
992 957 1139 1044 optineat
1163 975 1234 1041 per·

111 1068 205 1146 potue
220 1059 390 1147 firmitatis,
408 1068 574 1146 presentes
593 1064 809 1132 concessimus
834 1067 936 1132 nostri
963 1063 1103 1150 duplicis
1129 1062 1233 1148 sigilli

113 1167 212 1236 nostri
237 1166 334 1254 (igit),
376 1169 534 1236 consortis
560 1177 668 1237 nostre
693 1169 885 1259 karissime,
927 1169 1057 1238 domine
1081 1171 1140 1238 Tb.
1169 1192 1236 1238 ma·

114 1277 170 1344 tris
200 1285 318 1355 nostre,
344 1297 385 1344 ae
415 1277 619 1347 Prelatorum
660 1278 875 1363 predictorum
901 1281 1077 1356 munimine
1103 1279 1234 1348 robora·
1292 1321 1295 1328 ·

113 1395 169 1454 tas.
185 1387 305 1452 Datum
323 1405 380 1470 per
395 1405 509 1454 manus
525 1385 657 1454 discreti
674 1386 733 1454 riri
759 1388 909 1473 Magistri
933 1389 1094 1456 Theodori
1119 1387 1237 1456 Alben-

113 1494 157 1561 sis
172 1491 319 1560 Ecclesie
335 1491 505 1577 Prepesiti,
520 1493 594 1559 aule
609 1501 719 1560 nostre
734 1493 1038 1581 Vico-Cancellarij,
1063 1492 1177 1562 dilecti
1202 1500 1234 1558 et

114 1598 216 1666 tidelis
231 1601 332 1668 nostri
348 1621 434 1668 anno
449 1600 583 1668 Domini
598 1601 719 1667 Μῦῦί]ο
748 1602 963 1686 nonagesimo
980 1607 1105 1689 quarto,
1121 1610 1237 1684 quarto

115 1707 276 1776 kalendas
292 1709 451 1795 Augusti3
468 1711 571 1796 Regni
588 1715 694 1778 autem
709 1711 811 1778 nostri
827 1727 912 1777 anno
929 1716 1053 1794 quarto.

117 1904 165 1976 (Aa
177 1909 278 1960 eredcti
291 1904 360 1960 utin
374 1910 469 1959 Knauz
483 1905 594 1960 Neinrlor
607 1909 721 1974 Magyar
733 1907 799 1959 sion
813 1911 862 1960 Ill.
877 1909 933 1960 ket.
947 1907 1008 1960 850.
1022 1906 1040 1958 l.
1054 1907 1110 1960 s0k
1121 1903 1235 1958 biberat

282 1998 386 2049 kiarlva
402 1995 481 2062 ster
495 1994 562 2047 r'rltal
576 1997 642 2048 con.
657 1996 732 2062 Dipl.
748 1998 785 2048 Vl
789 2034 794 2048 .
810 1999 867 2048 trot.
882 1998 904 2049 1.
918 2011 940 2051 r.
960 1997 1020 2048 306.
1036 1995 1067 2064 l.)

648 2709 705 2781 94.

117 2909 187 2979 m.
204 2913 316 2978 Badra
331 2909 792 2998 ttrotpnrtDotostetpstpec
803 2909 959 2996 tdrpyozo
973 2907 1147 2980 tcttettwete
1166 2904 1241 2978 Aba

115 3022 344 3108 oemzerseptelt
370 3018 484 3087 Guden
500 3031 611 3088 mester
635 3021 666 3086 6³
692 3019 780 3086 Kerke
803 3020 914 3088 Jatat
931 3041 1027 3087 comcs
1041 3021 1121 3086 tort.
1148 3017 1247 3082 1294.

228 3214 294 3282 Nos
310 3213 459 3281 Andreas
476 3213 537 3281 Dei
554 3213 666 3299 gracia
680 3215 750 3282 Ros
766 3214 1073 3299 Vngariememorie
1083 3231 1244 3280 commen·

114 3320 238 3388 dantes
252 3321 473 3404 significamus
489 3321 670 3404 vniuersis;
687 3321 772 3406 quod
789 3341 857 3387 oum
875 3322 1042 3388 contencio
1058 3339 1156 3405 super
1167 3339 1244 3404 qua·

114 3428 197 3493 darn
213 3427 417 3512 possessione
431 3428 542 3495 Dubos
559 3434 674 3496 uocata
699 3427 782 3494 inter
808 3429 933 3497 nobiles
951 3428 1036 3497 viros
1052 3429 1251 3512 Magistrum

112 3531 248 3601 (tudem
264 3535 367 3600 tilium
385 3533 518 3602 Comitis
534 3535 624 3602 Petri
642 3534 683 3601 de
699 3555 818 3620 genere
834 3533 906 3602 Aba
932 3555 972 3602 ex
996 3555 1061 3603 rna
1084 3540 1186 3619 parte,
1216 3539 1250 3599 ct

110 3639 276 3726 Comitem
293 3642 452 3712 Jacobum
469 3642 590 3709 dictum
606 3643 704 3708 Kuke
722 3663 762 3710 ex
778 3642 883 3708 altera
899 3649 986 3709 mota
1002 3643 1116 3708 fuisset
1133 3659 1243 3706 coram

109 3745 234 3832 nobis3
250 3748 296 3815 ita
312 3749 399 3832 quud
414 3749 552 3816 eandem
570 3749 812 3836 possessionem
829 3749 933 3817 dictus
949 3749 1064 3816 Comes
1088 3744 1256 3819 lacobus,

109 3853 215 3922 Pauli
232 3863 264 3922 et
280 3852 399 3923 Oosme
416 3855 554 3924 filiorum
571 3856 686 3924 Cosme
702 3855 842 3923 fratrum
858 3857 967 3925 vxoris
983 3876 1042 3924 sue
1066 3853 1135 3920 fore
1160 3871 1248 3918 asso·

107 3963 224 4048 rebat,
242 3970 274 4028 st
291 3982 400 4032 eornm
418 3963 547 4054 nomine
564 3963 702 4031 eundem
719 3965 907 4049 Magistrem
925 3961 1049 4032 (tudem
1064 3960 1242 4048 prohibuis-

106 4074 162 4136 set
179 4087 293 4137 eoram
310 4070 423 4156 nobis3
440 4091 459 4138 e
473 4090 632 4139 conuerso
647 4077 757 4139 antem
773 4069 857 4140 idem
874 4071 1032 4156 Magister
1058 4066 1151 4137 (iude
1168 4086 1245 4133 ean·

106 4176 190 4244 dem
210 4178 453 4263 possessiouem
470 4179 593 4266 Dubos,
611 4187 643 4247 et
659 4176 702 4246 ad
717 4181 824 4266 ipsam
839 4185 1033 4267 spectantes,
1061 4174 1174 4243 ordine
1201 4173 1247 4239 iu-

107 4282 258 4352 diciario
275 4283 318 4351 ad
333 4306 370 4354 se
386 4283 573 4354 deuolutam
590 4286 767 4374 asserebat,
785 4295 816 4355 et
832 4307 929 4372 super
945 4285 1006 4353 lroo
1029 4285 1254 4352 instrumenta

105 4389 243 4458 habere
259 4411 297 4460 se
314 4392 451 4460 dicebat.
468 4394 535 4461 Nos
551 4395 662 4478 itaque
677 4395 823 4479 partibus
853 4394 900 4462 sic
932 4392 1162 4462 altercantibus
1192 4409 1245 4456 as·

102 4499 325 4585 signauimus
341 4502 513 4570 terminum
530 4508 763 4590 competentem
779 4523 840 4570 sua
855 4503 1067 4570 instrumenta
1092 4501 1245 4569 exhiben-

103 4607 139 4675 di
157 4625 278 4679 coram
294 4609 396 4678 nobis.
412 4609 616 4681 Adueniente
633 4612 745 4698 itaque
761 4610 898 4679 termino
919 4631 978 4697 per
993 4631 1052 4679 nos
1076 4612 1243 4696 assignato

161 4741 276 4785 crosna.
293 4743 374 4780 mrsu.
390 4745 461 4788 rrrsr.
477 4751 521 4770 -·
535 4745 607 4784 nrru.
625 4739 662 4784 18.
1044 4721 1086 4787 10
