3120 5172
820 487 981 589 -3-19-

329 681 479 750 minibus
495 681 618 751 domini
642 682 743 767 Regis
763 681 972 771 accesserint,
997 688 1030 750 et
1054 682 1165 750 omnia
1195 687 1229 749 et
1244 681 1381 768 singula,
1398 701 1444 764 que

328 790 370 857 in
397 789 521 857 eisdem
549 789 670 858 litteris
705 788 842 858 Oomitis
872 788 1043 859 Benedicti
1073 789 1279 858 eontinentur
1290 839 1301 877 ,
1331 787 1445 857 fecerint

334 903 371 964 ut
386 897 587 968 debuerunt:
608 905 719 967 tamen
742 899 822 983 quia
852 901 924 987 ipse
956 899 1073 969 Oomes
1103 899 1218 968 Petrus
1249 897 1394 968 officialis
1407 895 1445 962 do

333 1004 416 1072 mini
430 1005 585 1094 Episcopi
599 1026 658 1094 pro
682 1006 795 1075 eodem
821 1005 952 1076 domino
978 1027 1038 1076 suo
1061 1027 1127 1076 non
1151 1006 1255 1092 potuit
1278 1004 1445 1072 infirmitate

333 1114 540 1200 prepediotua
570 1114 651 1181 inibi
684 1133 889 1200 comparere,
920 1121 954 1181 et
978 1115 1112 1200 quidam
1136 1115 1193 1200 qui
1222 1115 1294 1182 loco
1317 1113 1369 1180 sni
1383 1109 1444 1178 inibi

327 1221 535 1308 comparuit,
561 1222 678 1308 exequi
713 1221 834 1291 iactum
859 1220 984 1290 domini
1007 1223 1163 1310 Episcopi
1188 1241 1248 1290 sno
1278 1220 1374 1288 modo
1397 1238 1443 1284 non

328 1328 449 1416 potuit,
470 1336 565 1414 prout
580 1330 615 1397 in
623 1329 740 1399 neumis
751 1329 869 1398 litteris
878 1349 937 1416 per
947 1337 1057 1415 partes
1066 1330 1161 1399 uobis
1171 1327 1301 1398 exibitis
1311 1325 1444 1396 contineri

333 1435 495 1515 uidimus3
522 1423 695 1506 statuimus
720 1438 867 1524 partibus
892 1437 1201 1524 assumpmentibus,
1224 1443 1260 1506 vt
1283 1436 1376 1504 ambe
1390 1451 1445 1521 par·

328 1553 385 1612 tes
410 1544 444 1610 in
469 1544 615 1611 erastino
640 1543 832 1613 festiuitatis
848 1545 1000 1614 Omnium
1018 1544 1209 1613 Sanctorum
1224 1543 1370 1631 proxime
1386 1557 1444 1606 neu·

325 1659 405 1719 ¹turo
421 1649 597 1719 secundum
614 1651 853 1718 continenciam
876 1653 1024 1738 ipsarum
1047 1652 1228 1720 litterarum
1254 1649 1384 1718 Oomitis
1400 1647 1444 1712 Be·

326 1757 454 1826 nedicti
483 1757 689 1843 presentibus
720 1756 848 1827 duobus
881 1759 1078 1845 testimonijs
1102 1758 1223 1827 vestris
1250 1777 1357 1826 coram
1380 1751 1443 1840 ipsis

329 1867 462 1934 ⁴duobus
478 1863 662 1933 hominibus
678 1864 802 1932 domini
818 1865 919 1951 Regis
936 1866 1091 1935 accedere
1106 1867 1248 1934 debeant
1272 1862 1445 1960 secundario

326 1993 433 2059 super
449 1971 536 2038 facto
551 1971 655 2056 ipsius
670 1978 757 2038 terre
774 1973 884 2040 Koron
901 1975 1116 2061 contencione,
1134 1981 1166 2041 et
1181 1971 1373 2055 omicida,
1395 1985 1445 2053 que

333 2083 369 2148 in
386 2081 468 2166 ipsis
484 2079 601 2146 litteris
618 2079 752 2145 Oomitis
770 2079 941 2148 Benedicti
959 2079 1162 2148 continentur
1177 2087 1209 2147 et
1224 2079 1362 2148 uidimus
1385 2095 1444 2143 oon-

332 2188 441 2268 tineri,
459 2191 657 2269 exequentur
672 2182 716 2252 ad
741 2184 884 2274 plenum,
909 2185 1010 2254 nichil
1037 2187 1166 2274 penitus
1192 2187 1234 2254 de
1259 2181 1448 2254 continencia

326 2293 514 2363 earundem
531 2291 747 2360 diminuentes
762 2294 816 2360 uel
831 2301 1001 2378 augentes.
1018 2294 1096 2361 Post
1112 2295 1173 2361 hec
1188 2300 1299 2379 partes
1323 2292 1355 2359 in
1378 2294 1447 2358 cota·

326 2403 386 2469 'uis
402 2399 553 2470 Omnium
568 2398 756 2468 Sanctorum
773 2406 983 2486 compareant
999 2421 1109 2470 eoram
1124 2401 1219 2469 nobis
1235 2401 1351 2470 seriem
1362 2399 1448 2468 tocius

328 2509 416 2576 dacti
432 2507 467 2573 in
482 2506 603 2574 litteris
619 2508 739 2575 uestris
755 2508 959 2594 exhibentes,
977 2515 1009 2576 et
1024 2508 1059 2575 in
1073 2509 1155 2595 ipsis
1172 2509 1298 2576 octenis
1315 2505 1448 2575 Omnium

328 2613 624 2684 ‘Sanctorumidem
640 2613 792 2682 dominus
806 2614 992 2702 Episcopus
1008 2623 1085 2684 ante
1112 2617 1225 2685 omnia
1251 2616 1358 2686 soluet
1380 2612 1449 2680 iudi-

327 2723 423 2792 cium
436 2744 495 2809 pro
512 2741 562 2800 eo,
580 2721 658 2806 quia
673 2721 709 2790 in
724 2721 805 2808 ipsis
822 2722 996 2806 quindenis
1022 2723 1206 2794 residencie
1237 2723 1392 2792 exercitus
1414 2718 1450 2786 ad

326 2833 439 2916 ipsius
453 2837 539 2898 terre
555 2829 762 2896 contenciose
777 2829 899 2898 factum
915 2830 1130 2916 personaliter
1145 2852 1211 2899 non
1226 2831 1372 2916 aecoesit,
1401 2847 1452 2894 nec

331 2939 497 3024 legitimus
514 2941 703 3023 procurator
717 2956 796 3004 suus
812 2935 895 3004 inibi
911 2939 1090 3026 comparuit
1106 2959 1165 3025 pro
1192 2939 1317 3007 eodem.
1342 2937 1451 3004 Datum

334 3046 428 3115 Bude
443 3045 581 3128 septimo
598 3042 652 3110 die
676 3043 824 3111 vicesimi
848 3043 984 3113 secundi
1009 3045 1077 3112 diei
1100 3045 1282 3116 residentia
1305 3045 1453 3115 exercitus

333 3175 421 3222 anno
434 3151 566 3220 Domini
582 3149 703 3218 Μῦῦὒ0
718 3153 932 3237 nonagesimo
948 3159 1072 3224 octauo.

444 3257 599 3326 Ktvdl:
615 3257 739 3326 Amicis
756 3259 824 3328 suis
851 3257 1003 3346 Oapitulo
1029 3261 1246 3346 strigoniensi
1270 3281 1331 3348 pro
1356 3258 1457 3328 Zuard

326 3373 368 3436 -et
385 3365 501 3434 Ohaak
515 3365 681 3449 Magistris
697 3372 809 3434 contra
825 3367 1024 3454 Episcopum
1041 3369 1323 3456 wesprimiensem
1350 3367 1395 3436 ad
1418 3366 1461 3432 fa·

333 3483 423 3544 etum
438 3483 525 3542 terre
539 3475 650 3542 Koroa
662 3474 705 3542 ad
721 3475 898 3544 erastinum
908 3476 1097 3546 festiuitatis
1108 3477 1261 3548 Omnium
1271 3478 1459 3546 Sanctorum

296 3574 305 3590 ’
335 3581 429 3650 etad
445 3587 577 3650 octauas
592 3581 743 3649 Omnium
759 3584 951 3652 Sanctorum
967 3584 1011 3652 ed
1025 3585 1184 3655 Judicem.

330 3776 477 3848 (Eredetie
490 3777 663 3848 bdrhdrtydn,
677 3795 695 3833 a
708 3777 848 3849 adrpeeaet
861 3782 1010 3848 slvesaatt3
1024 3797 1042 3834 a
1053 3784 1136 3836 budai
1158 3784 1209 3836 kir.
1238 3783 1368 3836 kamarai
1390 3777 1466 3834 lesti-

323 3891 327 3900 ·
843 3868 963 3940 tdrban.)
1082 3927 1086 3936 ,
1178 3862 1182 3870 ’

799 4155 1006 4168 —n——n
