3120 5172
829 319 989 420 —3-5—2*

326 513 474 580 ruissent.
493 512 687 581 Patronatus
714 531 791 580 vero
816 511 963 581 Ecclesie
988 512 1201 600 Paroobialis,
1226 511 1354 581 soilioet
1376 514 1457 579 Beati
1547 557 1548 562 ,

326 619 462 689 ,Jaoobi
478 621 639 708 Apostoli,
656 620 780 688 eisdem
796 619 1006 689 communiter
1020 620 1192 689 habendus
1208 619 1414 688 remansisset
1429 627 1455 686 et
1547 689 1548 726 ἐ

346 728 514 796 tenendus.
531 731 685 798 Preterea
710 729 881 796 uniuersas
907 727 1063 796 utilitates
1089 730 1322 813 promissarum
1346 748 1456 815 posses·
1547 729 1548 740 ’

345 836 473 904 stonum
489 836 640 922 omnium,
658 843 725 902 tam
741 835 776 900 in
791 834 905 919 vineis,
923 855 1021 919 quam
1037 835 1071 902 in
1087 835 1188 921 siluis,
1205 835 1299 918 aquis
1317 841 1349 901 et
1359 838 1456 922 pratis,

346 963 404 1008 neo
419 964 483 1010 non
499 944 533 1008 in
550 942 636 1027 alijs,
651 950 718 1009 tam
735 942 808 1025 sibi,
824 961 923 1025 qnam
939 942 1086 1010 omnibus
1101 943 1144 1010 ad
1161 943 1293 1010 eosdem
1309 944 1455 1028 pertinen·

325 1051 445 1138 tibus,
462 1053 503 1118 ab
529 1048 649 1118 eisdem
676 1050 847 1132 quindenis
872 1068 972 1134 usque
998 1050 1042 1116 ud
1069 1051 1202 1118 terciam
1233 1050 1456 1118 renolneionen

345 1159 524 1226 earundem
540 1157 752 1225 oommnniter
778 1156 1004 1244 percipiendas
1029 1156 1242 1226 dimisissent.
1271 1158 1460 1226 Adueniente
1547 1157 1548 1188 ³

345 1285 422 1332 uero
439 1266 513 1348 ipsa
529 1266 633 1332 tereia
649 1265 853 1333 reuolueione
870 1265 948 1332 anni
964 1283 1152 1348 quecunque
1169 1267 1316 1351 ipsarum
1328 1265 1460 1351 peruium

345 1371 524 1457 predictam
542 1371 735 1439 diuisionem
751 1378 933 1458 renouaret,
950 1372 1064 1440 volens
1081 1372 1178 1439 eertis
1195 1372 1291 1438 metis
1307 1377 1374 1438 tam
1398 1394 1460 1458 pre·

345 1480 449 1546 dietas
466 1481 705 1564 possessiones,
721 1500 819 1562 quam
834 1479 994 1545 utilitates
1013 1479 1192 1546 earundem
1207 1480 1250 1545 ab
1266 1477 1406 1545 inuieem
1420 1498 1461 1546 se·

344 1605 478 1671 parare:
495 1605 569 1672 pars
586 1586 692 1653 altera
708 1585 901 1672 consentire,
928 1593 959 1652 et
984 1586 1078 1652 metis
1104 1584 1283 1670 distingere
1308 1591 1462 1653 teneretur

345 1693 571 1776 possessiones
588 1700 620 1760 et
636 1693 793 1760 utilitates
810 1712 922 1758 earum
937 1699 1135 1779 prenotatas.
1163 1693 1312 1759 Ceterum
1337 1712 1374 1760 se
1397 1713 1463 1778 par·
1547 1713 1548 1792 3

345 1813 395 1868 tes
412 1802 454 1868 ad
481 1801 540 1867 boe
565 1801 779 1884 obligassent,
806 1800 894 1882 quod
919 1821 1112 1884 quoeunque
1138 1800 1282 1886 ipsarum
1314 1800 1463 1888 (adio)te
1547 1797 1548 1800 ’

344 1909 449 1976 souma
465 1906 635 1975 diuisionis
652 1908 800 1992 resiliret,
816 1913 894 1973 onte
919 1907 986 1974 litio
1013 1907 1195 1992 ingresqum
1221 1910 1308 1993 perti
1334 1909 1465 1976 aduorso

346 2025 477 2084 eentum
494 2036 633 2100 mareas,
650 2023 745 2102 prout
760 2015 794 2080 in
810 2015 929 2082 litteris
945 2015 1122 2098 Regalibus
1137 2035 1173 2082 se
1189 2015 1231 2082 ad
1258 2015 1319 2081 hoo
1347 2017 1465 2100 oblige-
1547 2031 1548 2042 ¹

344 2132 427 2209 runt,
445 2124 572 2192 soluere
588 2129 761 2190 teneretur.
777 2122 860 2188 Item
876 2143 912 2191 se
929 2129 1038 2208 partes
1063 2121 1212 2188 similiter
1237 2130 1389 2207 presente
1412 2126 1466 2190 Pe·

342 2240 391 2296 tro
406 2229 643 2298 Archidiaeono
660 2229 703 2295 ad
718 2229 778 2295 hoo
794 2229 1004 2313 obligassent,
1020 2230 1107 2312 quod
1123 2247 1313 2313 qneounqne
1325 2230 1463 2316 ipsarum

343 2337 474 2404 racione
490 2335 706 2423 predictarum
723 2335 965 2420 possessionem
991 2355 1049 2421 per
1074 2335 1261 2419 quempiam
1288 2338 1331 2402 ab
1357 2337 1463 2420 aliquo

342 2445 570 2529 impeteretur3
586 2463 621 2510 se
637 2443 781 2510 vioiseim
798 2451 911 2511 eontra
927 2443 1087 2526 quoslibet
1112 2441 1287 2509 defendere
1314 2452 1348 2510 et
1373 2465 1464 2529 expe-

342 2551 411 2616 dire
426 2560 611 2618 tenerentur
627 2549 751 2636 pariter
766 2550 802 2616 in
819 2551 982 2619 laboribus
998 2555 1031 2617 et
1046 2549 1208 2634 expensis.
1227 2551 1348 2618 Datum
1375 2555 1409 2619 in
1423 2552 1463 2618 vi·

342 2657 464 2726 oesima
479 2657 623 2726 secunda
638 2658 690 2724 die
706 2659 803 2726 Beati
819 2658 950 2744 Georgij
969 2658 1111 2726 martiris
1127 2679 1214 2726 anno
1239 2659 1374 2727 Domini
1399 2659 1463 2725 mil·

344 2767 458 2834 losimo
474 2765 696 2835 ducentesimo
712 2768 922 2851 nonagesimo
939 2787 1036 2836 nono.

343 2961 392 3025 (Aa
417 2965 475 3026 egri
500 2961 689 3030 kdptalennalr
713 2966 826 3016 leto-ki
852 2961 1018 3026 dtiratabdl;
1046 2965 1118 3029 mely
1142 2965 1289 3030 Zsigmond
1318 2963 1460 3031 kirtlynals

340 3053 435 3120 „Bnde
449 3055 517 3106 feria
530 3055 650 3105 seeundo
662 3059 784 3120 proxima
797 3061 858 3121 post
871 3054 969 3106 festum
982 3055 1069 3105 Pasce
1084 3051 1212 3106 Domini“
1229 3057 1307 3106 1401.
1324 3053 1458 3122 ,Magnifi-

341 3159 390 3193 eus
403 3139 445 3192 vir
474 3144 604 3210 Magiter
616 3144 712 3196 Petrus
726 3143 797 3194 filius
810 3144 934 3208 Symonie
958 3145 991 3195 de
1013 3145 1102 3195 Peren
1125 3146 1219 3196 Bonus
1241 3151 1332 3197 noster
1354 3145 1460 3196 blacho-

340 3234 453 3294 niensis,
469 3239 495 3284 et
518 3233 611 3284 Comes
634 3234 785 3285 Siculorum
810 3237 977 3286 nostrorum⁸
1002 3232 1127 3285 kdrdsdre
1149 3234 1256 3287 lsiadott
1277 3230 1460 3300 paranesdnak

327 3317 455 3387 ¹iolytuin,
467 3339 499 3375 aa
513 3327 568 3388 egri
583 3321 714 3391 lutiptalan
726 3325 794 3378 illel
810 3327 886 3375 1401.
902 3326 947 3396 „in
961 3326 1104 3392 quindenis
1115 3319 1217 3374 Parcet
1229 3322 1310 3376 iemdt
1322 3321 1439 3374 iuratori
1457 3340 1464 3380 ;

600 3429 617 3464 a
629 3414 701 3466 mdlt.
715 3417 739 3466 b.
753 3413 871 3479 Perdnyi
885 3411 977 3471 csalad
1000 3411 1207 3479 levdltdrdbau.)
