3098 5172
532 321 735 422 ...aa

79 525 199 600 syrum
214 512 428 598 existentem,
460 513 653 582 contulisset
669 522 702 582 et
717 535 828 584 coram
844 514 937 580 nobis
965 515 1101 582 contulit
1126 535 1220 584 ueno-

82 619 183 689 rabili
198 620 286 706 patri
303 619 434 688 domino
451 627 562 688 nostro
577 621 618 688 Α.
635 621 697 689 Dei
714 623 826 706 gracia
842 623 1015 708 Episcopo,
1034 631 1066 688 et
1079 642 1135 706 per
1146 641 1219 690 eum

83 727 312 815 Epysoopatni
327 729 478 812 Agriensi
492 735 649 814 perpetuo
661 735 692 796 et
703 729 961 798 irreuocabiliter
977 727 1218 815 possidendam,

80 834 274 904 habendam
291 844 324 902 et
343 837 518 904 tenendam
534 837 568 904 in
584 837 647 922 hys
662 837 776 904 metis:
794 837 914 923 Incipit
923 837 1009 904 onim
1019 837 1125 922 prima
1136 843 1222 902 meta

83 940 172 1008 dicte
187 949 273 1008 terre
289 943 391 1010 Batur
408 943 495 1010 circa
510 941 677 1028 lapideam
694 943 909 1010 metam'ville
926 944 1081 1027 Bagoba;
1100 951 1133 1010 et
1148 943 1222 1009 des·

79 1049 259 1118 cendendo
269 1071 383 1118 uersus
393 1049 595 1118 occidentem
607 1053 755 1137 peruenit
765 1050 887 1118 uallem
897 1059 929 1117 ct
937 1051 1077 1118 riuulum
1085 1049 1221 1118 Batbur·

86 1156 216 1242 pataka
231 1163 400 1242 uocatum;
418 1159 501 1224 etin
517 1157 631 1225 eadem
655 1161 734 1224 mlle
751 1165 783 1224 et
799 1158 913 1224 eadem
939 1163 1034 1243 parte
1058 1175 1144 1241 aque
1169 1176 1221 1223 as-

86 1261 257 1332 cendendo
273 1265 362 1332 circa
379 1264 517 1332 cundem
533 1267 674 1332 riuulum
691 1267 841 1352 peruenit
857 1265 969 1332 villam
996 1267 1107 1350 Batur,
1133 1271 1222 1330 terra

84 1373 227 1438 liliorum
243 1371 351 1440 Obecb
368 1380 400 1440 ct
415 1373 497 1460 Ysip
513 1374 601 1442 ultra
616 1373 750 1440 fluuium
766 1381 965 1460 remanente,
982 1373 1037 1440 vbi
1054 1391 1154 1457 supra
1164 1370 1222 1435 do·

85 1500 173 1546 mum
192 1478 332 1546 tiliorum
348 1481 502 1564 Symonis
519 1481 579 1548 sub
598 1481 715 1550 arbore
731 1482 804 1568 pyri
814 1480 1030 1548 introducitur
1039 1479 1133 1546 terris
1143 1478 1224 1544 Far·

85 1585 170 1671 casij
188 1585 340 1652 similiter
355 1587 456 1653 Batur
472 1586 587 1672 dictis;
606 1596 637 1654 et
663 1608 778 1655 uersus
803 1587 1006 1654 occidentem
1031 1585 1121 1652 circa
1146 1604 1223 1652 ean-

88 1693 164 1760 dem
180 1696 317 1761 neniens
334 1694 540 1779 coniungitur
555 1695 685 1762 cuidam
701 1696 811 1783 berch,
839 1695 894 1762 vbi
920 1696 981 1762 sub
1006 1693 1147 1777 quadam
1174 1711 1222 1757 ar·

89 1803 173 1869 bore
189 1803 287 1886 ylicis
304 1811 354 1871 est
370 1823 438 1870 una
463 1812 550 1884 meta
575 1807 709 1888 antiqua
738 1806 915 1888 innonata;
941 1811 974 1869 et
998 1798 1223 1868 asscendendo

87 1927 146 1992 per
164 1909 305 1978 eundem
321 1910 419 1978 berch
435 1911 542 1996 iungit
557 1911 649 1979 iuxta
666 1913 805 1979 eandem
823 1919 943 1976 terram
959 1907 1106 1991 Faroasij
1134 1925 1221 1972 mon·

89 2019 155 2080 tem
169 2016 406 2102 Dolnaberchy
416 2025 577 2102 uocatum,
595 2019 652 2086 ubi
668 2024 745 2086 sunt
755 2026 820 2086 tres
836 2023 934 2103 mete,
944 2036 1010 2082 nna
1020 2023 1103 2080 terrc
1114 2021 1223 2081 nostre

89 2119 231 2208 Anares,
248 2125 316 2190 alia
332 2125 497 2213 Farkasij,
513 2119 614 2194 tercia
632 2127 888 2210 comitumue,
908 2129 941 2192 et
950 2122 1144 2191 circueundo
1171 2140 1222 2188 oa-

91 2236 148 2311 put
158 2231 260 2298 uallis
274 2232 482 2316 Medijuozou
498 2243 625 2322 uocate,
653 2235 746 2300 iuxta
770 2232 906 2302 eandem
931 2239 1053 2298 terram
1077 2233 1223 2296 nostram

90 2336 226 2404 Anaras
242 2338 285 2404 ad
301 2340 487 2423 aquilonem
515 2341 754 2424 descendendo,
779 2340 871 2406 iuxta
896 2337 1061 2424 publicam
1086 2341 1223 2402 stratam

90 2443 242 2528 peruenit
258 2444 302 2512 ad
317 2447 466 2514 arborem
483 2447 593 2516 salicis
612 2451 779 2531 antiquam
795 2446 991 2530 megbet'yuz
1009 2443 1142 2528 dictam,
1164 2443 1222 2507 sub

89 2571 156 2634 qna
172 2558 264 2620 meta
280 2561 330 2622 est
343 2557 492 2640 antiqua,
509 2557 564 2624 ubi
580 2558 786 2640 contignatur
804 2563 889 2622 terre
905 2553 1037 2638 Buchey
1054 2575 1062 2636 3
1084 2557 1116 2616 et
1132 2549 1225 2616 iuxta

91 2661 233 2728 eandem
249 2681 306 2745 per
322 2663 495 2730 continuas
511 2673 615 2732 metas
631 2663 783 2747 antiquas
800 2681 915 2729 uersus
941 2661 1129 2744 aquilonem
1154 2677 1224 2742 pro·

92 2767 244 2836 cedendo
259 2771 410 2854 peruenit
425 2773 468 2838 ad
495 2772 658 2856 quoddam
682 2771 791 2858 berch,
816 2769 871 2837 nbi
897 2769 1102 2851 coniungitur
1129 2763 1224 2831 metis

92 2879 178 2944 terre
209 2876 294 2944 Both
327 2888 359 2946 et
393 2879 532 2946 filiorum
556 2880 729 2965 Dyonisij3
761 2885 793 2944 et
822 2878 1056 2944 iuxtaterram
1086 2875 1225 2942 filiorum

88 2981 247 3070 Dyonisij
273 2984 503 3054 descendendo
529 3007 641 3053 uersus
672 2987 776 3053 Batur
798 2983 909 3051 multis
925 2982 1144 3049 mediantibus
1160 2997 1223 3044 me

31 3177 36 3188 Ι
91 3089 134 3157 tis
151 3092 306 3176 peruenit
332 3091 499 3176 quandam
524 3095 612 3161 uiam
646 3094 817 3160 Anarozou
848 3090 986 3172 dictam,
1017 3089 1072 3154 vbi
1096 3109 1118 3154 a
1132 3093 1227 3171 parte

89 3198 250 3266 orientali
281 3220 384 3286 supra
411 3201 573 3285 quoddam
599 3203 698 3280 berch
723 3209 799 3268 sunt
824 3209 889 3264 tres
917 3204 1021 3281 mete,
1054 3203 1086 3261 et
1102 3192 1224 3276 contig-

90 3312 193 3374 natur
209 3313 278 3374 tcre
295 3308 342 3375 st.
369 3310 428 3395 filij
448 3309 597 3394 Gregorlj
617 3311 658 3376 de
680 3309 779 3392 Beel;
812 3313 845 3372 et
869 3303 989 3371 abhinc
1019 3299 1226 3389 procedendo
1349 3327 1357 3336 ·

91 3413 192 3482 iuxta
232 3415 370 3484 eandem
403 3425 526 3485 terram
565 3418 706 3484 filiorum
742 3413 904 3500 Gregorij'
934 3429 1049 3478 uersus
1088 3414 1229 3478 castrum

89 3519 244 3590 eiusdem
260 3523 383 3591 domini
400 3527 505 3593 nostri
529 3524 641 3592 multis
667 3523 762 3591 metis
778 3517 998 3590 mediantibus
1026 3515 1131 3599 iungit
1162 3521 1230 3583 tres

91 3636 206 3696 metas
222 3633 412 3717 angulares,
439 3651 576 3717 quarum
602 3652 668 3700 una
684 3630 730 3698 St.
748 3628 898 3715 predicti,
914 3627 983 3692 alia
1008 3623 1134 3708 castri,
1166 3629 1230 3688 ter·

87 3737 146 3803 cia
161 3739 278 3804 Batwr
301 3739 498 3828 supradicti,
530 3750 563 3808 et
578 3739 698 3808 abinde
728 3757 843 3806 uersus
873 3737 1008 3822 plagam
1035 3729 1228 3798 meridiona-

88 3845 158 3912 lem
176 3843 300 3914 directo
314 3849 408 3915 iuxta
422 3857 527 3916 terras
545 3849 690 3916 eiusdem
707 3845 813 3912 Castri
830 3843 953 3910 domini
963 3842 1068 3908 nostri
1081 3859 1139 3922 per
1155 3857 1229 3904 con·

89 3955 210 4021 tineas
225 3962 331 4022 metas
346 3959 520 4024 reuertitur
535 3956 579 4023 ad
594 3955 757 4022 inicialcm
774 3959 894 4019 metam
911 3957 996 4018 terre
1021 3945 1155 4030 Bagcha
1180 3964 1231 4012 su·

90 4059 294 4148 pradictem.
320 4063 361 4129 In
391 4063 483 4130 cuius
509 4071 595 4130 terre
621 4061 845 4129 concambium
871 4063 1003 4144 propter
1032 4053 1230 4119 vicinitatem

90 4169 183 4236 idem
205 4171 400 4240 venerabilis
415 4177 511 4257 pater
527 4171 677 4238 dominus
692 4176 803 4236 noster
818 4168 1000 4252 Episcopus
1016 4161 1135 4230 Comiti
1144 4161 1230 4228 Pons

89 4281 125 4346 et
139 4275 226 4362 filijs
243 4277 314 4346 suis
329 4285 448 4346 terram
462 4279 611 4345 Ecclesie
628 4276 757 4344 Batban
773 4280 921 4342 uocatam
936 4273 971 4338 in
987 4269 1101 4338 eodem
1126 4265 1231 4334 Comi·
1296 4279 1299 4284 ·

89 4391 167 4452 tatu
183 4385 381 4453 existentem
398 4387 457 4453 snb
474 4385 598 4453 eisdem
614 4385 711 4451 metis
736 4391 767 4450 et
782 4381 939 4469 terminis,
955 4377 1071 4464 quibus
1086 4372 1234 4441 Ecclesia

91 4515 114 4560 a
129 4500 293 4578 tempore,
314 4495 406 4562 ouius
421 4515 489 4562 non
506 4499 597 4562 extat
612 4490 776 4575 memoria,
794 4489 935 4559 obtinuit
952 4494 985 4556 et
993 4482 1147 4573 possedit,
1158 4499 1232 4546 con·

87 4606 167 4672 tulit
182 4601 336 4672 similiter
351 4609 510 4691 perpetuo
526 4599 771 4688 possidendam,
786 4597 885 4667 simul
900 4617 973 4664 cum
991 4592 1132 4679 quadam
1156 4607 1230 4676 par-
