3132 5162
282 1131 429 1196 Focaeus
444 1127 599 1212 kirdlyud
612 1128 791 1213 meyerdsiti
806 1099 954 1192 Errsdbct
969 1125 1181 1212 lirdlyndnalc
1191 1127 1312 1197 Icauolr
1323 1133 1409 1218 hely-

278 1236 363 1318 stqet
380 1237 537 1320 tdsrqyaad
552 1235 745 1318 adorsdcydt
766 1233 914 1298 Ticadar
929 1235 1197 1319 esdlceefebdrudrc‘
1218 1239 1350 1324 preparet
1376 1240 1411 1302 ds

632 1339 766 1406 rolcouui
775 1343 937 1406 carimdes.
956 1340 1054 1406 1291.

385 1533 423 1599 F.
439 1535 500 1601 Dei
516 1535 629 1616 gracia
644 1532 772 1618 Regina
782 1533 949 1618 Hungarie
965 1537 1113 1606 omnibus
1125 1534 1244 1604 Christi
1255 1536 1405 1605 fidelibus

278 1647 460 1726 presentem
476 1641 631 1726 paginam
647 1641 840 1732 inspecturis
856 1643 993 1710 salutern
1009 1645 1043 1710 in
1068 1645 1208 1710 omnium
1233 1644 1410 1711 saluatoro.

279 1749 382 1816 Decet
399 1747 679 1817 mansuetudinem
695 1749 889 1833 Reginalom
900 1750 1173 1818 consideracionis
1185 1751 1287 1818 oculis
1298 1752 1408 1834 siugu-

283 1857 388 1922 lorum
415 1856 530 1923 merita
553 1856 731 1941 permetiri,
763 1875 881 1940 cosque
909 1853 1017 1940 dignis
1048 1858 1199 1924 attollere
1231 1857 1408 1940 donatiuis‚
1546 1873 1553 1880 '

283 1985 363 2048 quos
379 1965 470 2034 iuxta
486 1964 654 2048 diguitatis
670 1985 729 2032 sue
745 1965 882 2049 gradum
898 1971 1026 2034 constat
1041 1965 1237 2032 utilitatibus
1264 1964 1404 2050 publicis

278 2071 461 2140 insudasse.
479 2073 622 2138 Proinde
637 2071 680 2140 ad
696 2072 920 2140 uniuersorum
937 2073 1093 2140 noticiam
1110 2072 1227 2142 harum
1244 2072 1328 2139 serie
1354 2092 1408 2140 uo·

278 2177 385 2246 lumus
411 2179 591 2266 peruenire,
617 2179 703 2262 quod
737 2180 930 2248 venerabilis
956 2181 1007 2246 vir
1031 2179 1188 2263 Magister
1219 2175 1407 2246 Theodorus

278 2284 466 2372 Propositus
489 2285 646 2353 Albensis
677 2285 835 2370 Ecclesia,
854 2287 930 2355 aule
955 2287 1076 2356 domini
1101 2286 1210 2373 Regis,
1241 2283 1408 2352 karissimi

279 2392 437 2460 consortis
454 2393 565 2477 nostri,
593 2391 910 2460 vice-cancellarius
927 2400 1073 2460 anostra
1097 2393 1196 2479 peoijt
1221 2393 1407 2474 Maiestate,

277 2509 312 2568 vt
328 2498 539 2568 collationem
557 2497 678 2568 dudum
694 2500 757 2566 sibi
776 2506 808 2567 et
825 2501 941 2568 Conciti
956 2501 1114 2568 Ladizlao
1130 2522 1169 2568 ac
1185 2501 1322 2568 Nicolao
1339 2499 1410 2565 ira·-

275 2609 379 2676 tribus
395 2605 462 2676 suis
478 2606 598 2674 factam
614 2628 670 2691 per
684 2607 848 2676 dominam
865 2610 901 2676 ll.
917 2609 1079 2692 quondam
1116 2610 1281 2676 illustrem
1311 2605 1409 2689 Regi-

276 2736 353 2784 nam
367 2715 533 2800 Huugarie
550 2735 648 2800 super
672 2715 814 2800 quadam
833 2723 928 2794 terra
949 2717 1103 2800 Rogiuali
1129 2715 1263 2784 Iwancb
1289 2718 1408 2782 uocata

277 2823 370 2892 iuxta
384 2822 567 2891 Danubium
587 2821 671 2910 (lgy)
688 2823 851 2911 existenti,
870 2844 943 2892 oum
958 2823 1109 2890 omuibus
1125 2825 1194 2892 suis
1209 2822 1409 2890 utilitatibus

276 2938 309 3000 et
323 2929 545 3018 pertinencijs,
556 2937 650 3016 prout
661 2929 703 2996 cd
719 2931 912 3015 Reginalom
922 2931 1063 3017 pertinet
1073 2929 1285 3014 Maiestatem,
1296 2937 1404 2996 ratam

276 3036 405 3122 babere,
421 3045 593 3122 nostroque
609 3037 819 3122 dignaremur
833 3037 1005 3124 priuilegio
1021 3037 1218 3125 confirmare,
1244 3038 1334 3122 ipsas
1350 3035 1408 3103 do-

276 3144 423 3213 nacionis
439 3145 565 3214 litteras
582 3153 691 3214 nostre
708 3145 917 3213 Celsitudinis
942 3147 1092 3212 manibus
1117 3144 1291 3212 offerendo.
1318 3141 1410 3220 Qua·

275 3272 345 3319 rum
362 3252 491 3335 quidem
507 3253 687 3320 litterarum
702 3259 795 3320 tenor
811 3253 888 3320 talis
905 3261 973 3319 eat:

384 3359 453 3426 Nos
468 3359 506 3424 Ε.
532 3361 595 3427 Dei
620 3360 733 3444 gracia
756 3359 882 3444 Regina
907 3360 1076 3445 Hungarie
1102 3361 1162 3426 stb.
1190 3355 1410 3444 (ktivetkezik

277 3464 436 3532 Ernstbet
460 3465 682 3550 birdlyndnak
708 3465 985 3553 adomtnylevele,
1013 3468 1094 3534 mint
1118 3465 1406 3552 gyttjtemdnydnk

279 3572 338 3638 IX.
356 3573 472 3658 vagyis
488 3593 509 3639 a
524 3573 674 3642 mtsodik
692 3573 814 3661 lolyam
831 3573 885 3642 IV.
902 3575 1075 3643 kotettben
1091 3581 1167 3644 571.
1183 3572 1219 3660 l.)

384 3679 452 3748 Nos
477 3681 588 3765 itaque
619 3681 744 3749 intorno
771 3683 1047 3751 considerationis
1074 3682 1177 3751 oculis
1201 3686 1413 3748 recensentes

277 3783 422 3854 eiusdem
438 3789 633 3856 venerabilis
649 3790 711 3856 utri
728 3791 877 3875 Magistri
894 3790 1059 3859 Theodori
1074 3790 1234 3875 Propositi
1250 3787 1414 3854 Albensis

276 3911 457 3978 sumpmam
474 3896 713 3980 prerogatiuam
730 3905 763 3964 et
793 3897 1039 3982 preroganoiam
1066 3895 1259 3982 meritorum,
1286 3893 1417 3978 quibus

274 3997 369 4066 nobis
385 4005 452 4066 tota
471 4001 570 4068 inicia
587 4001 772 4069 celebrandi
790 4002 987 4089 matrimonij
1006 4002 1127 4070 Diuina
1152 3999 1415 4085 dispensacione

277 4104 394 4171 celitus
412 4107 563 4193 ordinati,
580 4127 652 4176 cum
667 4109 758 4175 iuxta
784 4107 967 4177 Salomonis
992 4108 1192 4196 sapienciam
1217 4107 1417 4192 coniugium

275 4232 296 4278 a
311 4211 448 4280 Domino
463 4221 619 4302 perpetuo
636 4216 739 4283 astitit
756 4223 789 4281 et
803 4217 897 4283 affuit
913 4217 981 4286 suis
1006 4217 1171 4302 obsequijs
1197 4214 1414 4302 reuerendys

275 4337 333 4404 per
349 4318 450 4386 multa
466 4327 621 4390 terrarum
638 4324 754 4409 spacia
770 4323 857 4390 intra
871 4331 985 4392 nostra
1001 4325 1161 4392 incolatus
1171 4323 1315 4390 dominia
1325 4343 1411 4392 uer·

274 4445 331 4491 sus
345 4425 514 4494 Poloniam
531 4429 744 4517 peragrando,
760 4432 827 4500 suis
843 4432 1019 4517 laboribus,
1037 4441 1070 4500 et
1085 4452 1215 4500 suornm
1234 4449 1273 4496 ao
1289 4430 1420 4517 inpen-

275 4529 340 4622 dijs
356 4534 495 4619 proprijs
512 4555 577 4603 nou
592 4539 764 4625 parcendo,
790 4545 981 4624 gratumque
996 4541 1227 4628 nobissempcr
1242 4560 1323 4626 erga
1347 4561 1424 4611 au·
