3120 5172
651 914 730 1034 roe.

118 1167 149 1234 A
165 1171 240 1254 sepi
253 1171 388 1234 koaoent
413 1169 516 1252 dticja
533 1167 594 1231 IV.
618 1166 702 1231 Belo
733 1165 911 1252 kirdlyuak
935 1167 1003 1252 Sep
1024 1169 1255 1260 seldaelcsellt

359 1275 515 1361 terpyaao
536 1271 890 1359 1256-kiaeomeapoe
916 1275 1014 1340 1297.

228 1471 297 1538 Nos
313 1469 490 1538 Ladiulaus
508 1467 701 1555 Propositus
725 1476 759 1535 ct
784 1465 970 1538 Oouncutns
995 1469 1130 1542 fratrum
1158 1476 1255 1544 Ordi-

101 1583 172 1648 'uis
188 1577 517 1666 Premcnstratensis,
543 1576 583 1644 de
599 1575 688 1662 Saag
703 1576 862 1644 uniuersis
877 1575 997 1646 christi
1012 1578 1164 1650 fidelibus
1180 1589 1249 1652 tam

119 1685 328 1774 presentibus
343 1703 441 1770 quam
457 1683 574 1752 futuris
590 1690 762 1770 presentes
778 1684 1043 1754 litteraaucstras
1054 1686 1251 1776 inspecturis

122 1795 265 1862 alutem
279 1793 315 1860 in
330 1790 473 1861 omniurn
488 1791 665 1862 saluatore.
676 1789 727 1856 Ad
737 1792 961 1860 ruinersorum
971 1793 1125 1862 noticiam
1134 1802 1251 1868 tenore

119 1901 324 1985 presencium
340 1901 488 1968 volumus
503 1900 694 1986 peruenire;
711 1899 797 1986 quod
824 1899 944 1968 nobilis
970 1899 1104 1970 domina
1134 1907 1254 1974 relicta

118 2009 228 2076 Bensa
243 2008 302 2094 filij
319 2010 418 2094 Petri,
435 2027 522 2078 nuuc
538 2026 671 2075 consors
688 2005 826 2074 (lonritic
840 2007 937 2080 Pauli
963 2008 1089 2096 Gauri,
1117 2013 1252 2083 nomine

119 2116 221 2182 Clara
236 2137 302 2184 rua
320 2135 393 2182 cum
408 2115 571 2184 infantulo
587 2133 646 2183 suo
661 2116 792 2182 nomine
801 2115 909 2200 Petro,
925 2115 1009 2184 Sebe
1024 2117 1091 2186 filio
1109 2119 1250 2188 Fabiani

119 2230 150 2290 ct
165 2223 296 2310 Mykrss
310 2223 378 2290 filio
403 2225 513 2308 llyxe,
533 2223 685 2308 cognatis
710 2224 789 2308 suis,
815 2223 860 2290 ad
884 2229 1029 2292 nostram
1057 2226 1254 2296 accedentes

118 2330 320 2414 presenciam
337 2329 555 2397 exhibuerunt
570 2329 664 2396 nobis
680 2329 890 2415 priuilegium
907 2331 988 2398 Bele
1003 2333 1116 2422 Regis,
1141 2334 1253 2405 felicis

117 2434 372 2522 recordacionis,
387 2443 536 2524 potentes
553 2456 626 2504 cum
642 2436 754 2504 debita
770 2439 945 2522 instancia,
960 2445 996 2506 vt
1011 2445 1154 2506 tenorem
1167 2442 1246 2510 eins·

117 2541 191 2612 <lem
208 2542 254 2610 ad
271 2545 439 2632 exemplar
454 2542 495 2612 de
520 2544 618 2612 uerbo
650 2545 695 2610 ad
725 2546 859 2612 uerbum
891 2545 1028 2613 rescribi
1057 2546 1251 2619 laceremus.

122 2652 192 2720 Noe
228 2653 340 2738 itaque
365 2653 459 2722 iustis
494 2659 525 2718 et
570 2651 725 2737 legitimis
768 2652 984 2736 peticionibus
1019 2655 1147 2740 prefate
1195 2659 1252 2727 do·

114 2761 206 2828 mine
222 2767 256 2826 et
271 2769 483 2844 cognatorum
498 2779 628 2828 suorum
644 2759 859 2844 predictorum
875 2761 1035 2845 inclinati,
1052 2767 1084 2828 et
1100 2767 1178 2850 quia
1203 2767 1252 2851 ip·

113 2889 190 2938 sum
205 2868 416 2956 priuilegium
431 2867 573 2936 vidimus
588 2873 621 2934 et
635 2866 820 2952 recepimus
836 2889 901 2934 non
918 2871 1072 2936 abrasum
1091 2893 1155 2940 uon
1171 2876 1250 2941 abo·

114 2977 226 3062 litum,
243 2996 308 3042 non
323 2975 552 3060 cancellatum,
569 2993 676 3059 neque
691 2975 726 3040 in
751 2975 863 3060 aliqua
894 2976 944 3042 sui
969 2984 1062 3060 parte
1086 2978 1254 3069 uiciatum,

112 3093 267 3152 tenorem
283 3081 427 3150 ciusdem
443 3082 590 3150 sanctim
606 3081 646 3149 de
664 3087 763 3166 uerbo
780 3083 824 3149 ad
841 3083 975 3150 uerbum
1001 3083 1102 3152 inseri
1132 3087 1252 3156 facien·

108 3200 168 3260 tes
184 3189 283 3279 (igy).
300 3189 399 3256 onius
414 3189 546 3272 quidem
562 3198 654 3258 tenor
669 3191 746 3258 talis
758 3201 826 3258 est:

227 3297 310 3364 Bele
324 3297 363 3362 D.
380 3317 430 3380 gr.
446 3295 555 3380 Hung.
572 3299 633 3364 stb.
661 3299 732 3364 Ber
757 3297 819 3364 stb.
842 3296 1064 3384 (Koretkenile
1088 3301 1143 3366 IV.
1170 3301 1256 3371 Bela

105 3405 300 3490 kiralynak
318 3403 456 3473 wne-ki
472 3403 640 3491 okmtuya
656 3406 737 3471 mint
752 3405 1037 3490 gylthemeuyilnk
1049 3407 1121 3472 VII.
1135 3411 1255 3494 vagyis

103 3537 130 3584 a
150 3511 307 3581 maeodilr
323 3512 447 3600 iolyam
462 3511 503 3579 II.
520 3513 695 3582 kliteteben
709 3517 787 3582 418.
804 3509 844 3600 l.)

228 3621 382 3688 Preterea
398 3627 498 3688 totam
516 3621 754 3688 continenciam
770 3622 893 3688 tenoris
918 3627 949 3688 et
973 3621 1110 3688 sormam
1136 3645 1255 3691 memo·

103 3731 184 3800 rati
202 3729 366 3814 priuilegij
384 3729 416 3794 in
434 3728 496 3796 hoc
512 3731 704 3816 rescriptum
721 3738 753 3796 et
778 3731 948 3814 exemplar
973 3731 1080 3798 notari
1105 3729 1251 3816 fecimus,

98 3839 206 3908 sicut
220 3837 368 3922 superius
384 3855 573 3922 expressum
590 3845 649 3924 est,
666 3845 697 3903 et
712 3837 835 3904 eisdem
852 3845 1018 3922 presentes
1035 3841 1254 3910 concessimus

95 3944 222 4029 sigilli
237 3944 339 4011 nostri
355 3943 535 4010 munimine
552 3945 793 4029 consignantes.
821 3945 943 4011 Datum
968 3945 1002 4008 in
1029 3947 1112 4013 festo
1140 3951 1252 4018 Sancti

91 4051 219 4136 Regis
234 4050 393 4136 Stephani
420 4071 506 4120 anuo
530 4051 663 4120 Domini
688 4051 879 4120 millessimo
908 4051 1128 4118 ducentesimo
1153 4075 1254 4126 nona-⁴

90 4160 243 4248 gesimo
259 4158 406 4243 septimo.

86 4355 196 4431 (Θτόἰ
209 4353 308 4419 Ujlaki
322 4357 441 4408 Lllrincs
465 4354 680 4423 orssrigbironak
708 4359 820 4410 leco-ki
846 4354 993 4411 ltiratlbol
1018 4359 1114 4409 Kucuz
1142 4355 1255 4410 Nludor

455 4447 572 4513 Magyar
585 4449 651 4504 Sion
665 4449 715 4502 111.
738 4451 795 4506 kot,
810 4449 871 4502 ote.
885 4448 916 4516 l.)

152 4759 238 4802 non.
255 4759 337 4797 uuus.
354 4761 426 4797 urar.
443 4771 486 4780 -
504 4763 576 4798 roura.
596 4757 632 4799 ts.
