3120 5172
597 231 763 348 eae-

111 432 169 504 stri
189 458 276 504 anno
302 437 432 504 Domini
458 437 631 503 millesimo
663 437 883 504 ducentesimo
912 441 1121 523 nonagesimo
1148 459 1243 527 nono,

112 549 237 616 decimo
255 553 423 614 ctoctauo
454 546 616 613 kalendas
648 546 745 634 baij,
777 547 882 630 Regni
915 553 1022 614 autern
1054 548 1156 614 nostri
1186 569 1243 613 an-

112 675 155 721 no
172 674 269 720 ncnc.

110 796 250 864 (Eredetio
270 793 446 862 bb'rbdrtydu,
473 795 588 861 melyrdl
606 793 761 864 uirgo-adld
782 793 1012 862 xeelpenrasimlrou
1024 813 1041 848 a
1064 797 1159 866 pecstt
1173 804 1242 852 titre·

332 883 402 937 ddlre
415 887 483 952 siigg
495 905 502 948 ς
515 900 532 935 a
546 885 629 936 budal
649 887 699 938 lrir.
714 885 837 938 kamarai
857 883 1051 955 leveittrbon.)

575 1171 788 1184 -n--nn-—n-n-

654 1656 720 1724 215

124 1853 219 1919 VIII.
239 1853 402 1939 Bonffdca
413 1859 507 1941 μόρα
524 1853 664 1920 Jocabor
680 1853 904 1940 ferenczrendi
926 1867 1084 1922 saeratae
1108 1859 1248 1924 lineeeac'

474 1961 595 2044 jodici
611 1961 764 2025 e'reelcaelr.
782 1961 880 2026 1299.

226 2153 416 2221 Bonilacius
441 2154 616 2241 Episcopss
648 2175 762 2222 servus
787 2174 951 2221 servorum
978 2158 1039 2223 Dei
1065 2159 1274 2226 venerabili*

114 2263 209 2328 tratri
226 2261 350 2329 Jacobc
368 2262 624 2348 Arcbiepisocpo
640 2263 800 2350 Jadreusi,
817 2265 1002 2331 salutemet
1018 2267 1246 2350 Apostolicam

116 2368 403 2459 benedictionem:
418 2370 597 2436 Pastoralis
613 2369 711 2436 oflicii
728 2391 807 2436 cura
823 2378 883 2436 etc.
900 2373 987 2438 Sane
1013 2371 1167 2440 Jadrensi
1190 2375 1250 2440 ltc-

115 2483 222 2548 clesia
237 2501 294 2567 per
311 2481 432 2546 obitum
449 2481 532 2546 bone
549 2479 702 2545 memorie
728 2479 861 2545 Henrici
887 2480 1058 2548 ledrensis
1083 2481 1248 2569 Archiepi-

114 2589 222 2676 scopi,
238 2591 294 2673 qui
309 2609 410 2672 nuper
426 2586 515 2672 apud
530 2587 648 2654 Scdem
663 2585 884 2672 Apostolicam
910 2588 996 2654 diem
1016 2589 1135 2657 clausit
1146 2597 1250 2656 extre-

115 2718 220 2784 mum,
237 2694 378 2781 pastoris
392 2694 508 2760 solatio
526 2693 692 2782 destituta,
708 2695 777 2759 Nos
788 2693 832 2760 ad
843 2693 989 2762 eiusdem
1002 2695 1147 2763 Ecclesie
1161 2700 1249 2782 quie-

115 2813 190 2872 tum
204 2812 325 2872 statum
342 2809 375 2869 et
391 2820 583 2888 prosperum
602 2809 736 2886 paterne
761 2802 987 2877 sollicitudinis
1012 2803 1121 2870 studio
1148 2805 1250 2874 inten-

114 2914 246 2998 dentes,
266 2911 501 2978 ordinationem
518 2918 551 2976 et
566 2909 811 2996 dispositionem
828 2911 931 2994 ipsius
942 2910 1090 2981 Ecclesie
1101 2912 1164 2979 bac
1177 2914 1249 2980 vice

114 3019 301 3108 provisioni
318 3019 413 3086 Sedis
428 3019 614 3104 Apostolice
631 3020 782 3086 duximus
798 3019 1051 3106 reservandam
1077 3021 1250 3090 decernen-

112 3139 171 3198 tes
188 3135 307 3196 extunc
322 3129 446 3196 irritum
464 3134 495 3196 ct
512 3128 621 3215 inane,
638 3127 666 3194 si
677 3147 770 3194 secus
787 3147 884 3213 super
899 3127 961 3194 hcc
977 3127 1118 3194 scienter
1134 3137 1190 3196 aut
1200 3129 1249 3213 ig-

111 3245 277 3306 noranter
291 3257 350 3323 per
366 3255 589 3321 quemcunque
607 3243 637 3302 et
655 3255 862 3320 quoscunque
885 3236 1087 3318 contingeret
1113 3244 1251 3324 attemp-

112 3347 195 3414 tari.
213 3343 367 3410 Voleutes
382 3343 492 3428 igitur,
509 3351 604 3430 prout
620 3344 662 3409 ad
687 3351 831 3411 nostrum
858 3349 986 3430 spectat
1011 3343 1164 3430 officium,
1191 3348 1247 3411 ob·

111 3455 213 3522 viare
230 3451 420 3540 dispendiis,
436 3473 498 3537 quc
514 3457 650 3540 possent
666 3473 705 3520 cx
731 3452 856 3536 prolixe
881 3451 1063 3519 vacationis
1088 3451 1249 3518 instantia

112 3559 227 3630 eidem
243 3561 396 3627 Jadrensi
412 3560 560 3627 Ecclesic
576 3560 763 3644 imminere;
786 3560 1028 3627 considerantes
1055 3561 1157 3626 etiam
1182 3581 1253 3646 prc-

110 3667 233 3737 bitatis
252 3668 366 3735 merita
382 3667 521 3752 grandia
538 3675 569 3735 et
596 3669 749 3734 virtutum
781 3667 873 3735 dotes
899 3667 1106 3754 multiplices,
1132 3668 1249 3751 quibus

110 3779 210 3844 donc
227 3775 367 3862 Superbi
385 3777 532 3843 Numinis
549 3776 699 3844 nosceris
711 3775 906 3861 insignitus,
923 3783 954 3842 et
971 3782 1145 3862 propterca
1161 3794 1252 3859 spem

109 3891 275 3971 gerentes
291 3883 468 3969 indubiam,
486 3885 679 3967 firmamque
694 3883 845 3951 fiduciam
863 3885 1061 3970 obtinentes,
1086 3885 1170 3969 quod
1196 3903 1254 3969 per

109 4002 174 4060 tue
193 3993 370 4060 laudabilis
386 3992 681 4078 circumspectionis
696 3991 902 4076 industriam,
922 4011 993 4056 cum
1014 3991 1149 4058 celebria
1168 3991 1254 4057 lame

109 4101 325 4190 preconium,
343 4099 429 4184 quod
446 4101 614 4166 multorum
632 4100 747 4166 relatio
773 4097 939 4184 lidcdigna
955 4101 1131 4186 consumat,
1158 4107 1191 4167 te
1206 4119 1254 4166 re·

107 4212 207 4276 serat
232 4208 266 4284 in
284 4207 506 4294 spiritualibus
524 4214 555 4274 ct
570 4207 801 4295 temporalibus
826 4207 1098 4292 circumspectum
1125 4207 1254 4293 prefata

106 4315 295 4387 Jatlrrnsis
313 4315 472 4402 Ecclesia,
488 4318 559 4383 Deo
576 4315 717 4400 favente,
735 4313 883 4401 proficiat
899 4317 933 4380 in
950 4313 1102 4400 utrisque,
1132 4315 1254 4381 delibe-

107 4423 255 4492 ratione
271 4442 344 4488 cum
360 4421 514 4490 fratribus
542 4425 660 4491 nostris
690 4444 786 4510 super
811 4423 873 4488 boc
900 4422 1013 4488 habita
1037 4421 1200 4508 diligenti,
1217 4429 1250 4488 te

107 4529 257 4603 Ordinis
274 4531 432 4600 tlinorum
448 4531 682 4621 Professorem,
699 4530 784 4600 dicte
801 4528 955 4597 Jadrensi
973 4529 1121 4598 Ecclesie
1139 4529 1180 4598 de
1191 4527 1253 4600 sra-
