3120 5172
621 951 698 1019 183.

100 1130 324 1200 Akereaatceelc
348 1133 534 1216 caatorpami
564 1133 784 1216 dcaocatjtnek
810 1133 1103 1220 diaonycc'pteoelc,
1138 1138 1222 1224 hopy

102 1240 187 1305 Eudo
204 1261 304 1306 comes
330 1239 481 1329 Sadlyc‘oc'
497 1239 612 1305 Seteia
623 1240 674 1323 fic
699 1239 846 1306 Ne‘methi
863 1241 1041 1326 hctycdprdl
1057 1265 1097 1305 aa
1112 1253 1226 1310 ecater-

309 1354 400 1435 parnt
409 1351 569 1436 lcdptalao
577 1349 701 1433 jaurino
716 1351 895 1416 leruoadott.
911 1347 1009 1414 1297.

202 1545 380 1631 Vniuersis,
399 1544 514 1628 quibus
541 1551 709 1631 presentes
726 1542 958 1612 hostendcntur
968 1595 978 1629 ,
1010 1544 1112 1613 frater
1127 1547 1210 1614 Nico

100 1651 167 1717 lans
182 1651 340 1736 Magister
352 1654 475 1718 Domus
485 1651 667 1736 Hospitalis
678 1653 789 1718 Sancti
804 1653 902 1737 Regis
913 1652 1071 1736 Stephani
1087 1653 1128 1718 de
1144 1653 1222 1719 Stri-

101 1758 192 1842 gonio
209 1765 241 1824 et
266 1759 451 1826 Conuentus
483 1760 720 1828 cruciferorum
754 1759 818 1826 loci
835 1760 1000 1842 ciusdem,
1031 1759 1170 1827 salutem
1189 1762 1222 1826 in

100 1865 235 1930 Domino
252 1866 491 1951 sempiternam.
522 1869 575 1933 Ad
599 1869 824 1935 uniuersorum
850 1861 1003 1933 noticiam
1028 1872 1139 1932 tenore
1155 1887 1224 1951 pre-

100 1973 239 2037 sencium
255 1975 405 2040 uolumus
436 1975 628 2058 peruenire,
662 1975 749 2059 quod
764 1973 887 2039 nobilis
917 1973 967 2039 vir
984 1971 1097 2039 Comes
1115 1972 1224 2040 Erdev

100 2079 179 2146 tilius
196 2080 327 2147 Sebridi
344 2083 385 2148 de
401 2083 531 2149 Zeuden
543 2082 736 2168 deDyocesi
752 2083 925 2166 Waciensi,
944 2082 984 2147 dc
1001 2101 1120 2165 genere
1137 2083 1224 2166 Gyu·

102 2187 275 2276 lazumbur,
286 2187 328 2253 ad
339 2191 543 2275 presenciam
553 2199 695 2258 nostram
706 2191 875 2274 accedens,
886 2191 1091 2275 presentibus
1108 2188 1224 2254 discre-

101 2293 138 2360 tis
152 2294 232 2360 viris
256 2297 421 2379 Magistris
437 2298 568 2364 laccho
596 2300 735 2367 Cantore
759 2299 907 2367 Ecclesie
933 2297 1166 2381 strigoniensis
1193 2303 1225 2362 ct

101 2401 235 2490 Anyano
253 2403 418 2472 Canonico
435 2407 498 2473 loci
518 2407 672 2494 eiusdem,
689 2407 799 2474 taliter
826 2411 875 2474 est
890 2408 1077 2474 confessus:
1093 2412 1129 2472 vt
1154 2405 1227 2490 ipsc

102 2509 215 2578 (lomes
231 2513 340 2580 Erdev
355 2520 504 2599 pretextu
520 2515 690 2583 cuiusdam
704 2523 798 2604 terre,
814 2517 906 2601 ville,
923 2516 994 2582 siue
1010 2513 1225 2600 possessionis

101 2619 239 2706 Nempty
257 2628 379 2706 vocate,
395 2623 565 2690 existentis
576 2625 609 2689 in
627 2624 786 2692 comitatu
801 2624 973 2708 Huntcnsi,
990 2629 1104 2690 contra
1129 2623 1226 2688 hono-

102 2727 218 2794 rabiles
234 2728 321 2794 viros
335 2729 540 2816 Prepesitum
557 2739 589 2797 et
604 2731 791 2814 Capitulum
809 2729 954 2798 eiusdem
970 2729 1118 2796 Ecclesia
1144 2726 1227 2795 Stri-

102 2835 264 2916 goniensis
283 2857 390 2902 coram
406 2838 530 2904 Illustri
547 2837 701 2924 Principe
717 2839 848 2904 domino
865 2837 997 2904 Andrea
1023 2837 1134 2922 tercio,
1162 2833 1226 2903 Dei

102 2943 211 3023 gracia
226 2943 339 3011 iuclito
354 2945 443 3030 Rege
458 2946 627 3030 Hungarie
652 2968 738 3014 nunc
763 2954 930 3033 regnante,
956 2951 1104 3012 mouerat
1128 2949 1227 3010 mate·

101 3049 183 3114 riam
198 3053 386 3134 questionis,
402 3054 582 3138 predictam
598 3054 835 3141 possessionem
851 3056 1225 3140 Nemptynuncupatam

102 3177 197 3240 quam
213 3168 294 3245 aput
309 3163 470 3248 predictos
495 3163 699 3250 Propositum
726 3171 758 3231 et
784 3163 967 3249 Capitulum
993 3157 1228 3245 strigoniensis

101 3263 245 3336 Ecclesia
262 3273 418 3356 comperit
434 3280 467 3338 et
481 3274 614 3357 inuenit,
633 3284 664 3340 et
680 3295 777 3356 quam
802 3293 860 3357 pro
886 3269 994 3336 debito
1019 3289 1078 3335 seu
1103 3265 1228 3352 quanti·

101 3377 168 3439 tate
184 3375 395 3444 ducentarum
410 3399 592 3447 marcarum
609 3401 667 3466 per
683 3380 847 3447 dominum
867 3377 1059 3444 Ladizlaum
1076 3375 1223 3458 tercium,

102 3481 178 3547 olim
193 3485 356 3552 Illustrem
373 3489 494 3571 Regem
511 3489 680 3573 Hungarie
695 3490 758 3556 sibi
775 3489 952 3570 obligatam
969 3485 1070 3551 fuisse
1095 3482 1225 3549 dicebat

102 3577 229 3658 nornine
239 3595 385 3678 pignoris
396 3603 430 3662 et
445 3617 510 3662 non
519 3599 651 3682 proprie
661 3595 891 3683 possessionis,
902 3593 1073 3659 intendens
1085 3596 1229 3674 repetere
1265 3633 1270 3638 -

103 3701 135 3760 et
150 3699 312 3783 requirere
328 3702 441 3770 ordine
458 3703 567 3790 iudicij
585 3707 627 3772 ab
645 3705 767 3772 eisdem
783 3703 913 3769 racione
935 3702 1081 3787 ipsarum
1110 3699 1228 3764 ducen·

102 3805 209 3871 tarum
225 3829 416 3898 marcarum,
434 3831 613 3897 superque
630 3813 715 3879 facto
732 3812 953 3878 intencionem
970 3829 1062 3875 suam
1079 3825 1149 3872 cum
1166 3804 1229 3889 pri·

103 3909 223 3997 uilegio
241 3919 384 3986 eiusdem
403 3919 526 3989 domini
542 3921 639 4004 Regis
657 3920 806 3986 Ladizlai
834 3923 968 4002 paratus
994 3917 1102 3981 fuerat
1127 3913 1230 3979 eciam

103 4027 325 4109 comprobare.
343 4027 463 4094 Verum
480 4049 552 4094 cum
570 4030 603 4094 in
620 4031 682 4094 hac
698 4047 798 4096 causa
815 4029 899 4092 inter
916 4025 1007 4110 ipsas
1023 4029 1133 4108 partes
1158 4039 1231 4103 pro·

102 4149 230 4198 cessum
247 4134 364 4204 luisset
381 4144 413 4202 et
428 4138 615 4206 diutissime
632 4141 843 4220 altercatum,
860 4134 993 4200 tandem
1010 4131 1095 4196 idem
1116 4127 1231 4193 Comes

103 4235 223 4325 Erdev,
239 4243 317 4310 uisis
333 4245 513 4331 priuilegijs
530 4248 718 4332 Regalibus,
736 4245 841 4310 eidem
859 4238 1073 4325 Strigcnicnsi
1085 4235 1233 4303 Ecclesia

104 4363 205 4428 super
220 4351 400 4419 collacione
417 4353 560 4436 predicte
576 4352 793 4439 possessionis
809 4351 887 4418 olim
905 4347 1034 4413 traditis
1064 4351 1096 4410 et
1121 4343 1231 4408 conle-

105 4453 181 4538 ssiis
197 4479 252 4544 per
269 4461 397 4528 modum
416 4465 665 4547 composicionis
683 4469 715 4528 et
740 4461 843 4546 pacis,
870 4456 1088 4543 predictarum
1117 4451 1232 4516 ducen-

109 4575 219 4633 tarnnr
235 4589 419 4638 marcarum
436 4573 663 4640 satisfaccione
680 4569 829 4637 relabita
845 4573 876 4633 et
891 4569 1021 4650 recepta
1036 4560 1080 4626 ad
1104 4561 1234 4646 plenum
