3112 5158
304 1069 335 1134 A
354 1073 477 1137 tmoozi
494 1071 686 1138 koooeotnek
702 1069 979 1156 bizooyedqlevele,
1004 1071 1088 1156 hopy
1113 1070 1228 1135 Lmzlo
1254 1069 1438 1136 Ldszldnalt

354 1179 409 1262 fla
430 1178 571 1246 Tordozi
586 1179 725 1257 dirrokot
741 1179 852 1244 Jatat
869 1177 1003 1244 Laetior
1011 1178 1133 1262 fidnok
1148 1177 1265 1243 eladio.
1285 1177 1383 1246 1291.

409 1391 476 1459 Nos
491 1393 623 1462 Inanka
638 1391 850 1460 miseracione
865 1392 988 1458 Diuino
1002 1391 1187 1477 Prepositns
1205 1397 1237 1459 et
1249 1391 1434 1458 Oonnentus

306 1499 449 1566 Eoolesie
464 1500 565 1569 Beate
581 1501 724 1586 Virginis
741 1501 783 1566 de
799 1501 904 1566 Tureh
930 1500 1355 1566 memorieoommendantes
1372 1499 1431 1580 sig·
1553 1551 1554 1562 ,

307 1607 476 1676 nifioamns
492 1607 653 1675 vnlnersis
671 1608 788 1692 quibus
812 1607 943 1693 expedit
968 1626 1026 1692 per
1053 1614 1240 1693 presentes:
1266 1605 1353 1690 qnod
1379 1607 1435 1672 Le·
1552 1631 1553 1634 ¹

305 1714 431 1782 dinlons
446 1735 520 1782 oum
535 1715 603 1783 filio
620 1736 679 1783 sno
695 1715 853 1782 Ladinlao
869 1715 912 1782 od
928 1721 1071 1782 nostram
1087 1714 1278 1782 aooedentes
1304 1735 1432 1800 presen-
1554 1729 1555 1736 ¹

307 1823 392 1890 eiam
408 1823 552 1892 confessi
568 1830 651 1908 sunt,
662 1822 833 1906 ¹quandam
858 1823 1052 1909 particulam
1076 1831 1161 1890 terre
1177 1821 1220 1889 de
1236 1829 1326 1888 terro
1351 1823 1435 1906 ipso·

302 1951 377 1998 rum
395 1931 595 1999 hereditaria
611 1930 644 1996 in
669 1929 778 1996 Turoh
802 1929 966 2015 existenti,
992 1928 1181 1997 uendidisse
1208 1949 1324 1995 nonem
1352 1948 1433 1994 mar-

294 2037 341 2106 eis
371 2047 404 2106 et
419 2060 482 2106 vno
498 2038 622 2105 fertone
637 2037 834 2105 Jooobofilio
851 2037 1006 2123 Letybor,
1023 2043 1056 2102 et
1065 2035 1237 2103 heredibus
1254 2035 1322 2102 suis
1351 2036 1438 2103 here·

310 2145 450 2231 dumque
482 2165 613 2212 snorum
645 2146 887 2226 suecessoribus
913 2146 983 2212 iure
1008 2151 1165 2230 perpetuo
1182 2141 1435 2228 possidendam.

314 2253 412 2320 (luins
429 2251 561 2336 quidem
577 2257 662 2319 terre
677 2251 783 2338 prima
808 2259 896 2318 meta
920 2250 1035 2337 insipit
1059 2251 1093 2317 in
1119 2251 1218 2318 fluuio
1244 2248 1376 2317 Turnoh
1409 2252 1441 2316 in

309 2380 373 2426 vno
390 2356 549 2444 profundo
566 2383 666 2424 eorem
684 2357 755 2447 (lgy
772 2357 920 2445 „verem“
939 2356 1076 2444 helyett)
1087 2383 1094 2444 ;
1107 2357 1225 2424 deinde
1241 2357 1390 2442 presedit
1401 2359 1445 2425 od

309 2467 397 2533 viam
413 2487 577 2552 magnam,
594 2474 627 2533 et
643 2469 806 2534 transiens
824 2466 929 2552 ipsam
945 2465 1033 2533 uenit
1049 2465 1347 2553 adelryplceboleor3
1365 2466 1443 2533 inde

313 2575 402 2640 uenit
419 2573 507 2640 insra
522 2576 609 2640 oiroe
624 2581 763 2661 pratum,
781 2581 813 2640 et
838 2575 926 2640 oiroa
951 2573 1037 2640 idem
1064 2580 1193 2659 pratum
1218 2572 1311 2640 uadit
1338 2594 1439 2660 super

308 2681 455 2749 arborem
471 2683 670 2769 doleatyofn;
693 2690 724 2749 et
740 2682 785 2748 ibi
801 2681 886 2748 idem
903 2689 1031 2768 protum
1045 2681 1182 2767 prosilyt
1207 2703 1304 2767 super
1330 2684 1436 2748 fosse-

310 2795 378 2854 tum
411 2788 596 2874 molendini,
623 2796 654 2857 et
679 2788 727 2855 sio
752 2789 952 2859 terminatur.
979 2787 1074 2854 Vnde
1092 2808 1151 2856 nos
1177 2789 1220 2857 ad
1245 2790 1444 2874 peticionem

312 2895 457 2980 peroinm
472 2895 596 2964 litteras
612 2903 742 2964 nostras
758 2897 978 2963 conoessimns
1003 2895 1107 2981 sigilli
1133 2898 1234 2963 nostri
1261 2897 1443 2964 munimine

311 3005 491 3074 roboratas.
509 3006 630 3072 Datum
657 3023 743 3071 anno
769 3004 900 3070 Domini
925 3003 1114 3072 millessimo
1140 3001 1204 3070 (30⁰
1229 3005 1445 3090 nonagesimo
1554 2993 1555 3064 l

311 3129 426 3196 primo.

314 3323 452 3388 (Erodetie
465 3323 641 3392 blirhdrtyim
656 3327 770 3393 melyrlil
783 3343 800 3380 a
812 3325 906 3394 pessit
919 3326 1143 3394 hdrtyonsinegen
1156 3327 1241 3395 fflgg3
1258 3343 1276 3380 a
1288 3329 1372 3381 budei
1388 3331 1446 3384 kir.
1554 3295 1555 3348 3

704 3417 828 3468 irremorsi
854 3415 1043 3485 levtlttrben.)

772 3714 979 3724 mm
