3170 5166
786 289 936 392 joc-

285 487 390 556 armis
408 495 439 554 et
454 487 489 554 iu
506 487 598 572 cquis
615 486 792 554 secundum
807 486 914 569 Regni
931 480 1183 552 consuendinem
1210 483 1425 570 approbatam

284 615 399 662 coram
415 595 509 664 nobis
525 595 644 663 debent
661 595 818 679 congredi
834 595 868 660 in
885 593 1005 679 duello,
1021 592 1198 678 pugnaturi
1230 592 1321 658 iuxta
1351 591 1413 658 lor·

289 725 375 770 mam
392 702 589 771 assercionis
606 703 753 788 parcium
769 701 999 788 predictarum.
1027 701 1182 766 Preterea
1206 698 1423 790 decredimus,

290 810 380 894 qnod
396 811 618 897 possessiones
634 809 756 896 ecdem,
774 828 911 892 quarum
927 808 1060 874 nomina
1076 807 1108 872 iu
1135 805 1274 891 pedictis
1304 809 1420 876 litteris

288 923 321 986 et
336 917 506 1004 priuilegio
523 917 740 1003 continentur,
767 917 827 983 sub
853 915 955 984 tutele
986 923 1018 983 et
1050 915 1239 982 defensione
1269 915 1422 983 Albensis

285 1023 432 1110 Capituli
448 1022 667 1110 indempniter
682 1028 918 1090 consererentur
934 1043 1036 1106 usque
1061 1019 1307 1107 expedicionem
1323 1023 1425 1090 duelli

287 1131 476 1217 supradicti
491 1152 499 1213 ;
515 1151 576 1198 nec
592 1131 722 1198 interim
738 1137 850 1216 partes
866 1150 902 1197 se
919 1130 1132 1199 intromittere
1148 1137 1299 1217 poterunt
1308 1131 1350 1199 de
1360 1133 1424 1199 eis-

290 1238 372 1305 dom.
388 1239 509 1306 Datum
525 1238 681 1323 Strigonij
699 1238 733 1305 in
749 1237 892 1305 crastino
908 1239 1129 1306 Pentecostcs.

286 1391 430 1500 (indutie
449 1431 625 1501 blt'rhdrtydn,
640 1435 769 1502 molynslr
781 1431 879 1490 lrstdrs
897 1449 916 1486 s
937 1401 1027 1502 dooly
1040 1434 1148 1502 pecsdte
1169 1451 1222 1488 vsu
1251 1452 1380 1502 uyomvs‚
1407 1454 1425 1488 ιι

631 1539 718 1576 nomn.
731 1539 854 1576 museum
867 1521 1061 1590 irsttlrdbsn.)

749 1807 960 1819 n———ffl

294 2523 543 2605 dorconylcezc'cl
559 2524 738 2602 holdrozat,
755 2523 836 2609 moly
851 2523 937 2589 oltal
953 2523 1079 2588 Louclri
1094 2510 1189 2602 Mller,
1215 2521 1332 2588 Komin
1349 2525 1421 2590 clle-

331 2657 333 2666 ·
422 2629 522 2695 nosen
537 2631 787 2717 rnnlcoosedpbco
802 2627 1097 2696 elmaraaztalratil.
1113 2609 1164 2695 liv
1180 2630 1293 2696 roelkiil.
1420 2631 1425 2638 “

396 2825 501 2892 Detur
517 2842 577 2908 pro
593 2819 759 2908 memorie,
776 2823 862 2905 quod
878 2822 1034 2892 Nicolens
1045 2825 1133 2891 lilius
1148 2825 1244 2891 Mcrlr
1270 2825 1417 2892 seruiens

289 2929 424 2998 Komini
439 2931 496 3015 lilij
512 2929 643 2995 Komini
659 2949 719 3014 pro
734 2929 807 3015 ipso
820 2930 951 2998 domino
967 2951 1026 2999 suo
1042 2953 1064 2998 a
1093 2931 1178 2998 ferie
1209 2939 1304 2999 sexte
1343 2937 1423 2998 aute

289 3037 487 3106 dominicam
503 3039 582 3104 llsto
599 3035 679 3101 Mihi
695 3040 808 3103 contra
823 3036 945 3104 Mikem
961 3039 1003 3105 de
1020 3037 1130 3106 Lonclr
1155 3044 1308 3125 actorem,
1336 3039 1427 3104 sicut

289 3145 384 3231 dixit,
409 3146 498 3212 stetit
515 3144 703 3210 intermino
720 3149 845 3228 septem
863 3145 978 3213 diebus
995 3145 1159 3213 continuis
1177 3167 1286 3214 coram
1316 3145 1426 3227 uobis,

290 3253 427 3336 quinon
444 3252 534 3322 uouit
549 3269 610 3320 neo
624 3251 713 3319 misit
728 3272 789 3336 pro
813 3271 850 3318 se
884 3253 1027 3338 aliquem
1060 3255 1293 3339 responsalem.
1326 3253 1426 3320 Vnde

289 3357 490 3428 decredimus
508 3359 615 3445 ipsum
632 3359 667 3426 in
678 3359 804 3443 Judicio
820 3361 1028 3448 romensisse,
1044 3361 1074 3428 ri
1106 3381 1142 3429 se
1174 3360 1428 3429 racionabiliter

290 3484 356 3534 non
371 3467 490 3551 poterit
506 3483 671 3534 excusare.
687 3467 810 3534 Delum
842 3466 877 3532 in
909 3467 1028 3538 Oheme
1059 3475 1173 3537 octeno
1206 3468 1259 3536 die
1288 3468 1428 3535 termini

292 3572 443 3660 predicti.

398 3680 631 3749 Hdtulrdl:
647 3681 710 3747 Pro
726 3681 866 3750 Komino
883 3687 996 3749 coutrn
1011 3683 1133 3751 llilrem
1149 3682 1191 3751 dc
1205 3681 1316 3751 Louch
1332 3681 1426 3749 iudi·

289 3789 403 3860 ciclos.

289 3985 430 4054 (lircdetie
442 3985 617 4057 bdrhdrtydm
630 3989 759 4058 melynck
771 3985 869 4042 hdtdrs
881 3988 975 4056 pucros
986 3991 1044 4044 volt
1066 4005 1193 4057 uyomrs.
1217 4005 1235 4042 ι
1256 4005 1341 4041 nemu.
1366 4006 1431 4042 mu-

685 4093 762 4131 reum
775 4076 1019 4141 kerirsttdrlban.)
