3120 5172
641 999 718 1068 ltl.

122 1198 219 1265 VIII.
238 1198 402 1286 Boac'sdcz
412 1204 509 1286 pdpa
539 1199 691 1266 Tudertdc’
716 1199 870 1264 Hatita
893 1201 1033 1265 tineam·
1057 1200 1177 1284 jadroi
1202 1203 1248 1265 Ir-

564 1307 686 1393 reboet,
705 1303 802 1372 1297.

221 1461 609 1589 bonifacins‘npisoopus
626 1523 744 1571 servus
760 1521 929 1570 servorum
945 1502 1006 1569 Dei
1032 1500 1151 1568 dilecto
1178 1501 1246 1570 filio

114 1610 209 1676 fratri
226 1609 367 1678 Henrico
383 1611 424 1678 de
439 1612 583 1679 Tuderto
599 1610 732 1678 Ordinis
742 1610 879 1677 fratrum
889 1611 1049 1677 Minorum
1061 1610 1247 1696 professori,

114 1716 409 1806 ElectoJadrensi,
427 1721 615 1786 salutemet
636 1716 860 1802 Apostolicam
889 1718 1156 1786 benedictionem.
1181 1719 1244 1783 Ro-

116 1825 205 1890 mani
222 1825 395 1910 Pontificis,
414 1846 509 1910 quem
527 1826 658 1894 celestis
673 1833 788 1913 pastor
804 1833 836 1892 ct
852 1827 1023 1912 episcopus
1051 1826 1245 1914 animarum,

114 1933 360 2018 potestatissibi
375 1934 578 2018 plenitudine
595 1934 717 2000 tradita
735 1933 887 2002 Ecclesiis
912 1935 1050 2018 pretulit
1075 1933 1246 2021 uniuersis,

116 2043 214 2125 plena
231 2043 320 2108 curis
336 2049 368 2109 et
383 2049 500 2110 onusta
515 2043 640 2127 vigiliis
656 2043 841 2110 sollicitudo
858 2043 1000 2126 requirit,
1017 2049 1053 2108 ut
1079 2043 1166 2109 circa
1190 2062 1245 2108 cn·

117 2149 251 2217 inslibet
267 2157 389 2218 statum
404 2152 551 2219 Ecclesie
568 2151 614 2219 sio
630 2152 701 2237 ipse
722 2149 858 2219 solerter
883 2149 1043 2235 invigilet,
1070 2151 1247 2235 prudenter

120 2257 283 2343 excogitet
298 2278 338 2325 ac
353 2259 533 2344 prospiciat
549 2259 731 2343 diligenter,
749 2266 784 2325 nt
809 2278 867 2344 per
893 2259 963 2324 eius
988 2259 1245 2342 circumspectio·

118 2383 191 2428 nem
206 2365 381 2450 providam
398 2373 431 2433 ct
446 2365 684 2450 providentiam
710 2367 975 2450 circumspectam
1000 2365 1157 2434 Ecclesiis
1183 2367 1246 2433 sin-

119 2469 205 2553 gulis
221 2477 335 2558 pastor
356 2474 491 2542 accedat
514 2474 663 2559 ydoneus
689 2481 721 2541 et
745 2478 849 2540 rector
874 2471 1031 2558 providus
1058 2473 1245 2563 deputetur3

117 2583 277 2659 qnatenus
293 2581 363 2666 ipse
379 2582 514 2666 superni
528 2581 653 2649 fauoris
669 2582 850 2666 opitulante
866 2581 1040 2648 clementia
1055 2581 1131 2647 letis
1158 2582 1245 2650 fore·

119 2693 214 2752 antur
231 2687 409 2773 eventibus,
428 2695 461 2754 ct
478 2691 585 2756 votive
601 2689 827 2774 prosperitatis
843 2688 1050 2756 successibus
1083 2690 1245 2772 gratulen-

118 2801 180 2861 tur.
198 2794 287 2862 Sane
303 2797 324 2863 J
327 2796 460 2863 adrensi
475 2798 626 2865 Ecclesia
640 2819 702 2884 per
716 2797 962 2865 translationem
973 2797 1169 2864 venerabilis
1181 2799 1246 2864 fra·

118 2901 177 2969 tris
194 2903 295 2969 nostri
309 2901 475 2970 iohannis
492 2901 680 2987 Tranensis,
698 2909 774 2970 tnnc
793 2903 964 2971 Jadrcnsis
989 2903 1246 2990 Archiepiscopi‚

118 3009 164 3075 ad
178 3011 381 3077 Tranensem
395 3011 578 3079 Ecclesiam
593 3031 651 3097 per
667 3032 726 3078 nos
746 3011 866 3080 sacam
882 3032 985 3097 nuper
1010 3011 1126 3080 solatio
1151 3012 1246 3080 desti-

54 3137 65 3148 *
119 3123 190 3184 tuta
205 3121 358 3204 pastoria,
377 3120 445 3186 Nos
460 3119 505 3186 ad
520 3121 665 3188 eiusdem
681 3120 851 3189 Jadrensis
868 3118 1012 3187 Ecclesie
1027 3119 1169 3202 quietum
1181 3127 1244 3191 sta·

119 3231 244 3294 tumet
269 3246 459 3322 prosperum
485 3235 622 3313 paterne
653 3227 879 3296 sollicitudinis
905 3227 1011 3293 studio
1027 3227 1245 3314 intendentes,

119 3333 359 3402 ordinationem
376 3341 408 3402 et
427 3335 674 3422 dispositionem
704 3335 809 3423 ipsine
824 3335 887 3400 hac
902 3336 972 3402 vice
996 3333 1174 3419 provisioni
1190 3331 1246 3404 Se·

120 3439 172 3506 dis
187 3442 373 3530 Apostolice
389 3441 541 3510 duximus
556 3444 800 3532 reservandam,
818 3443 1030 3510 decernentes
1063 3447 1183 3510 extunc
1205 3445 1246 3511 ir·

119 3547 216 3614 ritum
229 3557 263 3616 et
276 3549 386 3636 inane,
402 3551 430 3618 si
446 3571 541 3618 secus
557 3571 654 3636 super
671 3552 733 3618 boc
749 3551 886 3619 scienter
902 3551 955 3618 vel
971 3550 1159 3633 ignoranter
1183 3570 1245 3635 pcr

120 3675 355 3742 quemcumque
371 3679 429 3727 seu
446 3661 884 3756 quoscumqnelcontingerct
904 3659 1102 3744 attemptari.
1129 3659 1247 3727 Volen-

120 3769 174 3830 tes
189 3763 295 3853 igitur,
314 3774 408 3852 prout
424 3769 467 3834 ad
483 3773 629 3834 nostrum
645 3773 771 3852 spectat
786 3765 938 3852 cilicium,
960 3767 1093 3834 obviare
1119 3765 1246 3851 dispen·

120 3870 198 3957 diis,
215 3893 278 3956 que
294 3882 429 3959 possent
444 3897 485 3943 ex
500 3875 627 3961 prolixe
649 3877 831 3943 vacationis
856 3875 1015 3942 instantia
1040 3874 1145 3941 eidem
1170 3873 1247 3941 Jad·

120 3980 209 4046 rensi
224 3983 371 4050 Ecclesia
386 3985 563 4070 imminere,
581 3985 826 4052 considerantes
837 3985 934 4050 etiam
945 3983 1120 4070 probitatis
1131 3984 1246 4052 merita

119 4089 260 4169 grandia
275 4094 307 4156 et
322 4091 477 4158 virtutum
501 4093 593 4158 dotes
618 4093 824 4178 multiplices,
852 4091 968 4176 quibus
994 4092 1079 4159 dono
1106 4092 1245 4177 Superni

120 4195 272 4264 Numinis
288 4199 432 4266 nosceris
448 4199 633 4285 insignitus,
650 4205 682 4265 et
697 4207 869 4284 propterea
885 4219 975 4284 spem
992 4205 1142 4283 gerentes
1152 4199 1244 4265 indu-

120 4302 220 4386 biam,
235 4305 423 4391 firmamque
438 4307 589 4374 fiduciam
606 4307 801 4396 obtinentes,
819 4307 905 4392 quod
921 4326 980 4390 per
996 4315 1050 4373 tue
1072 4305 1246 4375 laudabilis

120 4411 419 4499 circumspectionis
434 4414 639 4496 industriam,
656 4435 728 4483 cum
744 4422 776 4481 te
792 4414 933 4481 celebris
951 4413 1036 4480 lame
1058 4415 1246 4500 preconium

118 4517 250 4609 referat,
267 4521 354 4607 quod
368 4523 542 4589 multorum
563 4521 679 4590 relatio
704 4521 869 4607 fidedigna
894 4521 1069 4607 confirmat,
1094 4520 1129 4586 in
1153 4521 1246 4609 spiri-

118 4627 266 4698 tualibus
281 4637 313 4697 et
327 4629 559 4722 temporalibus
575 4631 852 4720 circumspectum,
867 4631 996 4722 prefata
1011 4629 1179 4698 Jadrensia
1190 4629 1246 4700 Eo·
