3112 5158
601 323 762 422 ja-

113 509 214 576 lrauilr
230 531 269 577 az
300 515 370 599 egri
400 513 627 600 lrtptolaunak
658 535 767 605 ugyan
796 518 935 588 laea-ki
955 519 1142 607 jolcntcse,
1162 513 1242 580 mint

116 616 216 685 alabb
231 623 285 688 58.
301 639 349 688 su.
367 619 412 710 a.)
735 609 742 620 ’

222 729 291 798 Nos
307 730 466 814 siquidem
484 751 524 798 er
548 731 730 800 huiusmodi
747 735 909 803 relacione
929 735 1079 821 legitima
1100 728 1242 819 predicti

116 833 261 920 Capituli
275 837 444 922 Agriensis
460 838 606 907 fidelium
626 849 806 909 nostrorum
823 861 919 929 super
936 865 984 931 eo,
1000 851 1034 910 rt
1050 841 1137 910 dieta
1152 844 1240 906 terra

116 941 159 1006 ad
175 951 320 1011 nostram
345 947 481 1032 Regiam
497 947 707 1014 collaciouem
738 948 824 1015 licite
840 949 1051 1035 dignoscatur
1067 948 1240 1035 pertinere,

116 1055 202 1115 certo
219 1051 343 1118 cercius
374 1051 558 1138 informati3
574 1053 751 1139 predictam
776 1055 1012 1141 possessionem
1044 1075 1100 1123 seu
1122 1059 1238 1119 terram

115 1155 230 1222 &tow
247 1165 407 1246 vocatam,
425 1158 636 1227 consideratis
652 1159 864 1229 fidelitatibus
880 1169 912 1230 et
929 1163 1072 1230 fidelium
1089 1156 1238 1229 semicin-

114 1283 182 1330 rom
192 1264 316 1331 meritis
326 1265 468 1333 eiusdem
479 1265 613 1333 Comitis
623 1267 738 1335 Jacobi
747 1268 804 1352 filij
816 1269 963 1355 Gregorii
981 1267 1158 1354 memorati,
1176 1283 1238 1349 qus
1360 1270 1362 1274 ’

112 1371 196 1442 idem
207 1373 300 1439 nobis
315 1372 348 1438 in
364 1373 488 1441 eunctis
504 1375 625 1440 nostris
639 1377 955 1463 negooijsprosperis
966 1384 998 1445 et
1013 1377 1168 1459 aduersis,
1180 1372 1236 1440 du·

114 1479 174 1562 biJs
183 1477 311 1546 fortune
321 1479 453 1546 casibus
469 1500 504 1546 se
520 1481 742 1548 submittentes
758 1491 791 1550 et
801 1505 862 1550 sua
872 1491 1081 1570 exponentes,
1099 1501 1161 1566 que
1176 1501 1235 1550 suo

114 1585 206 1652 modo
221 1607 279 1674 per
294 1587 424 1670 singula
449 1586 585 1670 longum
601 1595 686 1655 esset
703 1609 857 1658 enarrare
865 1643 875 1677 ,
893 1613 964 1658 eum
982 1590 1170 1660 constancia
1187 1607 1236 1655 su-

114 1713 221 1778 preme
237 1693 405 1761 fidelitatis
430 1693 576 1762 exhibuit
592 1701 625 1762 et
640 1695 800 1782 inpendit,
829 1701 976 1766 volentes
992 1699 1058 1765 suis
1075 1695 1238 1762 fidelitati·

113 1802 170 1866 bus
185 1801 286 1884 Regio
303 1819 470 1868 occurrere
482 1822 553 1868 eum
565 1803 686 1887 fauore,
704 1823 775 1870 oum
792 1806 942 1872 omuibus
960 1803 1151 1870 utilitatibus
1167 1801 1236 1868 sois

114 1913 143 1973 et
157 1908 367 1994 pertinencijs
383 1909 563 1994 uniuersis,
588 1910 647 1977 sub
665 1911 761 1978 metis
786 1919 818 1978 et
835 1913 1085 1979 limitacionibus
1101 1910 1237 1994 prescri-

111 2014 183 2100 ptis,
201 2018 320 2100 quibus
337 2015 453 2084 eadem
471 2017 634 2102 possessio
660 2039 720 2104 per
735 2020 860 2106 priores
885 2025 917 2087 et
933 2019 1085 2104 antiquos
1102 2037 1234 2105 posses·

112 2143 200 2190 sores
218 2143 294 2190 suos
311 2124 424 2192 habita
440 2126 548 2192 extitit
565 2133 595 2192 et
611 2146 775 2214 possessa,
796 2127 902 2195 eidem
920 2123 1038 2194 Gemiti
1054 2126 1188 2204 Jacobo,
1204 2129 1236 2190 et

112 2251 165 2315 per
181 2251 254 2298 eum
270 2232 339 2300 suis
366 2231 539 2300 heredibus
551 2285 560 2319 ,
586 2233 806 2320 heredumque
838 2256 969 2302 suorum
995 2233 1234 2302 successoribus

110 2339 141 2403 in
157 2339 241 2406 filios
256 2339 394 2406 liliorum
411 2341 580 2427 dedimus,
608 2342 800 2409 donauimus
820 2352 852 2410 et
868 2344 1061 2412 contulimus
1077 2343 1148 2408 iure
1163 2363 1232 2427 per·

109 2451 202 2531 petuo
217 2447 462 2531 possidendam,
474 2450 646 2516 tenendam
659 2451 795 2536 pacifice
806 2451 1106 2519 etirreuocabiliter
1125 2451 1233 2535 quiete

108 2560 138 2619 et
153 2554 348 2621 habendam.
382 2555 420 2621 In
440 2557 530 2623 euius
546 2559 593 2624 rei
618 2559 807 2627 memoriam
833 2565 1087 2644 perpetuamque
1103 2557 1232 2624 firmita-

108 2669 168 2726 tem
185 2669 354 2748 presentes
372 2665 589 2732 concessimus
611 2665 737 2732 litteras
755 2666 916 2753 duppliois
933 2667 1032 2750 sigilli
1049 2666 1151 2733 nostri
1168 2685 1232 2730 mu·

107 2769 224 2838 nimine
249 2773 428 2839 roboratas.
459 2772 581 2839 Datum
607 2793 665 2858 per
696 2794 812 2840 manus
843 2775 906 2842 viri
923 2774 1055 2841 discreti
1080 2772 1228 2858 Magistri

105 2875 265 2945 Theodori
280 2878 442 2964 Prepesiti
469 2879 617 2947 Ecclesia
633 2881 801 2965 Albensis,
833 2884 907 2949 aule
923 2891 1031 2949 nostre
1054 2882 1132 2948 Vioe
1148 2881 1229 2947 Gan·

106 2985 229 3071 cellarij
248 2986 358 3052 dilecti
371 2993 402 3053 et
411 2987 518 3055 fidelis
528 2989 632 3054 nostri
652 3010 737 3056 anno
752 2989 884 3056 Domini
894 2989 1003 3056 M⁰cc⁰
1020 2989 1230 3073 nonagesimo

106 3091 259 3186 seeundo,
276 3095 380 3178 Regni
397 3100 506 3190 autem
523 3094 624 3162 nostri
640 3115 728 3161 anno
745 3097 898 3163 seeundo.

104 3289 239 3350 (Eredstis
252 3286 430 3356 bdrhdrtydn,
444 3291 625 3358 privilegialis
637 3289 785 3356 formicas,
799 3293 912 3358 melyriil
922 3307 940 3344 s
950 3290 1102 3359 sarge-adid
1114 3294 1229 3359 italyam·

104 3377 229 3430 rrindron
243 3379 329 3446 idggb
342 3377 444 3446 kirtlyi
463 3379 556 3447 pauset
569 3379 627 3434 mdr
640 3378 782 3447 lomfflott,
805 3395 823 3430 a
834 3385 948 3434 namneti
974 3399 1098 3436 museum
1111 3381 1227 3435 reuirat-

596 3469 731 3538 tarthan.)

557 3753 770 3774 *nu—nun·-
