3112 5158
173 543 230 607 det
248 537 396 620 precium
414 533 599 600 eorundem.
617 535 700 603 Item
711 531 826 600 Comes
842 536 971 620 Kemyn
997 537 1088 606 dahit
1112 541 1217 609 Paulo
1241 545 1311 614 filio

174 645 316 715 Obolina
332 661 390 707 sex
408 659 545 723 mareas,
564 649 595 707 et
611 640 726 706 reddet
743 641 849 706 eidem
875 663 972 708 unum
1000 665 1115 728 equum
1143 649 1308 718 ualentem

173 775 233 840 pro
250 771 316 816 una
333 768 452 816 marca.
468 749 550 815 Item
562 747 1191 836 supereonfraoeioneclausurepiseine
1202 757 1308 840 ipsius

173 861 268 925 Pauli
284 855 440 939 Magister
465 855 593 940 Kemyn
620 857 661 920 ab
685 855 781 920 Petro
807 861 839 920 et
864 856 966 922 Panlo
993 861 1208 928 seruientibus
1234 843 1307 931 suis

171 967 272 1031 faciet
287 965 451 1031 iusticiam
468 965 643 1028 obseruate
660 961 773 1026 ordine
788 961 877 1027 iuris.
895 962 975 1028 Item
992 965 1149 1048 Magister
1166 968 1187 1033 J
1190 971 1243 1034 uia
1253 990 1310 1036 su·

170 1093 233 1158 per
249 1093 287 1138 eo
304 1073 436 1152 iurabit,
452 1069 539 1152 quod
556 1089 608 1135 res
625 1076 656 1134 et
683 1069 823 1154 pecudes
849 1071 921 1135 siue
946 1071 1032 1136 hona
1059 1073 1215 1158 Stephani
1244 1077 1304 1162 filij

171 1179 306 1262 Sydrak
322 1179 469 1244 homines
486 1179 537 1242 eui
554 1197 618 1241 non
635 1179 830 1261 receperint,
848 1183 881 1242 et
895 1175 929 1242 in
946 1177 1007 1242 hoo
1023 1182 1133 1262 etipse
1151 1189 1182 1246 et
1211 1203 1306 1268 spec·

171 1293 279 1352 tantes
297 1289 339 1352 ad
356 1287 461 1370 ipsum
478 1285 542 1350 sint
553 1285 722 1349 immunes.
734 1286 816 1348 Item
828 1284 940 1349 eodem
952 1284 1004 1350 die
1021 1287 1135 1354 etloco
1146 1291 1305 1374 Magister

171 1398 248 1465 Jula
264 1417 322 1479 per
337 1415 372 1460 ee
388 1394 507 1460 iurabit
523 1411 621 1475 super
637 1389 751 1456 decom
769 1393 898 1470 marcis,
915 1391 994 1456 item
1011 1392 1076 1456 XX
1092 1395 1220 1463 nobiles
1246 1399 1304 1464 ho-

170 1509 274 1573 mines
290 1503 423 1569 adducti
440 1522 498 1586 per
516 1498 652 1564 eundem
670 1499 822 1563 iuuabunt
840 1495 936 1581 super
953 1499 1018 1562 XX
1046 1505 1185 1569 marcis:
1213 1507 1304 1572 scili-

169 1623 221 1680 cet
238 1611 324 1697 quod
339 1609 496 1691 Magister
512 1607 640 1690 Kemyn
658 1605 833 1690 dampnum
844 1605 942 1669 XXX
963 1626 1145 1673 marcarum
1158 1607 1305 1678 Christo·

169 1725 240 1789 soro
250 1721 317 1787 filio
328 1716 521 1784 christofori
532 1715 668 1800 paruulo
678 1714 823 1779 einedem
833 1713 981 1797 Magistri
992 1715 1012 1780 J
1016 1715 1069 1780 ula
1079 1718 1274 1801 irrogauerit
1288 1744 1300 1803 ;

172 1837 289 1894 extunc
300 1827 456 1908 MagIster
466 1825 594 1905 Kemyn
605 1821 665 1888 hae
676 1821 775 1886 XXX
786 1841 915 1886 marcas
927 1821 1016 1886 dabit
1033 1823 1139 1889 eidem
1159 1825 1304 1894 Christo-

168 1937 237 2001 soro
249 1941 325 2001 tunc
337 1937 369 1997 in
386 1931 525 1996 termino
541 1951 599 2014 per
616 1949 673 1994 nos
690 1929 869 2010 assignato.
887 1927 968 1993 Item
985 1929 1055 2014 ipse
1067 1931 1222 2015 Magister
1235 1933 1302 2001 Ke-

170 2065 244 2126 myn
257 2043 359 2106 forum
377 2037 522 2103 ciusdem
539 2037 668 2120 paruuli
685 2038 827 2102 remittet
844 2035 947 2102 eidem
964 2038 1138 2104 secundum
1156 2040 1279 2106 forman

170 2152 349 2216 litterarum
367 2153 550 2213 nostrarum
567 2144 832 2228 priuilegialium.
851 2145 932 2209 Item
949 2145 1060 2210 eodem
1087 2143 1141 2212 die
1165 2155 1196 2212 et
1223 2149 1281 2240 loe

166 2258 326 2338 Magister
341 2255 417 2320 Jutu
433 2253 462 2319 si
477 2253 600 2318 iurabit
616 2273 778 2338 supereo,
805 2253 891 2334 quod
916 2251 1075 2336 Magister
1101 2255 1230 2340 Kemyn
1255 2269 1288 2326 at

166 2365 315 2431 Johanne
330 2363 399 2427 filio
416 2362 509 2426 Pauli
526 2361 676 2426 undecim
693 2359 834 2446 pecudes
852 2367 884 2424 ot
899 2361 998 2426 XXX
1015 2359 1078 2428 duo
1104 2384 1223 2448 pecora
1250 2387 1298 2431 rc-

166 2472 289 2556 ceperit
305 2469 468 2552 indebite;
487 2475 603 2535 extunc
619 2469 776 2550 Magister
792 2469 920 2552 Kemyn
937 2468 1053 2536 reddet
1069 2471 1175 2536 eidem
1187 2473 1220 2536 in
1232 2477 1297 2538 ter·

166 2581 252 2644 mino
269 2586 344 2642 tune
362 2596 418 2661 per
433 2595 492 2640 nos
509 2575 686 2656 assignato.
713 2575 867 2656 Dicimus,
894 2575 978 2641 sieut
996 2575 1098 2640 eciam
1110 2585 1222 2662 partes
1241 2599 1301 2647 uo·

165 2687 306 2768 luerunt,
323 2684 410 2767 quod
427 2685 455 2749 si
482 2683 594 2766 aliqua
619 2683 659 2748 dc
684 2684 837 2767 preterito
853 2683 989 2766 negocia
1015 2685 1159 2767 parcium
1186 2694 1298 2754 essent

164 2793 308 2878 omissa;
326 2791 559 2860 nichilominus
576 2790 618 2854 ad
636 2791 899 2856 recordacionem
915 2793 1113 2859 arbitrorum
1138 2795 1298 2878 predicto-

164 2921 231 2966 rum
248 2905 495 2984 assumpserunt
512 2917 547 2964 se
562 2897 704 2964 facturas
721 2898 754 2962 in
771 2898 823 2964 die
848 2906 1127 2966 sacramentorum
1152 2923 1295 2970 suornm.

61 2983 66 2994 ⁵
164 3006 331 3090 Siquidem
348 3005 504 3090 predictis
520 3005 670 3071 omnibus
686 3006 901 3070 sacramentis
919 3008 951 3068 et
968 3004 1188 3073 solucionihus
1217 3028 1294 3092 per·

164 3117 246 3182 actis
262 3113 473 3180 conficientur
498 3111 623 3180 litterre
651 3117 760 3190 nostre
776 3113 860 3178 inter
876 3118 987 3195 partes
1004 3113 1218 3200 obligatorIe3
1245 3116 1295 3182 in·

166 3229 211 3288 ter
226 3228 337 3289 cetera
352 3223 566 3306 continentes,
584 3218 714 3304 quodsi
732 3241 798 3303 qua
814 3218 960 3304 parcium
978 3221 1011 3284 iu
1039 3219 1181 3287 futurum
1208 3221 1293 3290 Iniu-

163 3329 281 3396 riarum
299 3329 468 3394 incitatrix
486 3326 712 3413 quarumlibet,
739 3327 951 3410 dampnorum
972 3326 1083 3392 datrix
1114 3330 1292 3412 quorumli-

163 3437 215 3501 bet
239 3437 386 3502 extiterit
411 3434 682 3520 quandocunque,
717 3435 820 3520 primo
853 3435 969 3502 citatus
987 3456 1060 3502 cum
1095 3437 1295 3521 tergiuerna·
1367 3519 1368 3522 Ἴ

162 3543 251 3608 cione
266 3545 389 3625 absque
405 3541 542 3626 strepitu
552 3538 668 3624 jndicij
687 3541 836 3625 alicuius,
853 3549 982 3608 eentum
1009 3562 1137 3610 mareas
1156 3545 1285 3612 soluere

161 3649 278 3714 debeat
303 3651 390 3733 parti
417 3649 555 3715 aduerso
581 3668 695 3733 pacem
711 3649 911 3736 obseruanti,
929 3651 972 3716 ad
990 3651 1107 3716 snitum
1125 3657 1156 3716 et
1183 3650 1227 3716 ad
1241 3652 1291 3716 in·

159 3755 375 3836 qnisicionem
395 3763 540 3823 nostram
557 3753 742 3822 faciendam
774 3756 879 3840 Regio
906 3756 1137 3824 demandato.
1165 3757 1289 3824 Datum

158 3861 192 3926 in
208 3861 292 3931 festo
318 3861 412 3929 Beati
442 3863 574 3930 Andreo
591 3864 737 3949 Apostoli
762 3884 849 3930 anuo
865 3863 998 3929 Domini
1023 3863 1193 3930 millesimo
1228 3864 1287 3930 du·

155 3970 353 4038 centessimo
369 3973 581 4053 nonagesImo
598 3976 725 4055 quarto.

264 4077 417 4143 Kivtll:
434 4077 498 4143 Pro
514 4076 672 4159 Magistro
687 4076 766 4143 Jnla
781 4085 895 4144 contra
919 4078 1117 4162 Magistrum
1144 4078 1287 4164 Kemyn.

195 4273 333 4326 OEredetie
348 4269 522 4340 bdrhdrtpdm
536 4289 553 4324 a
567 4271 658 4340 peccet
668 4273 799 4326 elucerett
813 4295 820 4338 ς
835 4289 851 4326 a
865 4273 949 4327 budai
962 4275 1012 4328 kir.
1027 4274 1152 4326 hamarai
1166 4271 1251 4325 lerdi-

671 4359 791 4427 tdrban.)

617 4577 826 4587 ...m
