3120 5172
803 292 961 392 Q

318 507 383 571 que
398 487 556 554 officiales
571 493 604 553 et
621 486 699 553 laici
715 496 894 572 exegerunt
911 493 943 552 et
970 493 1163 572 receperunt
1188 486 1294 554 dictas
1321 491 1437 570 quanli-

318 601 402 661 tates
419 595 558 680 pecunie
573 593 615 659 ab
633 591 755 661 eisdem
769 617 776 678 ;
793 613 833 660 ac
848 592 1080 659 nichilominus
1097 593 1304 661 Universitas
1329 594 1436 661 Civita-

318 699 361 768 tis
378 700 522 768 eiusdem
539 700 709 786 culpabilis
726 700 833 767 extitit
848 703 884 767 in
899 700 1076 786 premissis,
1104 707 1219 768 contra
1245 703 1437 768 constitutio·

319 828 394 876 nem
411 813 555 874 nostram
572 825 670 892 super
686 806 748 874 hoc
763 807 884 873 editam
901 815 1021 874 temere
1036 806 1209 874 veniendo,
1220 809 1353 894 Propter
1362 805 1437 892 quod

320 913 417 981 iidem
432 914 564 1001 Prelali,
582 913 803 982 ecclesiastice
820 935 970 1001 persone,
988 914 1146 983 officiales
1162 921 1194 981 et
1217 915 1295 982 laici
1324 934 1437 982 excom·

321 1021 556 1106 municationis,
573 1021 725 1106 dictaque
741 1021 948 1090 Universitas
964 1023 1129 1090 interdicti
1154 1023 1334 1091 sententias
1357 1023 1438 1088 iuxta

322 1138 467 1196 tenorem
483 1129 723 1197 constitutionis
740 1129 924 1197 huiusmodi
940 1131 1152 1218 incurrerunt,
1168 1152 1208 1198 ao
1224 1131 1307 1198 dicti
1324 1129 1438 1196 Prelati

322 1241 354 1302 ct
370 1255 508 1319 persone
525 1236 745 1304 ecclesiastice
761 1257 827 1304 non
843 1237 1040 1304 abstinendo
1056 1237 1263 1324 postmodum
1275 1259 1297 1303 a
1307 1237 1436 1322 Divinis,

321 1347 431 1409 notam
447 1343 697 1427 irregularitatis
715 1344 915 1414 contraxisse
932 1351 1117 1413 noscuntur.
1138 1345 1247 1424 Quare
1272 1346 1366 1412 nobis
1388 1344 1438 1409 hu·

320 1449 441 1516 militer
458 1451 661 1536 supplicasti,
680 1460 714 1518 ut
740 1471 849 1518 eorum
874 1453 1049 1537 providere
1073 1452 1171 1518 saluti
1195 1452 1439 1518 misericorditer

320 1575 516 1624 curaremus.
533 1559 601 1624 Nos
618 1559 728 1642 itaque
743 1560 808 1626 tuis
834 1559 1128 1644 supplicationibus
1153 1559 1315 1640 inclinati,
1342 1557 1439 1626 absol·

320 1667 418 1731 vendi
433 1665 617 1732 huiusmodi
641 1668 935 1734 excommunicatos
951 1668 994 1732 ab
1011 1664 1124 1734 eadem
1140 1667 1439 1734 excommunicatio-

321 1771 372 1839 nis
389 1773 569 1858 sentencia,
585 1779 617 1838 et
633 1763 841 1839 interdictum
856 1772 1042 1839 huiusmodi
1055 1765 1146 1839 inrita
1157 1772 1292 1840 formam
1303 1771 1441 1839 Ecclesic

322 1879 506 1962 relaxandi,
523 1887 556 1946 et
572 1878 783 1963 dispensandi
798 1881 862 1945 hac
878 1880 949 1946 vice
966 1901 1039 1946 cum
1054 1881 1185 1966 talibus,
1212 1877 1388 1947 dummodo
1412 1878 1440 1942 in

321 1987 355 2052 iu
371 1992 590 2071 contemptum
608 1985 756 2053 Cluvium
773 2007 837 2053 non
854 1986 1097 2053 immiscuerunt
1124 2007 1160 2053 se
1185 1985 1325 2065 Divinis,
1352 2003 1442 2068 supcr

321 2095 571 2179 irregularitate,
588 2115 685 2178 qnam
702 2092 821 2160 exinde
837 2101 1078 2182 contraxerunt,
1097 2095 1227 2178 plenam
1254 2095 1314 2160 tibi
1340 2099 1442 2158 aucto-

324 2208 390 2267 tate
406 2203 604 2287 presentium
624 2201 828 2268 concedimus
846 2201 1045 2288 facultatem,
1063 2201 1214 2268 iniunctis
1243 2203 1291 2266 eis
1316 2203 1441 2285 propter

323 2309 394 2394 hoc,
423 2308 509 2391 quod
525 2307 565 2373 dc
582 2309 661 2375 Jure
683 2309 782 2375 fuerit
812 2308 1056 2396 iniungendum.
1082 2309 1204 2375 Datum
1231 2309 1380 2393 Anagnis
1403 2304 1439 2370 v.

321 2437 425 2483 nonas
441 2419 462 2484 J
464 2417 533 2502 ulii,
551 2419 741 2486 Poulioalus
757 2417 860 2484 nostri
877 2438 963 2486 anno
980 2419 1100 2502 quinto.

322 2611 460 2678 (Theiuer‚
474 2615 573 2666 Vetera
582 2617 758 2668 Monumeuta
772 2615 915 2667 slavorum
925 2614 1147 2666 Meridionalium
1157 2615 1300 2666 historiam
1309 2611 1444 2664 illustran-

752 2706 790 2755 tia
804 2705 829 2754 Il
841 2705 899 2758 ket.
915 2707 974 2755 ll'l.
987 2703 1017 2768 l.)

854 3517 930 3585 218.

331 3713 421 3781 VIII.
439 3717 600 3804 Bonifdcz
610 3723 705 3803 pcipe
720 3716 826 3780 Iolcob
834 3716 957 3800 jodici
973 3714 1119 3782 dreelcoelc
1134 3716 1358 3802 capcddlptad,
1370 3717 1456 3800 bopy

323 3823 488 3910 mepyebelc'
498 3823 663 3910 popjoitdl
678 3825 913 3890 udodozdsolcot
929 3823 1131 3888 bdoetelbeeec
1146 3845 1184 3885 aa
1210 3823 1362 3909 epybc'zclt
1389 3831 1451 3886 ter·

538 3932 605 3997 leto
621 3931 797 4016 addcadpolc
812 3933 985 3998 tbrleezte'cc
1011 3932 1120 4015 adpeti.
1139 3929 1235 3998 1299.

439 4125 626 4194 Bonifacins
643 4125 824 4210 Episcopus
851 4144 965 4191 servus
993 4141 1158 4191 servorum
1189 4121 1251 4188 Dei
1278 4124 1452 4190 venerabli

340 4231 427 4301 atri.
454 4283 462 4299 .
481 4283 488 4299 .
506 4234 759 4320 archiepiscopo
775 4231 927 4300 Jadrensi
944 4219 1083 4298 salutem
1101 4235 1134 4295 et
1148 4227 1371 4315 Apostolicam
1398 4233 1452 4298 be-

325 4342 552 4410 nedictionem.
570 4341 687 4424 blegne
704 4337 886 4406 devotionis
903 4339 1050 4418 allectus,
1066 4355 1163 4420 quam
1178 4335 1235 4403 ad'
1249 4359 1309 4405 nos
1333 4345 1363 4405 ct
1392 4339 1459 4405 Ro·

325 4469 456 4518 manam
473 4451 651 4516 Ecclesiam
667 4445 790 4513 babere
816 4443 1003 4529 dinosceris,
1030 4450 1249 4533 promeretur,
1275 4453 1312 4512 ut
1335 4445 1377 4510 ad
1404 4463 1459 4530 ea,

326 4575 389 4638 quc
405 4563 583 4623 consonent
599 4556 684 4622 votis
701 4555 774 4639 tuis,
789 4551 979 4639 Apostoliee
997 4551 1208 4635 benignitatis
1232 4553 1374 4637 gratiam
1401 4571 1462 4618 ex·
