3120 5172
859 941 950 1026 'rra

324 1157 471 1225 Atrrdoi
494 1157 719 1243 toptoloaoak
748 1156 1019 1244 bieonpedqleoele,
1055 1163 1136 1245 kopp
1171 1157 1309 1240 Neoeyei
1336 1152 1440 1220 Milds
1531 1235 1532 1238 Ἴ

327 1287 425 1331 cornea
441 1264 530 1350 Nyio·
545 1273 623 1330 aava
649 1265 784 1331 birtolatt
809 1265 975 1352 dteopedto
1000 1289 1020 1328 a
1044 1264 1236 1351 nydleaipeti
1262 1265 1434 1349 apdoaozor
1531 1259 1532 1268 ’

794 1370 910 1438 ddaole.
928 1371 1025 1439 1297.

609 1568 639 1634 A
877 1565 904 1631 B
1166 1567 1191 1634 0

439 1761 626 1848 Capitulum
644 1761 805 1831 Budensis
821 1763 968 1829 Eoelesie
985 1737 1134 1830 omnibus
1160 1761 1282 1829 Christi
1310 1761 1444 1828 fidelibus
1532 1829 1533 1834 ,

331 1870 449 1952 quibus
464 1877 630 1954 presentes
647 1868 854 1938 ostendentes
871 1867 1053 1935 salutemin
1063 1870 1201 1936 Domino
1211 1869 1456 1955 sempiternam.¹
1532 1873 1533 1946 j

332 1975 566 2044 Vniuersorum
582 1976 704 2044 notioie
718 1981 786 2044 tam
802 1974 1005 2061 presencium
1022 1995 1118 2058 quem
1136 1975 1321 2042 futurorum
1337 1977 1440 2042 barum
1532 1975 1533 1978 ’

334 2082 557 2150 insinuatione
566 2083 748 2150 litterarum
758 2081 909 2149 uolumus
925 2082 996 2149 fieri
1006 2081 1210 2150 manifestum
1224 2081 1329 2168 ;quod
1339 2082 1443 2149 (lomes

333 2189 592 2274 Nyeolausfilius
603 2190 799 2276 Nyeolayde
809 2190 943 2274 Neuege
952 2190 993 2257 ab
1001 2187 1328 2277 unaparte‚et00mes
1336 2187 1443 2256 Paulus

334 2295 482 2364 offieialis
499 2295 703 2365 dominarum
714 2313 859 2363 sororum
871 2295 912 2362 de
923 2295 1037 2363 Insula
1047 2295 1147 2362 Beate
1158 2295 1306 2381 Virginis
1317 2295 1446 2362 nomiae.
1533 2369 1534 2378 ἵ

336 2401 509 2472 earundem
527 2424 566 2470 ex
582 2405 697 2488 altera,
712 2423 820 2470 eoram
835 2403 930 2471 nobis
945 2403 1160 2488 personaliter
1176 2406 1355 2485 constituti,
1370 2403 1446 2468 iden
1533 2389 1534 2402 ²

336 2509 452 2576 Comes
477 2510 644 2596 Nyeolaus
670 2515 790 2576 terram
816 2529 907 2576 suam
935 2511 969 2576 in
995 2507 1156 2576 domitare
1181 2509 1342 2576 Pestiensi
1367 2527 1448 2576 senus

335 2616 522 2684 Danubium
540 2617 732 2684 existentem
749 2619 818 2702 Nyr
842 2625 1001 2700 uocatam,
1027 2617 1296 2684 conterminalem
1321 2617 1448 2700 undique

337 2723 598 2812 possessionibus
616 2725 761 2809 ipsarum
779 2745 924 2792 sororum
940 2725 1065 2790 Torum
1092 2730 1124 2791 et
1150 2725 1297 2810 Wosyan
1324 2722 1445 2806 uocatis,

337 2831 380 2897 ad
397 2850 487 2898 vsnm
506 2831 654 2898 vndeoim
671 2839 855 2900 aratrorum
872 2832 1099 2918 sufficientem,
1115 2831 1159 2899 ad
1175 2853 1210 2900 se
1227 2832 1332 2898 solum
1356 2829 1447 2896 modis
1534 2851 1535 2904 ἢ

338 2940 497 3023 omnibus,
516 2948 551 3006 ut
567 2939 661 3022 dixit,
677 2940 901 3028 pertinentem,
928 2960 1023 3023 quam
1049 2941 1177 3026 pignori
1206 2939 1371 3022 obligasse
1394 2936 1449 3000 iam

339 3045 459 3114 dudum
475 3046 555 3132 ipsis
569 3045 760 3114 dominabus
776 3067 835 3132 pro
850 3047 968 3130 uiginti
985 3055 1015 3114 et
1031 3067 1089 3114 sex
1105 3047 1221 3114 mareis
1237 3047 1336 3131 plene
1351 3064 1447 3128 reoep-

339 3154 382 3222 tis
399 3172 434 3220 se
450 3155 627 3238 asserebat,
645 3173 703 3238 pro
720 3151 834 3220 eadem
851 3153 1010 3221 duntaxat
1026 3173 1152 3222 summa
1167 3153 1306 3238 peounie
1316 3173 1384 3218 enm
1395 3169 1449 3218 om·

340 3263 436 3330 nibus
452 3259 645 3328 utilitatibus
663 3262 729 3328 suis
746 3267 779 3326 et
795 3261 1016 3347 pertinenoijs‚
1034 3263 1093 3328 sub
1110 3261 1231 3328 eisdem
1244 3259 1348 3346 metis,
1361 3255 1451 3341 signis

341 3376 374 3436 et
389 3367 544 3445 terminis,
561 3368 622 3434 sub
639 3369 754 3451 quibus
771 3389 829 3455 per
845 3369 951 3454 ipsum
968 3369 1011 3436 'et
1034 3367 1283 3454 predecessores
1309 3387 1382 3434 suos
1405 3365 1451 3429 ha·

340 3475 411 3544 bita
426 3475 526 3542 luisse
542 3476 721 3544 dinoscitur
735 3477 859 3564 pariter
876 3485 907 3543 et
923 3497 1087 3563 possessa,
1112 3476 1204 3542 nullo
1230 3477 1301 3541 inre
1328 3495 1381 3540 sen
1408 3471 1453 3536 do-

342 3582 442 3650 minio
458 3582 520 3648 sibi
538 3583 572 3648 iu
590 3581 704 3650 eadem
717 3591 897 3669 reseruato,
924 3583 1022 3662 dedit,
1049 3581 1185 3650 tradidit
1211 3588 1243 3648 et
1268 3581 1448 3665 assignarit,

342 3697 453 3776 utpote
484 3709 551 3757 rem
566 3689 731 3757 uenditam
749 3700 781 3758 et
796 3698 951 3778 emptam,
965 3693 1029 3777 ipsi
1045 3691 1191 3759 Eeolesie
1206 3691 1311 3756 Beate
1326 3685 1453 3770 Virginis

343 3802 375 3866 et
391 3796 513 3864 eisdem
530 3795 723 3865 dominabus
740 3798 901 3866 sororibus
924 3800 957 3864 in
985 3798 1100 3866 eadem
1127 3799 1196 3866 Deo
1222 3798 1340 3882 ingiter
1362 3795 1453 3860 lamu-

340 3904 486 3972 lautibus
501 3903 570 3972 inre
594 3911 753 3992 perpetuo
778 3905 913 3992 paeiliee
938 3903 1188 3992 possidendam
1217 3897 1452 3989 assumpmeudo

342 4011 572 4079 niobilominus
588 4019 620 4078 et
636 4011 812 4096 obligando
830 4031 867 4080 se
884 4012 970 4079 idem
986 4013 1101 4080 Comes
1117 4012 1283 4098 Nyoolaus
1300 4011 1340 4078 ab
1365 4003 1453 4073 omni·

342 4121 414 4208 bus,
430 4127 463 4187 et
478 4121 663 4205 specialiter
679 4141 699 4187 a
716 4121 986 4206 generacionibns
1002 4122 1070 4188 suis
1102 4139 1160 4188 sen
1185 4119 1345 4207 eognatis,
1362 4119 1454 4204 ipsam

342 4225 526 4294 Eoolesiam
542 4229 640 4293 Beate
656 4227 800 4312 Virginis
817 4235 848 4292 et
864 4247 991 4295 sorores
1009 4227 1076 4294 iam
1093 4227 1199 4294 dietas
1226 4225 1393 4293 oeeasioue
1415 4219 1454 4284 di·

344 4339 395 4400 ete
411 4338 496 4400 terre
512 4335 545 4401 in
561 4339 654 4422 parte
671 4336 724 4401 uel
740 4335 774 4399 in
791 4341 858 4412 toto
884 4337 1059 4402 molestare
1084 4333 1272 4420 nitentibus,
1300 4332 1454 4399 defensare

343 4440 413 4508 suis
430 4440 597 4507 laboribus
615 4449 646 4507 et
661 4443 825 4528 expensis.
844 4441 881 4508 In
898 4441 990 4510 ouius
1006 4441 1053 4507 rei
1063 4441 1256 4508 memoriam
1265 4446 1451 4526 perpetuam·

344 4564 406 4636 que
415 4546 599 4614 firmitatem
609 4546 652 4616 ad
662 4548 856 4617 instanciam
873 4557 905 4616 et
921 4549 1115 4634 petieionem
1132 4545 1236 4634 ipsius
1253 4544 1385 4615 (inmitis
1398 4541 1453 4624 Ny·
