3170 5166
646 966 724 1033 250.

122 1163 246 1266 Omode'
259 1161 364 1226 reddor
379 1161 534 1245 telamoni,
550 1159 632 1246 hoqy
649 1158 769 1227 Siklost
784 1163 881 1227 Peter
896 1175 1002 1228 mester
1027 1165 1122 1232 allai
1147 1167 1255 1264 Klarja

204 1267 436 1352 erigonaejdnale
450 1266 581 1331 liaberet
597 1269 629 1332 6⁸
636 1268 905 1355 jeqyajcindelsait
919 1270 1060 1354 lso'fiaette.
1078 1275 1175 1340 1300.

228 1464 296 1528 Mos
308 1458 473 1529 Omodeus
489 1460 672 1548 Palatinus,
684 1458 800 1527 (lomes
811 1459 1029 1548 Zaladiensis,
1040 1461 1082 1530 de
1094 1465 1253 1534 Korokou

123 1575 155 1637 et
169 1568 278 1637 Judsx
294 1568 510 1635 Cumanorum
526 1567 680 1635 memorie
697 1568 958 1636 commendantes
984 1577 1095 1640 tenore
1121 1591 1252 1658 presen-

125 1678 209 1741 oium
225 1675 448 1759 significamus
474 1675 590 1759 quibus
617 1674 749 1761 expedit
772 1675 953 1744 uniuersis:
980 1677 1066 1761 quod
1092 1679 1250 1764 Magister

121 1783 239 1849 Petrus
254 1781 339 1848 filius
355 1781 504 1868 Nyoolay
521 1781 561 1846 de
578 1780 719 1848 Suklous
736 1781 777 1849 de
794 1781 870 1849 dote
886 1789 918 1848 et
934 1782 1030 1850 rebus
1059 1786 1251 1870 paralorna-

126 1889 211 1956 libus
228 1889 359 1956 domine
375 1890 472 1956 Clare
488 1889 609 1956 sororis
625 1895 745 1976 nostre,
761 1889 829 1955 filie
855 1888 1010 1957 videlieet
1033 1892 1162 1978 Fynthe
1188 1896 1250 1959 Pa·

121 1997 218 2064 latini
234 1997 413 2063 laudabilis
429 1997 585 2063 memorie
601 1995 713 2063 fratris
729 1997 843 2082 nostri,
871 2016 968 2079 quam
993 1999 1149 2082 Magister
1174 1999 1252 2066 Jula

124 2103 224 2172 irater
240 2104 385 2172 eiusdem
409 2105 559 2188 Magistri
590 2103 679 2170 Petri
710 2105 990 2171 matrimonialiter
1022 2106 1252 2191 copulauerat3

123 2232 187 2295 qne
203 2234 270 2279 rna
286 2233 358 2280 oum
374 2213 491 2278 marito
508 2232 567 2278 suo
584 2212 670 2278 viam
696 2211 848 2278 uniuersa
875 2211 985 2279 earnis
1012 2220 1062 2279 est
1086 2214 1249 2298 ingressa,

124 2320 217 2386 uobis
235 2321 415 2386 seeundum
432 2321 537 2403 Regni
553 2319 818 2386 consuetudinem
835 2321 1051 2405 approbatam
1069 2321 1251 2404 satisfecit,

124 2445 218 2508 quern
235 2427 277 2493 de
293 2427 369 2492 dote
385 2433 417 2492 et
432 2428 530 2493 rebus
546 2424 823 2510 parafornalibus,
850 2445 890 2490 aa
914 2425 991 2509 aliJs
1016 2427 1251 2511 questionibus,

123 2555 185 2618 que
201 2535 336 2600 rasione
352 2534 499 2600 eiusdem
514 2533 635 2598 sororis
651 2539 761 2599 nostre
777 2539 891 2598 eontra
906 2533 1013 2618 ipsum
1028 2532 1151 2600 moueri
1176 2550 1251 2618 pos-

121 2646 201 2726 sent,
219 2640 413 2708 anotoritate
429 2639 635 2724 presentium
650 2637 815 2706 reddimus
831 2659 888 2727 per
914 2639 1023 2704 omnia
1048 2639 1247 2725 expeditum.

120 2748 250 2815 Terrore
265 2747 469 2832 presentium
487 2751 678 2828 statuentes,
695 2745 782 2828 quod
797 2766 857 2812 nee
873 2767 943 2831 nos,
960 2765 1021 2811 neo
1047 2763 1252 2813 suooessores

123 2854 235 2937 nostri,
253 2855 361 2940 ipsum
377 2852 568 2936 Magistrum
588 2854 720 2924 Petrum
737 2852 866 2918 raoione
882 2852 970 2918 dotis
987 2857 1018 2918 et
1033 2870 1139 2918 rerum
1156 2839 1269 2936 para-s

122 2960 299 3026 lomalium
315 2959 535 3045 predictarum
551 2957 712 3045 possimus
730 2958 782 3024 vel
799 2958 968 3024 ualeamus
994 2957 1181 3040 aliqualiter
1206 2956 1254 3023 in-

124 3069 257 3134 festare.
274 3069 394 3133 Datum
410 3065 551 3132 Budein
577 3065 703 3132 oetauis
729 3065 824 3131 Beati
849 3063 963 3130 Jaoobi
989 3062 1139 3148 Apostoli
1166 3085 1253 3132 auno

119 3171 254 3240 Domini
269 3174 319 3238 Μο
335 3173 570 3240 trecentesimo.

120 3366 263 3432 (Eredetie
276 3365 454 3434 birhtrtyien,
466 3385 483 3420 a
499 3365 639 3421 bitulona
652 3373 774 3434 uyomott
785 3365 878 3436 posset
895 3367 1040 3428 elvesnott;
1055 3379 1072 3414 a
1093 3364 1176 3416 budai
1200 3365 1254 3415 kir.

517 3459 640 3509 kamarai
664 3454 859 3525 levtlttrbsn.)

580 3737 792 3751 ——n——fl
