3112 5158
868 247 913 314 90

327 441 470 510 tradidit
500 439 605 510 eidem
621 440 778 508 Ladirlao
809 447 841 509 et
856 441 925 507 suis
940 439 1114 508 heredibus
1139 436 1358 524 heredumque
1388 458 1451 506 suo

334 569 402 616 rum
416 549 658 618 successoribus
691 554 847 634 perpetuo
872 554 905 614 et
924 548 1180 616 irreuoeabiliter
1207 544 1445 632 possidendum.

333 656 433 724 (luins
444 657 575 742 quidem
586 659 688 723 aliam
708 655 943 724 dimidietatem
963 655 1109 744 prefatus
1129 655 1244 722 Comes
1263 655 1400 722 Cosmus
1415 655 1451 719 ei·

327 763 399 832 dem
424 764 581 832 Ladinlao
606 763 719 832 eodem
743 765 847 832 Paulo
862 771 1011 850 presente
1028 769 1060 831 et
1070 765 1299 830 consenciente
1316 759 1407 827 dedit
1422 771 1450 828 et

327 873 461 938 donauit
476 879 637 958 perpetuo
654 871 903 958 possidendam,
918 880 1013 957 prout
1024 874 1059 937 in
1083 872 1161 954 alijs
1192 869 1311 936 litteris
1336 869 1449 936 nostris

327 979 590 1065 priuilegialibus
617 979 746 1065 plenius
771 981 962 1046 continetur.
989 977 1175 1062 Obligando
1200 999 1246 1065 se,
1271 977 1359 1062 quod
1384 977 1446 1062 qui·

329 1107 456 1169 cunque
471 1107 624 1172 processu
641 1093 819 1172 temporum
840 1086 977 1155 eundem
1008 1087 1199 1154 Ledizlanm
1225 1091 1283 1151 aut
1299 1105 1375 1152 snos
1407 1085 1450 1150 be·

325 1195 419 1263 redes
436 1195 564 1262 racione
579 1194 724 1282 predicte
748 1200 833 1262 terre
849 1195 903 1277 vel
920 1196 1137 1282 possessionis
1169 1199 1377 1281 attemptaret
1392 1193 1448 1258 for·

325 1303 411 1370 sitan
427 1302 618 1390 molestare,
650 1301 720 1389 ipse
737 1303 862 1370 'Comes
887 1303 1009 1370 Paulus
1034 1301 1195 1370 tenebitur
1219 1321 1276 1368 eos
1303 1299 1450 1386 expedire

326 1408 470 1494 proprijs
485 1409 651 1476 laboribus
668 1415 701 1476 et
718 1409 881 1496 expensis.
899 1410 937 1475 In
954 1411 1045 1476 cuius
1061 1409 1107 1475 rei
1117 1408 1306 1476 memoriam
1325 1428 1449 1494 presen-

324 1523 373 1584 tes
388 1517 605 1584 concessimus
622 1518 750 1586 litteras
759 1517 862 1602 sigilli
878 1518 980 1586 nostri
996 1518 1175 1584 munimine
1190 1518 1370 1584 taboratas.
1389 1518 1448 1582 Da·

324 1631 391 1690 tum
401 1625 622 1692 annoDomini
635 1624 820 1692 millessimo
830 1623 1069 1692 dueentessimo
1079 1624 1289 1708 nonagesimo
1300 1623 1446 1690 secundo.

586 1803 615 1868 A
876 1803 903 1867 Β
1163 1802 1188 1868 C

328 1985 463 2047 (Eredetie
473 1981 648 2050 berhtmytn,
659 1985 813 2036 adid-vbrbs
826 1981 912 2052 sltggll
924 1982 1015 2051 penset
1027 1984 1114 2046 ulett;
1129 1999 1145 2036 a
1160 1985 1240 2036 budai
1257 1985 1307 2036 lrir.
1322 1983 1443 2033 lamanai

795 2070 985 2135 levdltlrbsn.)

781 2375 995 2390 w

844 2911 900 2978 64.

322 3130 351 3196 Α
368 3133 485 3220 creperi
499 3131 669 3216 ltdptolou,
687 3129 859 3214 ujpeceetje
876 3131 966 3214 olatt,
984 3130 1101 3214 Iciodjo
1120 3129 1267 3210 tara-tt,
1281 3130 1381 3225 Eellta
1391 3155 1452 3196 sae·

347 3248 419 3326 peri
433 3243 528 3304 scires
562 3237 842 3320 birtoleoiaeorryait
858 3241 1013 3324 tcirpycrao
1028 3237 1306 3322 bizooyeipleoelct.
1327 3236 1421 3301 1292.

438 3449 624 3536 Capitulum
641 3449 787 3516 Ecclesia
813 3450 905 3517 Beati
930 3449 1060 3518 Martini
1086 3449 1127 3514 de
1153 3450 1275 3534 Scepus
1301 3451 1452 3516 omnibus

322 3555 440 3624 Christi
454 3557 613 3642 fidelibus,
625 3557 666 3622 ad
683 3576 763 3640 quos
780 3577 915 3641 presens
931 3557 1084 3642 scriptum
1102 3556 1294 3642 peruenerit,
1312 3559 1451 3624 salutem

323 3666 356 3731 in
374 3664 491 3731 salutis
508 3671 646 3731 auctore.
673 3664 841 3732 Vniuersis
868 3665 983 3749 quibus
1009 3663 1140 3749 expedit
1165 3671 1273 3731 notum
1300 3666 1451 3732 volumus
1549 3655 1550 3698 l

322 3772 392 3838 fieri
407 3792 466 3857 per
481 3778 657 3857 presentes,
677 3771 763 3854 quod
790 3793 861 3838 cum
886 3772 919 3837 in
945 3772 1144 3856 spoliacione
1169 3773 1314 3840 Ecclesie
1340 3779 1452 3842 nostre

319 3897 378 3964 per
391 3881 512 3964 Regem
527 3878 715 3946 Ladizlaum
733 3887 764 3945 et
781 3899 856 3948 suos
871 3881 1072 3966 Newgarios,
1090 3880 1173 3946 inter
1189 3880 1335 3965 dampna
1352 3901 1449 3964 quam

320 3984 472 4072 plurima,
490 4006 641 4050 unacum
658 3986 754 4053 rebus
771 3987 844 4070 alijs
862 3987 1007 4072 sigillum
1033 3993 1176 4054 nostrum
1203 3987 1320 4056 fuisset
1346 3989 1453 4072 perdi·

320 4099 387 4158 turn
413 4097 445 4158 et
469 4093 635 4176 ablatum3
662 4112 719 4158 nos
746 4093 929 4177 iniquorum
956 4095 1109 4162 fallacias
1136 4095 1290 4179 equitatis
1317 4097 1452 4163 tramite

320 4199 504 4266 rescindere
524 4199 699 4286 cupientes,
717 4201 964 4285 omnigenarum
983 4202 1209 4270 condicionum
1237 4202 1365 4268 litteras
1391 4203 1453 4269 snb
1549 4189 1550 4236 ³

321 4307 456 4388 antiquo
474 4306 584 4389 sigillo
600 4313 711 4374 nostro
729 4314 897 4376 emanatas
916 4317 948 4376 et
964 4309 1140 4396 confectas,
1158 4329 1221 4392 que
1245 4311 1322 4374 noui
1349 4306 1453 4406 sigilli

324 4413 424 4480 nostri
441 4413 624 4481 testimonio
640 4422 797 4482 renouate
813 4436 878 4482 non
893 4415 1021 4500 suerint,
1051 4417 1182 4502 publica
1208 4419 1457 4499 protestacione

320 4521 491 4609 premissa,
506 4521 629 4608 irritas,
646 4522 828 4591 cassandas
854 4531 885 4590 et
910 4521 1100 4593 refutandas
1125 4523 1340 4592 decredimus.
1367 4525 1458 4592 Hine
1549 4533 1550 4568 ³
