3120 5172
652 919 728 988 231.

113 1120 146 1180 A
171 1117 267 1202 qybri
288 1117 515 1204 kdptalartrrok
540 1117 816 1205 bizonyedgyleoele,
845 1125 926 1208 boyy
951 1121 1085 1188 Sadbtot'
1109 1121 1247 1207 Karape

111 1227 145 1291 ἐι
162 1229 303 1290 teetve'rei
319 1228 494 1312 Requzlo-o'
516 1226 762 1293 birrokrsrzeker
787 1229 916 1294 elaeone
942 1229 1109 1294 Mortbuni
1135 1225 1245 1294 simon
1300 1253 1303 1258 ·

473 1331 742 1416 'comesfiairrab
770 1337 870 1402 1299.

423 1495 453 1558 Α
668 1497 695 1562 Β
910 1499 935 1565 O

225 1652 409 1740 Capitulum
426 1653 610 1722 Jouriensis
627 1655 771 1732 boelesie
785 1659 937 1726 omnibus
955 1656 1076 1723 Christi
1094 1654 1245 1725 fidelibus

111 1769 285 1845 presentes
312 1763 438 1828 litteras
469 1763 664 1846 inspecturis
689 1767 825 1832 salutem
851 1767 883 1830 in
910 1766 1050 1831 Domino
1075 1761 1241 1846 sempiter

111 1889 202 1935 nam.
218 1869 270 1934 Ad
287 1871 508 1936 uniuersorum
525 1872 678 1938 noticiam
704 1874 818 1938 barum
845 1874 929 1940 serie
952 1853 1102 1939 uolumus
1128 1889 1242 1956 perue-

109 1977 205 2060 nire;
222 1977 308 2059 quod
324 1976 463 2062 Korope
478 1977 545 2044 filio
562 1980 697 2046 Comitis
715 1979 850 2046 Sebredi
868 1981 908 2044 de
923 1979 1049 2046 Zautbo
1066 1997 1123 2063 pro
1149 1996 1184 2042 se
1212 1985 1245 2042 et

110 2084 269 2152 Sedeiino
286 2105 326 2151 ao
340 2085 500 2152 Farkssio
517 2085 671 2154 iratribus
688 2089 756 2154 suis
772 2088 815 2153 ab
831 2107 898 2153 uua
914 2093 1017 2172 parte,
1043 2085 1185 2172 Symone
1212 2091 1245 2149 et

112 2191 278 2260 Miobaele
297 2193 473 2260 comitibus
489 2195 567 2279 filijs
584 2194 719 2262 Comitis
736 2196 887 2282 Symonis
904 2195 945 2260 de
962 2193 1112 2260 Moribun
1129 2211 1170 2258 ex
1198 2193 1244 2256 al-

109 2311 185 2366 tere
199 2320 309 2368 eoram
325 2302 419 2367 nobis
435 2302 651 2386 personaliter
667 2302 846 2368 eonstitutis
861 2325 869 2386 3
885 2303 972 2369 idem
988 2303 1122 2385 Karape
1136 2319 1196 2366 suo
1213 2305 1244 2364 et

108 2407 332 2490 predictorum
348 2411 483 2475 fratrum
502 2429 631 2476 suorum
657 2409 786 2476 nomine
812 2409 976 2492 quandam
1003 2408 1244 2491 possessionem

109 2533 206 2582 suam
226 2518 371 2602 Buguzlo
389 2523 536 2583 uooatam
553 2518 586 2582 in
604 2516 765 2583 comitatu
793 2515 1008 2602 supruniensi
1026 2509 1237 2594 existentem,

109 2643 214 2704 quam
229 2623 384 2690 uidelicet
400 2625 637 2708 possessionem
656 2643 697 2690 ex
725 2623 904 2690 oollaoioue
927 2645 987 2691 seu
1013 2620 1240 2688 muuifioenoia

109 2730 277 2812 quondam
295 2731 417 2796 domini
434 2733 515 2798 Bele
532 2731 669 2799 illustris
687 2737 721 2797 et
745 2731 850 2798 feiieis
875 2731 1115 2798 reeordaoionis
1140 2726 1239 2809 Regio

107 2837 282 2920 Hungarie
297 2837 341 2904 ad
357 2837 517 2923 prefatum
535 2845 659 2923 patrem
676 2859 768 2905 suum
787 2837 949 2904 mediante
967 2835 1139 2922 priuilegio
1156 2835 1257 2928 eius·¹

108 2945 187 3010 rlem
205 2942 328 3010 domini
344 2946 444 3028 Regis
461 2945 634 3012 deuenisse
652 2945 821 3027 referebat,
839 2951 995 3027 quantum
1011 2944 1101 3027 ipsos
1118 2941 1240 3006 eontin-

106 3053 170 3140 git,
187 3073 260 3118 oum
278 3054 427 3122 omuibus
446 3054 642 3122 utilitatibus
668 3061 700 3119 et
724 3053 871 3120 terminis
895 3053 930 3117 in
955 3049 1130 3137 priuilegio
1157 3047 1235 3113 dioti

106 3159 237 3226 domini
252 3160 331 3226 Bele
346 3159 483 3227 illustris
499 3169 530 3226 ot
548 3162 653 3228 ieliois
680 3160 921 3228 reeordaoionis
947 3157 1045 3242 Regis
1072 3154 1240 3239 Hungarie

108 3269 288 3355 contentis,
306 3271 476 3337 confessus
492 3275 542 3336 est
557 3269 745 3336 uendidisse
761 3289 797 3335 se
813 3277 845 3333 et
859 3267 977 3334 iratres
988 3282 1064 3331 suos
1075 3261 1239 3348 predictos

104 3373 209 3442 dietis
226 3375 360 3462 Symoni
377 3384 409 3446 et
425 3376 576 3444 Miebaeli
593 3375 782 3462 comitibus,
798 3391 838 3440 ao
854 3373 1027 3442 heredibus
1045 3389 1155 3437 eorum
1178 3387 1238 3450 pro

107 3481 357 3566 quinquaginta
367 3485 638 3552 maroislatorum
649 3484 870 3568 denariorum
881 3503 962 3566 quas
973 3479 1104 3565 quidem
1114 3495 1243 3544 mareas

109 3591 264 3656 asseruit
280 3590 366 3656 idem
383 3593 524 3678 Karape,
548 3613 583 3660 se
608 3599 640 3658 et
664 3591 826 3677 prodiotos
853 3591 970 3657 iratres
999 3607 1075 3656 suos
1100 3583 1249 3670 plenarie

108 3700 285 3784 recepisse
310 3701 352 3766 ab
378 3701 510 3767 eisdem.
537 3704 574 3767 ln
600 3701 691 3768 ouius
715 3701 762 3767 rei
786 3701 975 3767 memoriam
1001 3703 1033 3765 et
1058 3699 1246 3781 perpetuam

110 3807 308 3874 firmitatem
320 3816 487 3892 presentes
497 3811 715 3878 conoessimus
724 3810 849 3875 litteras
867 3815 978 3874 nostro
995 3804 1104 3888 sigillo
1120 3802 1249 3868 robora·

111 3923 187 3980 tae.
206 3913 330 3982 Datum
346 3935 433 3984 anno
448 3916 578 3983 Domini
594 3916 715 3983 ΜὉΟ0
729 3916 940 3998 nonagesimo
958 3933 1053 3980 nono.
1079 3908 1247 3993 Magistro

108 4021 318 4108 Caraobyno
357 4024 537 4110 Proposito,
570 4023 704 4107 Mathya
734 4024 879 4109 Leotore,
919 4021 1067 4088 Fabiano
1100 4016 1250 4097 Oantore,

102 4129 290 4214 Stephano
307 4131 449 4198 (ostede
464 4131 610 4198 Eoolesie
625 4139 737 4200 nostre
753 4131 977 4198 existentibus.

99 4327 258 4394 (Eredetie
271 4323 446 4392 borhtrsytn
458 4344 475 4380 e
488 4328 707 4382 rbrbs-abldbek
720 4329 947 4395 selyemrrsinbron
960 4326 1072 4394 fttggbtt
1093 4319 1187 4390 peosbt
1209 4320 1246 4368 ei·

354 4425 473 4484 vesuett;
487 4435 504 4472 a
516 4420 598 4471 budai
613 4421 665 4470 kir.
679 4422 798 4472 kamarei
821 4417 1009 4484 lovslrtrban.)

153 4711 268 4750 ΙΟΙῦΙ.
286 4713 368 4751 nouo.
384 4713 455 4758 Em.
474 4725 518 4738 ····
534 4716 607 4754 niro.
626 4711 663 4754 18»
