<?xml version="1.0" encoding="UTF-8"?>
<!DOCTYPE html PUBLIC "-//W3C//DTD XHTML 1.0 Transitional//EN"
    "http://www.w3.org/TR/xhtml1/DTD/xhtml1-transitional.dtd">
<html xmlns="http://www.w3.org/1999/xhtml" xml:lang="en" lang="en">
 <head>
  <title>
</title>
<meta http-equiv="Content-Type" content="text/html;charset=utf-8" />
  <meta name='ocr-system' content='tesseract 3.04.00' />
  <meta name='ocr-capabilities' content='ocr_page ocr_carea ocr_par ocr_line ocrx_word'/>
</head>
<body>
  <div class='ocr_page' id='page_1' title='image "./codexdiplomatic19wenzgoog_0323.png"; bbox 0 0 3120 5172; ppageno 0'>
   <div class='ocr_carea' id='block_1_1' title="bbox 627 969 704 1035">
    <p class='ocr_par' dir='ltr' id='par_1_1' title="bbox 627 969 704 1035">
     <span class='ocr_line' id='line_1_1' title="bbox 627 969 704 1035; baseline -0.013 0"><span class='ocrx_word' id='word_1_1' title='bbox 627 969 704 1035; x_wconf 81' lang='lat'><strong>180.</strong></span> 
     </span>
    </p>
   </div>
   <div class='ocr_carea' id='block_1_2' title="bbox 124 1165 1251 1254">
    <p class='ocr_par' dir='ltr' id='par_1_2' title="bbox 124 1165 1251 1254">
     <span class='ocr_line' id='line_1_2' title="bbox 124 1165 1251 1254; baseline -0.003 -24"><span class='ocrx_word' id='word_1_2' title='bbox 124 1169 169 1230; x_wconf 81' lang='lat' dir='ltr'>Aa</span> <span class='ocrx_word' id='word_1_3' title='bbox 185 1167 253 1252; x_wconf 77' lang='lat' dir='ltr'>apri</span> <span class='ocrx_word' id='word_1_4' title='bbox 268 1167 487 1253; x_wconf 78' lang='lat' dir='ltr'>lrdproloonak</span> <span class='ocrx_word' id='word_1_5' title='bbox 497 1165 854 1254; x_wconf 73' lang='lat' dir='ltr'>bizouyedpleoele,boqy</span> <span class='ocrx_word' id='word_1_6' title='bbox 863 1168 1017 1233; x_wconf 77' lang='lat' dir='ltr'>Perbueei</span> <span class='ocrx_word' id='word_1_7' title='bbox 1028 1167 1119 1232; x_wconf 71' lang='lat' dir='ltr'>Pera</span> <span class='ocrx_word' id='word_1_8' title='bbox 1133 1176 1251 1249; x_wconf 79' lang='lat' dir='ltr'>mester,</span> 
     </span>
    </p>
   </div>
   <div class='ocr_carea' id='block_1_3' title="bbox 121 1275 1247 1450">
    <p class='ocr_par' dir='ltr' id='par_1_3' title="bbox 121 1275 1247 1450">
     <span class='ocr_line' id='line_1_3' title="bbox 121 1275 1247 1362; baseline -0.004 -21"><span class='ocrx_word' id='word_1_9' title='bbox 121 1301 134 1341; x_wconf 85' lang='lat' dir='ltr'>a</span> <span class='ocrx_word' id='word_1_10' title='bbox 153 1277 264 1341; x_wconf 76' lang='lat' dir='ltr'>annas</span> <span class='ocrx_word' id='word_1_11' title='bbox 279 1277 417 1342; x_wconf 81' lang='lat' dir='ltr'>robooai</span> <span class='ocrx_word' id='word_1_12' title='bbox 434 1277 569 1362; x_wconf 61' lang='lat' dir='ltr'>Motyon</span> <span class='ocrx_word' id='word_1_13' title='bbox 586 1278 618 1342; x_wconf 84' lang='lat' dir='ltr'>e&#39;s</span> <span class='ocrx_word' id='word_1_14' title='bbox 635 1279 789 1359; x_wconf 67' lang='lat' dir='ltr'>ratosne,</span> <span class='ocrx_word' id='word_1_15' title='bbox 804 1277 951 1362; x_wconf 79' lang='lat' dir='ltr'>bizonyos</span> <span class='ocrx_word' id='word_1_16' title='bbox 958 1275 1143 1361; x_wconf 73' lang='lat' dir='ltr'>jaoailcboa</span> <span class='ocrx_word' id='word_1_17' title='bbox 1154 1285 1247 1341; x_wconf 78' lang='lat' dir='ltr'>areret</span> 
     </span>
     <span class='ocr_line' id='line_1_4' title="bbox 560 1381 806 1450; baseline 0 -2"><span class='ocrx_word' id='word_1_18' title='bbox 560 1383 700 1450; x_wconf 72' lang='lat' dir='ltr'>loterel.</span> <span class='ocrx_word' id='word_1_19' title='bbox 708 1381 806 1448; x_wconf 85' lang='lat'><strong><em>1297.</em></strong></span> 
     </span>
    </p>
   </div>
   <div class='ocr_carea' id='block_1_4' title="bbox 111 1575 1249 4676">
    <p class='ocr_par' dir='ltr' id='par_1_4' title="bbox 111 1575 1249 4676">
     <span class='ocr_line' id='line_1_5' title="bbox 231 1575 1248 1665; baseline -0.001 -20"><span class='ocrx_word' id='word_1_20' title='bbox 231 1577 392 1646; x_wconf 83' lang='lat' dir='ltr'>Omnibus</span> <span class='ocrx_word' id='word_1_21' title='bbox 410 1575 530 1646; x_wconf 76' lang='lat' dir='ltr'>Christi</span> <span class='ocrx_word' id='word_1_22' title='bbox 546 1577 696 1645; x_wconf 83' lang='lat' dir='ltr'>fidelibus</span> <span class='ocrx_word' id='word_1_23' title='bbox 712 1585 779 1646; x_wconf 83' lang='lat' dir='ltr'>tarn</span> <span class='ocrx_word' id='word_1_24' title='bbox 794 1581 999 1665; x_wconf 76' lang='lat' dir='ltr'>presentibus</span> <span class='ocrx_word' id='word_1_25' title='bbox 1016 1599 1111 1663; x_wconf 88' lang='lat' dir='ltr'>quarn</span> <span class='ocrx_word' id='word_1_26' title='bbox 1131 1579 1248 1645; x_wconf 79' lang='lat' dir='ltr'>futuris</span> 
     </span>
     <span class='ocr_line' id='line_1_6' title="bbox 118 1685 1246 1771; baseline 0 -21"><span class='ocrx_word' id='word_1_27' title='bbox 118 1703 255 1771; x_wconf 82' lang='lat' dir='ltr'>presens</span> <span class='ocrx_word' id='word_1_28' title='bbox 270 1686 428 1770; x_wconf 87' lang='lat' dir='ltr'>seriptum</span> <span class='ocrx_word' id='word_1_29' title='bbox 440 1686 635 1770; x_wconf 84' lang='lat' dir='ltr'>inspecturis</span> <span class='ocrx_word' id='word_1_30' title='bbox 653 1686 838 1771; x_wconf 82' lang='lat' dir='ltr'>Capitulum</span> <span class='ocrx_word' id='word_1_31' title='bbox 854 1686 999 1754; x_wconf 83' lang='lat' dir='ltr'>Eoolesie</span> <span class='ocrx_word' id='word_1_32' title='bbox 1014 1685 1184 1770; x_wconf 86' lang='lat' dir='ltr'>Agriensis</span> <span class='ocrx_word' id='word_1_33' title='bbox 1196 1703 1246 1750; x_wconf 87' lang='lat' dir='ltr'>sa-</span> 
     </span>
     <span class='ocr_line' id='line_1_7' title="bbox 119 1792 1248 1862; baseline 0 -4"><span class='ocrx_word' id='word_1_34' title='bbox 119 1793 217 1858; x_wconf 85' lang='lat' dir='ltr'>lutem</span> <span class='ocrx_word' id='word_1_35' title='bbox 234 1794 269 1860; x_wconf 93' lang='lat' dir='ltr'>in</span> <span class='ocrx_word' id='word_1_36' title='bbox 286 1795 427 1860; x_wconf 89' lang='lat' dir='ltr'>omniurn</span> <span class='ocrx_word' id='word_1_37' title='bbox 444 1795 619 1861; x_wconf 87' lang='lat' dir='ltr'>saluatore.</span> <span class='ocrx_word' id='word_1_38' title='bbox 635 1792 687 1859; x_wconf 85' lang='lat' dir='ltr'>Ad</span> <span class='ocrx_word' id='word_1_39' title='bbox 705 1794 929 1862; x_wconf 89' lang='lat' dir='ltr'>vniuersorum</span> <span class='ocrx_word' id='word_1_40' title='bbox 956 1796 1110 1862; x_wconf 82' lang='lat' dir='ltr'>noticiam</span> <span class='ocrx_word' id='word_1_41' title='bbox 1138 1801 1248 1860; x_wconf 88' lang='lat' dir='ltr'>tenore</span> 
     </span>
     <span class='ocr_line' id='line_1_8' title="bbox 120 1899 1249 1986; baseline 0.001 -20"><span class='ocrx_word' id='word_1_42' title='bbox 120 1899 323 1985; x_wconf 79' lang='lat' dir='ltr'>presencium</span> <span class='ocrx_word' id='word_1_43' title='bbox 338 1901 486 1966; x_wconf 84' lang='lat' dir='ltr'>volumus</span> <span class='ocrx_word' id='word_1_44' title='bbox 512 1901 703 1985; x_wconf 88' lang='lat' dir='ltr'>peruenire:</span> <span class='ocrx_word' id='word_1_45' title='bbox 732 1899 819 1984; x_wconf 91' lang='lat' dir='ltr'>quod</span> <span class='ocrx_word' id='word_1_46' title='bbox 844 1903 1001 1986; x_wconf 82' lang='lat' dir='ltr'>Magister</span> <span class='ocrx_word' id='word_1_47' title='bbox 1024 1901 1139 1968; x_wconf 90' lang='lat' dir='ltr'>Petrus</span> <span class='ocrx_word' id='word_1_48' title='bbox 1163 1900 1249 1967; x_wconf 90' lang='lat' dir='ltr'>filius</span> 
     </span>
     <span class='ocr_line' id='line_1_9' title="bbox 121 2005 1247 2095; baseline 0 -23"><span class='ocrx_word' id='word_1_49' title='bbox 121 2005 206 2072; x_wconf 84' lang='lat' dir='ltr'>Petri</span> <span class='ocrx_word' id='word_1_50' title='bbox 224 2006 266 2073; x_wconf 90' lang='lat' dir='ltr'>de</span> <span class='ocrx_word' id='word_1_51' title='bbox 280 2005 427 2073; x_wconf 87' lang='lat' dir='ltr'>Pethune</span> <span class='ocrx_word' id='word_1_52' title='bbox 443 2027 483 2074; x_wconf 83' lang='lat' dir='ltr'>ex</span> <span class='ocrx_word' id='word_1_53' title='bbox 499 2027 566 2073; x_wconf 88' lang='lat' dir='ltr'>vna</span> <span class='ocrx_word' id='word_1_54' title='bbox 581 2013 682 2095; x_wconf 82' lang='lat' dir='ltr'>parte,</span> <span class='ocrx_word' id='word_1_55' title='bbox 698 2009 739 2073; x_wconf 92' lang='lat' dir='ltr'>ab</span> <span class='ocrx_word' id='word_1_56' title='bbox 765 2008 870 2074; x_wconf 86' lang='lat' dir='ltr'>altere</span> <span class='ocrx_word' id='word_1_57' title='bbox 895 2029 971 2076; x_wconf 91' lang='lat' dir='ltr'>vero</span> <span class='ocrx_word' id='word_1_58' title='bbox 996 2009 1138 2077; x_wconf 87' lang='lat' dir='ltr'>Mathias</span> <span class='ocrx_word' id='word_1_59' title='bbox 1163 2005 1247 2072; x_wconf 88' lang='lat' dir='ltr'>filius</span> 
     </span>
     <span class='ocr_line' id='line_1_10' title="bbox 120 2112 1246 2201; baseline -0.001 -20"><span class='ocrx_word' id='word_1_60' title='bbox 120 2112 274 2181; x_wconf 78' lang='lat' dir='ltr'>uorrardi</span> <span class='ocrx_word' id='word_1_61' title='bbox 292 2113 549 2199; x_wconf 85' lang='lat' dir='ltr'>eonsangeineus</span> <span class='ocrx_word' id='word_1_62' title='bbox 567 2115 711 2182; x_wconf 89' lang='lat' dir='ltr'>eiusdem</span> <span class='ocrx_word' id='word_1_63' title='bbox 727 2135 786 2200; x_wconf 94' lang='lat' dir='ltr'>pro</span> <span class='ocrx_word' id='word_1_64' title='bbox 803 2135 847 2200; x_wconf 86' lang='lat' dir='ltr'>se,</span> <span class='ocrx_word' id='word_1_65' title='bbox 866 2123 899 2182; x_wconf 85' lang='lat' dir='ltr'>et</span> <span class='ocrx_word' id='word_1_66' title='bbox 914 2136 972 2201; x_wconf 93' lang='lat' dir='ltr'>pro</span> <span class='ocrx_word' id='word_1_67' title='bbox 989 2115 1083 2182; x_wconf 89' lang='lat' dir='ltr'>Buda</span> <span class='ocrx_word' id='word_1_68' title='bbox 1098 2136 1138 2182; x_wconf 89' lang='lat' dir='ltr'>ao</span> <span class='ocrx_word' id='word_1_69' title='bbox 1163 2114 1246 2180; x_wconf 83' lang='lat' dir='ltr'>Tho-</span> 
     </span>
     <span class='ocr_line' id='line_1_11' title="bbox 118 2221 1248 2308; baseline -0.001 -21"><span class='ocrx_word' id='word_1_70' title='bbox 118 2243 172 2288; x_wconf 86' lang='lat' dir='ltr'>ma</span> <span class='ocrx_word' id='word_1_71' title='bbox 182 2223 338 2288; x_wconf 88' lang='lat' dir='ltr'>fratribus</span> <span class='ocrx_word' id='word_1_72' title='bbox 348 2223 414 2288; x_wconf 89' lang='lat' dir='ltr'>suis</span> <span class='ocrx_word' id='word_1_73' title='bbox 431 2241 541 2288; x_wconf 88' lang='lat' dir='ltr'>eoram</span> <span class='ocrx_word' id='word_1_74' title='bbox 557 2222 652 2288; x_wconf 90' lang='lat' dir='ltr'>nobis</span> <span class='ocrx_word' id='word_1_75' title='bbox 667 2221 888 2308; x_wconf 77' lang='lat' dir='ltr'>personaliter</span> <span class='ocrx_word' id='word_1_76' title='bbox 899 2223 1068 2291; x_wconf 76' lang='lat' dir='ltr'>constituti</span> <span class='ocrx_word' id='word_1_77' title='bbox 1084 2223 1248 2302; x_wconf 80' lang='lat' dir='ltr'>dixerunt,</span> 
     </span>
     <span class='ocr_line' id='line_1_12' title="bbox 119 2327 1244 2416; baseline 0 -20"><span class='ocrx_word' id='word_1_78' title='bbox 119 2329 204 2413; x_wconf 90' lang='lat' dir='ltr'>quod</span> <span class='ocrx_word' id='word_1_79' title='bbox 220 2330 253 2395; x_wconf 94' lang='lat' dir='ltr'>in</span> <span class='ocrx_word' id='word_1_80' title='bbox 270 2327 465 2412; x_wconf 87' lang='lat' dir='ltr'>quibusdam</span> <span class='ocrx_word' id='word_1_81' title='bbox 480 2329 745 2413; x_wconf 86' lang='lat' dir='ltr'>possessionibus</span> <span class='ocrx_word' id='word_1_82' title='bbox 770 2333 915 2416; x_wconf 90' lang='lat' dir='ltr'>ipsorum</span> <span class='ocrx_word' id='word_1_83' title='bbox 931 2332 1141 2416; x_wconf 84' lang='lat' dir='ltr'>hereditarijs</span> <span class='ocrx_word' id='word_1_84' title='bbox 1166 2332 1244 2398; x_wconf 87' lang='lat' dir='ltr'>Roa-</span> 
     </span>
     <span class='ocr_line' id='line_1_13' title="bbox 119 2435 1247 2526; baseline 0.001 -23"><span class='ocrx_word' id='word_1_85' title='bbox 119 2435 194 2503; x_wconf 86' lang='lat' dir='ltr'>wad</span> <span class='ocrx_word' id='word_1_86' title='bbox 211 2445 244 2504; x_wconf 89' lang='lat' dir='ltr'>et</span> <span class='ocrx_word' id='word_1_87' title='bbox 260 2437 468 2519; x_wconf 83' lang='lat' dir='ltr'>Zebegunew</span> <span class='ocrx_word' id='word_1_88' title='bbox 483 2437 606 2504; x_wconf 86' lang='lat' dir='ltr'>voeatis</span> <span class='ocrx_word' id='word_1_89' title='bbox 624 2438 692 2514; x_wconf 85' lang='lat' dir='ltr'>tale</span> <span class='ocrx_word' id='word_1_90' title='bbox 706 2438 791 2504; x_wconf 87' lang='lat' dir='ltr'>inter</span> <span class='ocrx_word' id='word_1_91' title='bbox 809 2459 843 2504; x_wconf 91' lang='lat' dir='ltr'>se</span> <span class='ocrx_word' id='word_1_92' title='bbox 860 2460 900 2506; x_wconf 88' lang='lat' dir='ltr'>ex</span> <span class='ocrx_word' id='word_1_93' title='bbox 916 2439 1121 2526; x_wconf 87' lang='lat' dir='ltr'>beneplaeito</span> <span class='ocrx_word' id='word_1_94' title='bbox 1143 2439 1247 2524; x_wconf 88' lang='lat' dir='ltr'>partis</span> 
     </span>
     <span class='ocr_line' id='line_1_14' title="bbox 116 2543 1244 2632; baseline 0.003 -21"><span class='ocrx_word' id='word_1_95' title='bbox 116 2546 283 2628; x_wconf 85' lang='lat' dir='ltr'>rtriusque</span> <span class='ocrx_word' id='word_1_96' title='bbox 298 2543 452 2611; x_wconf 76' lang='lat' dir='ltr'>iecissent</span> <span class='ocrx_word' id='word_1_97' title='bbox 469 2545 711 2630; x_wconf 64' lang='lat' dir='ltr'>concambium</span> <span class='ocrx_word' id='word_1_98' title='bbox 727 2546 814 2628; x_wconf 92' lang='lat' dir='ltr'>quod</span> <span class='ocrx_word' id='word_1_99' title='bbox 838 2546 924 2612; x_wconf 89' lang='lat' dir='ltr'>idern</span> <span class='ocrx_word' id='word_1_100' title='bbox 941 2547 1098 2632; x_wconf 83' lang='lat' dir='ltr'>Magister</span> <span class='ocrx_word' id='word_1_101' title='bbox 1124 2547 1244 2614; x_wconf 87' lang='lat' dir='ltr'>Petrus</span> 
     </span>
     <span class='ocr_line' id='line_1_15' title="bbox 117 2651 1248 2738; baseline 0.002 -20"><span class='ocrx_word' id='word_1_102' title='bbox 117 2651 240 2720; x_wconf 85' lang='lat' dir='ltr'>dietam</span> <span class='ocrx_word' id='word_1_103' title='bbox 258 2653 499 2738; x_wconf 87' lang='lat' dir='ltr'>possessionem</span> <span class='ocrx_word' id='word_1_104' title='bbox 515 2672 607 2718; x_wconf 87' lang='lat' dir='ltr'>suam</span> <span class='ocrx_word' id='word_1_105' title='bbox 624 2651 767 2719; x_wconf 82' lang='lat' dir='ltr'>Rozwad</span> <span class='ocrx_word' id='word_1_106' title='bbox 783 2673 854 2720; x_wconf 90' lang='lat' dir='ltr'>oum</span> <span class='ocrx_word' id='word_1_107' title='bbox 872 2655 1023 2721; x_wconf 90' lang='lat' dir='ltr'>omnibus</span> <span class='ocrx_word' id='word_1_108' title='bbox 1052 2653 1248 2720; x_wconf 80' lang='lat' dir='ltr'>utilitutibus</span> 
     </span>
     <span class='ocr_line' id='line_1_16' title="bbox 116 2759 1247 2847; baseline -0.001 -21"><span class='ocrx_word' id='word_1_109' title='bbox 116 2759 183 2826; x_wconf 89' lang='lat' dir='ltr'>suis</span> <span class='ocrx_word' id='word_1_110' title='bbox 201 2761 263 2826; x_wconf 88' lang='lat' dir='ltr'>sub</span> <span class='ocrx_word' id='word_1_111' title='bbox 280 2760 400 2827; x_wconf 85' lang='lat' dir='ltr'>eisdem</span> <span class='ocrx_word' id='word_1_112' title='bbox 418 2759 515 2827; x_wconf 84' lang='lat' dir='ltr'>earlis</span> <span class='ocrx_word' id='word_1_113' title='bbox 531 2763 625 2828; x_wconf 84' lang='lat' dir='ltr'>melis</span> <span class='ocrx_word' id='word_1_114' title='bbox 643 2797 925 2813; x_wconf 50' lang='lat'><em>—————</em></span> <span class='ocrx_word' id='word_1_115' title='bbox 943 2768 1123 2847; x_wconf 86' lang='lat' dir='ltr'>patersuus</span> <span class='ocrx_word' id='word_1_116' title='bbox 1135 2761 1247 2845; x_wconf 89' lang='lat' dir='ltr'>etipse</span> 
     </span>
     <span class='ocr_line' id='line_1_17' title="bbox 117 2866 1246 2954; baseline -0.002 -20"><span class='ocrx_word' id='word_1_117' title='bbox 117 2869 316 2950; x_wconf 86' lang='lat' dir='ltr'>possederat,</span> <span class='ocrx_word' id='word_1_118' title='bbox 333 2866 479 2934; x_wconf 87' lang='lat' dir='ltr'>dedisset</span> <span class='ocrx_word' id='word_1_119' title='bbox 495 2877 527 2934; x_wconf 91' lang='lat' dir='ltr'>et</span> <span class='ocrx_word' id='word_1_120' title='bbox 543 2867 734 2935; x_wconf 85' lang='lat' dir='ltr'>tradidisset</span> <span class='ocrx_word' id='word_1_121' title='bbox 751 2869 834 2954; x_wconf 87' lang='lat' dir='ltr'>ipsis</span> <span class='ocrx_word' id='word_1_122' title='bbox 851 2869 927 2935; x_wconf 86' lang='lat' dir='ltr'>filiis</span> <span class='ocrx_word' id='word_1_123' title='bbox 956 2867 1108 2935; x_wconf 82' lang='lat' dir='ltr'>Corrardi</span> <span class='ocrx_word' id='word_1_124' title='bbox 1136 2873 1167 2936; x_wconf 86' lang='lat' dir='ltr'>et</span> <span class='ocrx_word' id='word_1_125' title='bbox 1193 2867 1246 2933; x_wconf 91' lang='lat' dir='ltr'>he·</span> 
     </span>
     <span class='ocr_line' id='line_1_18' title="bbox 114 2974 1243 3054; baseline 0.002 -16"><span class='ocrx_word' id='word_1_126' title='bbox 114 2974 245 3041; x_wconf 78' lang='lat' dir='ltr'>rudibus</span> <span class='ocrx_word' id='word_1_127' title='bbox 264 3009 544 3022; x_wconf 83' lang='lat'>-----</span> <span class='ocrx_word' id='word_1_128' title='bbox 560 2975 701 3042; x_wconf 84' lang='lat' dir='ltr'>dandam</span> <span class='ocrx_word' id='word_1_129' title='bbox 717 2983 750 3041; x_wconf 86' lang='lat' dir='ltr'>et</span> <span class='ocrx_word' id='word_1_130' title='bbox 765 2975 970 3054; x_wconf 65' lang='lat' dir='ltr'>habendam</span> <span class='ocrx_word' id='word_1_131' title='bbox 987 2978 1021 3041; x_wconf 89' lang='lat' dir='ltr'>in</span> <span class='ocrx_word' id='word_1_132' title='bbox 1047 2977 1139 3042; x_wconf 91' lang='lat' dir='ltr'>euius</span> <span class='ocrx_word' id='word_1_133' title='bbox 1168 2995 1243 3040; x_wconf 93' lang='lat' dir='ltr'>oon-</span> 
     </span>
     <span class='ocr_line' id='line_1_19' title="bbox 117 3079 1243 3166; baseline -0.001 -19"><span class='ocrx_word' id='word_1_134' title='bbox 117 3081 280 3149; x_wconf 86' lang='lat' dir='ltr'>oambium</span> <span class='ocrx_word' id='word_1_135' title='bbox 295 3079 395 3164; x_wconf 90' lang='lat' dir='ltr'>ijdem</span> <span class='ocrx_word' id='word_1_136' title='bbox 410 3081 467 3164; x_wconf 88' lang='lat' dir='ltr'>filij</span> <span class='ocrx_word' id='word_1_137' title='bbox 492 3080 657 3166; x_wconf 85' lang='lat' dir='ltr'>Oorrardy</span> <span class='ocrx_word' id='word_1_138' title='bbox 688 3081 771 3148; x_wconf 87' lang='lat' dir='ltr'>duas</span> <span class='ocrx_word' id='word_1_139' title='bbox 805 3083 982 3166; x_wconf 83' lang='lat' dir='ltr'>particulas</span> <span class='ocrx_word' id='word_1_140' title='bbox 1015 3079 1183 3148; x_wconf 80' lang='lat' dir='ltr'>cuiusdam</span> <span class='ocrx_word' id='word_1_141' title='bbox 1201 3117 1243 3128; x_wconf 85' lang='lat'>-</span> 
     </span>
     <span class='ocr_line' id='line_1_20' title="bbox 116 3188 1246 3276; baseline -0.001 -22"><span class='ocrx_word' id='word_1_142' title='bbox 116 3227 160 3237; x_wconf 89' lang='lat'>—</span> <span class='ocrx_word' id='word_1_143' title='bbox 180 3225 218 3236; x_wconf 88' lang='lat'><em>-</em></span> <span class='ocrx_word' id='word_1_144' title='bbox 241 3229 279 3238; x_wconf 84' lang='lat'>—</span> <span class='ocrx_word' id='word_1_145' title='bbox 300 3223 338 3232; x_wconf 93' lang='lat'><em>-</em></span> <span class='ocrx_word' id='word_1_146' title='bbox 358 3189 397 3256; x_wconf 92' lang='lat' dir='ltr'>de</span> <span class='ocrx_word' id='word_1_147' title='bbox 414 3188 503 3255; x_wconf 87' lang='lat' dir='ltr'>diota</span> <span class='ocrx_word' id='word_1_148' title='bbox 518 3197 608 3256; x_wconf 85' lang='lat' dir='ltr'>terra</span> <span class='ocrx_word' id='word_1_149' title='bbox 623 3191 820 3273; x_wconf 85' lang='lat' dir='ltr'>Zebeguneu</span> <span class='ocrx_word' id='word_1_150' title='bbox 838 3211 858 3256; x_wconf 88' lang='lat' dir='ltr'>a</span> <span class='ocrx_word' id='word_1_151' title='bbox 876 3197 967 3276; x_wconf 88' lang='lat' dir='ltr'>parte</span> <span class='ocrx_word' id='word_1_152' title='bbox 984 3191 1135 3258; x_wconf 88' lang='lat' dir='ltr'>orientali</span> <span class='ocrx_word' id='word_1_153' title='bbox 1160 3190 1246 3254; x_wconf 89' lang='lat' dir='ltr'>inter</span> 
     </span>
     <span class='ocr_line' id='line_1_21' title="bbox 115 3295 1245 3364; baseline -0.001 -2"><span class='ocrx_word' id='word_1_154' title='bbox 115 3296 247 3364; x_wconf 89' lang='lat' dir='ltr'>fluuium</span> <span class='ocrx_word' id='word_1_155' title='bbox 264 3296 438 3362; x_wconf 85' lang='lat' dir='ltr'>Wurboloh</span> <span class='ocrx_word' id='word_1_156' title='bbox 454 3297 574 3364; x_wconf 87' lang='lat' dir='ltr'>dietum</span> <span class='ocrx_word' id='word_1_157' title='bbox 593 3306 625 3364; x_wconf 90' lang='lat' dir='ltr'>et</span> <span class='ocrx_word' id='word_1_158' title='bbox 641 3298 725 3363; x_wconf 84' lang='lat' dir='ltr'>inter</span> <span class='ocrx_word' id='word_1_159' title='bbox 752 3335 1027 3349; x_wconf 77' lang='lat'>-----</span> <span class='ocrx_word' id='word_1_160' title='bbox 1040 3295 1129 3364; x_wconf 82' lang='lat' dir='ltr'>Petri</span> <span class='ocrx_word' id='word_1_161' title='bbox 1141 3295 1245 3362; x_wconf 88' lang='lat' dir='ltr'>Zeeob</span> 
     </span>
     <span class='ocr_line' id='line_1_22' title="bbox 115 3402 1244 3492; baseline 0 -22"><span class='ocrx_word' id='word_1_162' title='bbox 115 3405 317 3470; x_wconf 88' lang='lat' dir='ltr'>nominatam</span> <span class='ocrx_word' id='word_1_163' title='bbox 335 3404 481 3492; x_wconf 87' lang='lat' dir='ltr'>iacentis,</span> <span class='ocrx_word' id='word_1_164' title='bbox 499 3404 596 3471; x_wconf 89' lang='lat' dir='ltr'>simul</span> <span class='ocrx_word' id='word_1_165' title='bbox 614 3425 685 3471; x_wconf 90' lang='lat' dir='ltr'>eum</span> <span class='ocrx_word' id='word_1_166' title='bbox 703 3406 889 3492; x_wconf 87' lang='lat' dir='ltr'>altinenoijs</span> <span class='ocrx_word' id='word_1_167' title='bbox 907 3407 976 3472; x_wconf 87' lang='lat' dir='ltr'>auis</span> <span class='ocrx_word' id='word_1_168' title='bbox 1002 3404 1166 3473; x_wconf 85' lang='lat' dir='ltr'>uniuersis</span> <span class='ocrx_word' id='word_1_169' title='bbox 1192 3402 1244 3470; x_wconf 90' lang='lat' dir='ltr'>do·</span> 
     </span>
     <span class='ocr_line' id='line_1_23' title="bbox 117 3513 1244 3584; baseline 0.001 -7"><span class='ocrx_word' id='word_1_170' title='bbox 117 3513 243 3581; x_wconf 84' lang='lat' dir='ltr'>dissent</span> <span class='ocrx_word' id='word_1_171' title='bbox 255 3520 288 3579; x_wconf 87' lang='lat' dir='ltr'>et</span> <span class='ocrx_word' id='word_1_172' title='bbox 297 3514 510 3582; x_wconf 86' lang='lat' dir='ltr'>tradidissent</span> <span class='ocrx_word' id='word_1_173' title='bbox 515 3549 825 3564; x_wconf 54' lang='lat'><em>———————</em></span> <span class='ocrx_word' id='word_1_174' title='bbox 831 3516 938 3584; x_wconf 88' lang='lat' dir='ltr'>etsuis</span> <span class='ocrx_word' id='word_1_175' title='bbox 950 3514 1122 3582; x_wconf 88' lang='lat' dir='ltr'>heredibus</span> <span class='ocrx_word' id='word_1_176' title='bbox 1134 3513 1244 3580; x_wconf 90' lang='lat' dir='ltr'>simili·</span> 
     </span>
     <span class='ocr_line' id='line_1_24' title="bbox 114 3621 1239 3706; baseline 0.003 -22"><span class='ocrx_word' id='word_1_177' title='bbox 114 3626 166 3686; x_wconf 87' lang='lat' dir='ltr'>ter</span> <span class='ocrx_word' id='word_1_178' title='bbox 184 3627 339 3706; x_wconf 88' lang='lat' dir='ltr'>perpetuo</span> <span class='ocrx_word' id='word_1_179' title='bbox 355 3621 425 3688; x_wconf 89' lang='lat' dir='ltr'>iure</span> <span class='ocrx_word' id='word_1_180' title='bbox 443 3629 476 3687; x_wconf 89' lang='lat' dir='ltr'>et</span> <span class='ocrx_word' id='word_1_181' title='bbox 491 3621 748 3689; x_wconf 87' lang='lat' dir='ltr'>irreuoeabiliter</span> <span class='ocrx_word' id='word_1_182' title='bbox 764 3623 950 3690; x_wconf 87' lang='lat' dir='ltr'>habendam</span> <span class='ocrx_word' id='word_1_183' title='bbox 963 3629 994 3690; x_wconf 93' lang='lat' dir='ltr'>et</span> <span class='ocrx_word' id='word_1_184' title='bbox 1004 3623 1187 3693; x_wconf 83' lang='lat' dir='ltr'>tenendam.</span> <span class='ocrx_word' id='word_1_185' title='bbox 1204 3659 1239 3669; x_wconf 89' lang='lat'>-</span> 
     </span>
     <span class='ocr_line' id='line_1_25' title="bbox 113 3729 1239 3818; baseline -0.001 -24"><span class='ocrx_word' id='word_1_186' title='bbox 113 3763 159 3776; x_wconf 92' lang='lat'>-·</span> <span class='ocrx_word' id='word_1_187' title='bbox 172 3765 210 3774; x_wconf 93' lang='lat'><em>-</em></span> <span class='ocrx_word' id='word_1_188' title='bbox 227 3771 264 3779; x_wconf 95' lang='lat'><em>-</em></span> <span class='ocrx_word' id='word_1_189' title='bbox 280 3729 413 3796; x_wconf 84' lang='lat' dir='ltr'>heredes</span> <span class='ocrx_word' id='word_1_190' title='bbox 423 3749 533 3796; x_wconf 89' lang='lat' dir='ltr'>eoram</span> <span class='ocrx_word' id='word_1_191' title='bbox 549 3730 643 3796; x_wconf 93' lang='lat' dir='ltr'>nobis</span> <span class='ocrx_word' id='word_1_192' title='bbox 661 3731 704 3795; x_wconf 88' lang='lat' dir='ltr'>ad</span> <span class='ocrx_word' id='word_1_193' title='bbox 721 3730 781 3796; x_wconf 90' lang='lat' dir='ltr'>boe</span> <span class='ocrx_word' id='word_1_194' title='bbox 793 3731 976 3815; x_wconf 84' lang='lat' dir='ltr'>obligarunt</span> <span class='ocrx_word' id='word_1_195' title='bbox 988 3756 994 3796; x_wconf 94' lang='lat'>:</span> <span class='ocrx_word' id='word_1_196' title='bbox 1008 3731 1092 3818; x_wconf 88' lang='lat' dir='ltr'>quod</span> <span class='ocrx_word' id='word_1_197' title='bbox 1105 3734 1239 3816; x_wconf 83' lang='lat' dir='ltr'>quicun-</span> 
     </span>
     <span class='ocr_line' id='line_1_26' title="bbox 114 3837 1243 3922; baseline 0.002 -21"><span class='ocrx_word' id='word_1_198' title='bbox 114 3857 182 3920; x_wconf 89' lang='lat' dir='ltr'>que</span> <span class='ocrx_word' id='word_1_199' title='bbox 198 3856 351 3921; x_wconf 83' lang='lat' dir='ltr'>processu</span> <span class='ocrx_word' id='word_1_200' title='bbox 367 3837 522 3921; x_wconf 85' lang='lat' dir='ltr'>temporis</span> <span class='ocrx_word' id='word_1_201' title='bbox 541 3837 628 3921; x_wconf 91' lang='lat' dir='ltr'>ipsos</span> <span class='ocrx_word' id='word_1_202' title='bbox 645 3857 742 3922; x_wconf 89' lang='lat' dir='ltr'>super</span> <span class='ocrx_word' id='word_1_203' title='bbox 759 3874 1103 3889; x_wconf 76' lang='lat'>——————</span> <span class='ocrx_word' id='word_1_204' title='bbox 1128 3839 1243 3904; x_wconf 87' lang='lat' dir='ltr'>nitore-</span> 
     </span>
     <span class='ocr_line' id='line_1_27' title="bbox 114 3929 1245 4032; baseline 0.002 -25"><span class='ocrx_word' id='word_1_205' title='bbox 114 3951 180 4027; x_wconf 89' lang='lat' dir='ltr'>tur,</span> <span class='ocrx_word' id='word_1_206' title='bbox 198 3964 268 4011; x_wconf 84' lang='lat' dir='ltr'>sese</span> <span class='ocrx_word' id='word_1_207' title='bbox 286 3943 425 4009; x_wconf 87' lang='lat' dir='ltr'>inuioenr</span> <span class='ocrx_word' id='word_1_208' title='bbox 443 3941 616 4010; x_wconf 83' lang='lat' dir='ltr'>defendero</span> <span class='ocrx_word' id='word_1_209' title='bbox 633 3953 665 4012; x_wconf 85' lang='lat' dir='ltr'>et</span> <span class='ocrx_word' id='word_1_210' title='bbox 683 3944 837 4029; x_wconf 83' lang='lat' dir='ltr'>expedire</span> <span class='ocrx_word' id='word_1_211' title='bbox 858 3947 1003 4032; x_wconf 91' lang='lat' dir='ltr'>proprijs</span> <span class='ocrx_word' id='word_1_212' title='bbox 1020 3929 1186 4012; x_wconf 86' lang='lat' dir='ltr'>laboribus</span> <span class='ocrx_word' id='word_1_213' title='bbox 1212 3949 1245 4010; x_wconf 89' lang='lat' dir='ltr'>et</span> 
     </span>
     <span class='ocr_line' id='line_1_28' title="bbox 111 4051 1241 4138; baseline 0.001 -22"><span class='ocrx_word' id='word_1_214' title='bbox 111 4051 265 4136; x_wconf 84' lang='lat' dir='ltr'>expensis</span> <span class='ocrx_word' id='word_1_215' title='bbox 293 4092 332 4101; x_wconf 88' lang='lat'><em>-</em></span> <span class='ocrx_word' id='word_1_216' title='bbox 351 4086 392 4098; x_wconf 91' lang='lat'>-</span> <span class='ocrx_word' id='word_1_217' title='bbox 410 4085 454 4100; x_wconf 84' lang='lat'>—-</span> <span class='ocrx_word' id='word_1_218' title='bbox 469 4088 514 4099; x_wconf 86' lang='grc'>--</span> <span class='ocrx_word' id='word_1_219' title='bbox 533 4089 570 4098; x_wconf 91' lang='grc'>-</span> <span class='ocrx_word' id='word_1_220' title='bbox 603 4087 640 4100; x_wconf 90' lang='grc'><strong>-</strong></span> <span class='ocrx_word' id='word_1_221' title='bbox 669 4053 764 4118; x_wconf 86' lang='lat' dir='ltr'>terris</span> <span class='ocrx_word' id='word_1_222' title='bbox 790 4053 1011 4138; x_wconf 84' lang='lat' dir='ltr'>indempniler</span> <span class='ocrx_word' id='word_1_223' title='bbox 1038 4070 1241 4120; x_wconf 81' lang='lat' dir='ltr'>conseruare.</span> 
     </span>
     <span class='ocr_line' id='line_1_29' title="bbox 111 4157 1245 4243; baseline 0.002 -21"><span class='ocrx_word' id='word_1_224' title='bbox 111 4159 148 4222; x_wconf 92' lang='lat' dir='ltr'>ln</span> <span class='ocrx_word' id='word_1_225' title='bbox 168 4157 259 4224; x_wconf 87' lang='lat' dir='ltr'>euius</span> <span class='ocrx_word' id='word_1_226' title='bbox 275 4177 333 4243; x_wconf 88' lang='lat' dir='ltr'>rey</span> <span class='ocrx_word' id='word_1_227' title='bbox 359 4159 576 4225; x_wconf 88' lang='lat' dir='ltr'>testimonium</span> <span class='ocrx_word' id='word_1_228' title='bbox 605 4158 647 4226; x_wconf 88' lang='lat' dir='ltr'>ad</span> <span class='ocrx_word' id='word_1_229' title='bbox 674 4159 868 4226; x_wconf 88' lang='lat' dir='ltr'>instaneiam</span> <span class='ocrx_word' id='word_1_230' title='bbox 898 4197 1176 4208; x_wconf 78' lang='lat'>—————</span> <span class='ocrx_word' id='word_1_231' title='bbox 1203 4159 1245 4224; x_wconf 87' lang='lat' dir='ltr'>si-</span> 
     </span>
     <span class='ocr_line' id='line_1_30' title="bbox 112 4263 1243 4348; baseline 0 -18"><span class='ocrx_word' id='word_1_232' title='bbox 112 4265 189 4348; x_wconf 83' lang='lat' dir='ltr'>gilli</span> <span class='ocrx_word' id='word_1_233' title='bbox 205 4263 303 4331; x_wconf 85' lang='lat' dir='ltr'>nostri</span> <span class='ocrx_word' id='word_1_234' title='bbox 320 4263 498 4332; x_wconf 90' lang='lat' dir='ltr'>munimine</span> <span class='ocrx_word' id='word_1_235' title='bbox 515 4265 695 4332; x_wconf 87' lang='lat' dir='ltr'>roboratas.</span> <span class='ocrx_word' id='word_1_236' title='bbox 712 4266 924 4332; x_wconf 85' lang='lat' dir='ltr'>Presenlibus</span> <span class='ocrx_word' id='word_1_237' title='bbox 951 4273 1059 4332; x_wconf 89' lang='lat' dir='ltr'>tamen</span> <span class='ocrx_word' id='word_1_238' title='bbox 1084 4265 1243 4348; x_wconf 83' lang='lat' dir='ltr'>Magistro</span> 
     </span>
     <span class='ocr_line' id='line_1_31' title="bbox 111 4369 1242 4460; baseline 0.003 -23"><span class='ocrx_word' id='word_1_239' title='bbox 111 4369 251 4455; x_wconf 84' lang='lat' dir='ltr'>blatbya</span> <span class='ocrx_word' id='word_1_240' title='bbox 266 4371 407 4438; x_wconf 75' lang='lat' dir='ltr'>(lentore</span> <span class='ocrx_word' id='word_1_241' title='bbox 425 4407 763 4424; x_wconf 78' lang='lat'>------</span> <span class='ocrx_word' id='word_1_242' title='bbox 779 4373 900 4460; x_wconf 85' lang='lat' dir='ltr'>Paeba,</span> <span class='ocrx_word' id='word_1_243' title='bbox 918 4371 1060 4457; x_wconf 86' lang='lat' dir='ltr'>Symone</span> <span class='ocrx_word' id='word_1_244' title='bbox 1087 4373 1126 4436; x_wconf 91' lang='lat' dir='ltr'>de</span> <span class='ocrx_word' id='word_1_245' title='bbox 1150 4373 1242 4440; x_wconf 88' lang='lat' dir='ltr'>Zem-</span> 
     </span>
     <span class='ocr_line' id='line_1_32' title="bbox 112 4479 1240 4571; baseline 0.002 -25"><span class='ocrx_word' id='word_1_246' title='bbox 112 4482 185 4566; x_wconf 85' lang='lat' dir='ltr'>lyn,</span> <span class='ocrx_word' id='word_1_247' title='bbox 204 4479 363 4548; x_wconf 85' lang='lat' dir='ltr'>Bernaldo</span> <span class='ocrx_word' id='word_1_248' title='bbox 378 4479 418 4548; x_wconf 87' lang='lat' dir='ltr'>de</span> <span class='ocrx_word' id='word_1_249' title='bbox 436 4483 590 4571; x_wconf 85' lang='lat' dir='ltr'>Sumbun,</span> <span class='ocrx_word' id='word_1_250' title='bbox 609 4482 755 4568; x_wconf 78' lang='lat' dir='ltr'>Nyeolao</span> <span class='ocrx_word' id='word_1_251' title='bbox 773 4482 813 4549; x_wconf 90' lang='lat' dir='ltr'>de</span> <span class='ocrx_word' id='word_1_252' title='bbox 829 4482 964 4567; x_wconf 76' lang='lat' dir='ltr'>Borma,</span> <span class='ocrx_word' id='word_1_253' title='bbox 980 4481 1006 4547; x_wconf 92' lang='lat' dir='ltr'>P</span> <span class='ocrx_word' id='word_1_254' title='bbox 1022 4517 1067 4532; x_wconf 89' lang='lat'>-</span> <span class='ocrx_word' id='word_1_255' title='bbox 1082 4517 1126 4532; x_wconf 90' lang='grc'>-</span> <span class='ocrx_word' id='word_1_256' title='bbox 1136 4517 1180 4530; x_wconf 91' lang='grc'>-</span> <span class='ocrx_word' id='word_1_257' title='bbox 1195 4518 1240 4532; x_wconf 92' lang='grc'>-</span> 
     </span>
     <span class='ocr_line' id='line_1_33' title="bbox 112 4587 1241 4676; baseline 0.002 -20"><span class='ocrx_word' id='word_1_258' title='bbox 112 4625 157 4637; x_wconf 89' lang='grc'>-</span> <span class='ocrx_word' id='word_1_259' title='bbox 168 4587 276 4656; x_wconf 84' lang='lat' dir='ltr'>altero</span> <span class='ocrx_word' id='word_1_260' title='bbox 285 4625 568 4642; x_wconf 77' lang='lat'>-----</span> <span class='ocrx_word' id='word_1_261' title='bbox 584 4590 692 4658; x_wconf 88' lang='lat' dir='ltr'>Heues</span> <span class='ocrx_word' id='word_1_262' title='bbox 707 4589 955 4658; x_wconf 87' lang='lat' dir='ltr'>Arohidiaoonis</span> <span class='ocrx_word' id='word_1_263' title='bbox 973 4597 1005 4660; x_wconf 87' lang='lat' dir='ltr'>et</span> <span class='ocrx_word' id='word_1_264' title='bbox 1019 4591 1094 4676; x_wconf 87' lang='lat' dir='ltr'>alijs</span> <span class='ocrx_word' id='word_1_265' title='bbox 1120 4589 1241 4658; x_wconf 55' lang='lat' dir='ltr'>multis&lt;</span> 
     </span>
    </p>
   </div>
   <div class='ocr_carea' id='block_1_5' title="bbox 0 0 1564 5172">
    <p class='ocr_par' dir='ltr' id='par_1_5' title="bbox 0 0 1564 5172">
     <span class='ocr_line' id='line_1_34' title="bbox 0 0 1564 5172; baseline 0 3"><span class='ocrx_word' id='word_1_266' title='bbox 0 0 1564 5172; x_wconf 95' lang='lat' dir='ltr'> </span> 
     </span>
    </p>
   </div>
  </div>
 </body>
</html>
