3112 5158
620 329 779 432 ’,ι-43,

130 524 379 614 comparuisset,
404 526 513 598 omnia
528 527 690 614 premissa
705 525 875 596 refecisse
890 524 1083 614 denegarim
1111 519 1249 597 dicendo

130 633 218 718 qnod
232 633 340 702 littere
355 633 497 720 Capituli
506 633 599 702 ,dicto
619 633 727 704 Judiei
742 635 942 724 transmisse,
958 635 993 702 in
1009 635 1126 718 quibus
1141 637 1259 702 uerbe·

130 743 221 810 racio
236 739 378 809 hominis
402 739 524 808 domini
550 743 648 828 Regis
674 750 706 810 et
732 743 782 812 sui
809 741 984 828 testimonij
1018 742 1258 830 continebatur,

129 849 261 918 omnino
276 849 361 918 false
376 854 484 918 essent
500 849 584 918 falso
608 851 702 918 modo
720 855 881 939 emanate,
892 870 958 918 non
985 870 1025 917 ex
1051 849 1259 919 consciencia

128 963 162 1026 et
176 958 346 1028 uoluntate
371 958 514 1043 Capituli
540 960 719 1027 memorati.
745 958 869 1038 Quibus
896 956 1016 1026 auditis
1042 958 1128 1026 idem
1153 959 1261 1027 Judex

128 1064 361 1153 suspendendo
378 1067 478 1133 totale
489 1067 657 1150 negocium
669 1067 773 1135 dictas
789 1067 917 1134 litteras
932 1065 1076 1152 Capituli
1091 1067 1264 1135 memorati

129 1174 163 1240 in
178 1173 356 1259 panniculo
373 1172 519 1241 inclusas
534 1176 593 1242 sub
610 1174 716 1259 capite
733 1173 837 1258 sigilli
854 1174 905 1240 sui
921 1175 985 1260 ipsi
1002 1171 1152 1260 Capitale
1168 1173 1261 1242 remi-

128 1287 227 1363 serat,
243 1284 278 1347 vt
293 1279 442 1348 uiderent
458 1287 491 1348 et
507 1280 680 1364 diligenter
695 1281 906 1366 inspicerent,
924 1288 956 1348 et
981 1280 1024 1346 ad
1040 1278 1137 1348 fidem
1148 1301 1258 1348 eorum

127 1390 198 1456 Deo
215 1387 356 1456 debitam
375 1393 407 1456 et
423 1385 547 1456 Corone
574 1387 698 1454 domini
715 1391 801 1473 Regi
817 1409 875 1474 per
890 1408 967 1455 suas
982 1377 1109 1456 litteras
1134 1407 1260 1455 reman-

128 1496 242 1564 darent
252 1520 261 1560 :
273 1503 378 1562 rtrum
389 1496 501 1564 eedem
511 1495 712 1564 litteratalse
722 1503 831 1563 essent
847 1497 900 1563 uel
916 1515 1002 1581 uere,
1021 1503 1052 1562 et
1064 1497 1149 1565 iusto
1161 1495 1258 1564 modo

129 1602 182 1668 nel
199 1603 241 1668 dc
255 1622 339 1687 pura
354 1602 559 1669 consciencia
575 1623 685 1670 eorum
703 1608 872 1687 emanate;
889 1609 984 1688 prout
999 1603 1033 1668 in
1049 1604 1167 1670 litteris
1178 1604 1257 1671 dicti

127 1709 251 1776 Jndicis
268 1709 333 1796 ipsi
349 1711 499 1795 Capitulo
516 1711 715 1780 transmissis
731 1711 872 1780 vidimus
891 1712 1060 1781 contineri.
1077 1711 1169 1792 Quod
1187 1714 1256 1798 qui·

126 1815 200 1882 dem
229 1816 413 1903 Capitulum
439 1819 540 1885 dictas
566 1819 694 1887 litteras
719 1839 804 1904 suas,
823 1841 881 1904 per
905 1819 1011 1905 ipsum
1035 1818 1257 1888 Alexandrum

125 1923 328 2008 falsificatus,
345 1925 410 1992 sibi
426 1923 520 1991 modo
536 1926 707 2011 prehabito
725 1930 759 1994 in
776 1927 953 2012 panniculo
970 1927 1189 2014 transmissas,
1204 1947 1256 1994 ve·

126 2051 179 2098 ras
197 2051 270 2100 esse
285 2039 317 2098 et
332 2030 416 2100 iusto
432 2052 472 2100 ac
490 2033 636 2116 legitimo
653 2034 751 2100 modo
769 2038 938 2100 emanatas
956 2039 987 2099 et
1003 2033 1044 2100 de
1059 2055 1140 2119 pura
1165 2053 1255 2102 cons·

125 2139 251 2208 ciencia
266 2160 327 2208 sua
337 2140 543 2225 intimarunt;
556 2149 652 2226 prout
668 2143 701 2208 in
718 2143 838 2208 litteris
849 2144 993 2228 ipsorum
1011 2163 1108 2229 super
1119 2143 1253 2227 premis·

124 2267 162 2314 sa
176 2247 263 2316 serie
279 2247 408 2318 domino
434 2249 516 2334 Regi
542 2231 714 2318 destinatis
740 2253 952 2336 comperimus
978 2251 1156 2319 euidenter.
1182 2251 1254 2336 Hys

121 2356 232 2438 itaque
247 2357 397 2443 peractis,
413 2377 485 2424 cum
505 2357 591 2424 idem
619 2358 728 2424 ludex
754 2358 870 2424 iterato
897 2358 939 2423 ad
966 2359 1148 2443 porcionem
1175 2359 1254 2426 dicti

121 2465 338 2532 ThomeBani
355 2487 414 2551 pro
431 2465 679 2550 quadringentis
696 2468 814 2532 mareis
831 2468 1014 2534 estimatum
1027 2467 1157 2534 eosdem
1175 2469 1251 2535 esti-

119 2577 262 2638 matores
292 2570 451 2638 accedere
483 2571 689 2658 decreuisset,
726 2571 796 2659 ipso
821 2572 1009 2641 Alexandro
1033 2575 1253 2661 personaliter

118 2687 325 2765 comparente
342 2687 375 2746 et
390 2687 641 2767 assumpmente,
658 2681 700 2748 ad
718 2681 778 2750 hoc
795 2691 829 2748 ut
848 2684 1031 2766 porcionem
1047 2684 1089 2752 ad
1107 2687 1248 2752 ualerem

117 2793 249 2853 centurn
262 2795 445 2856 marcarum
466 2788 646 2856 estimando
656 2788 697 2855 dc
715 2789 828 2856 eadem
849 2792 1052 2876 possessione
1071 2773 1252 2858 statuerent

116 2896 277 2979 Magistro
295 2897 390 2966 (lude
414 2905 611 2984 memorat03
640 2905 672 2964 et
697 2898 796 2983 ijdem
823 2899 1025 2968 estimaturcs
1051 2899 1185 2966 termino
1208 2901 1252 2966 ad

116 3003 178 3070 hoc
196 3003 356 3090 deputatu
374 3027 469 3092 super
495 3005 611 3074 taciem
629 3007 731 3092 ipsius
747 3007 961 3092 possessionis
978 3006 1021 3072 ad
1033 3007 1247 3074 estimandum
1269 3061 1270 3064 η

113 3112 255 3180 candem
271 3114 507 3181 accessissent:
524 3115 611 3182 idem
628 3115 816 3182 Alexander
832 3114 1072 3200 presentialiter
1089 3101 1134 3180 ibi
1160 3137 1243 3183 ccm-

112 3221 273 3308 parendo,
290 3223 425 3289 totalem
444 3222 628 3308 porcionem
644 3222 704 3288 rh.
722 3221 804 3288 Bani
821 3221 862 3287 de
878 3220 1025 3308 predicta
1041 3222 1245 3307 possessione

110 3325 230 3396 Dubos
256 3335 288 3397 et
312 3331 355 3398 ad
379 3329 485 3414 ipsam
510 3330 757 3415 pertinentibus,
781 3329 876 3396 Pauli
904 3336 936 3396 et
963 3329 1078 3413 Deegh
1109 3331 1244 3420 vocatis,

110 3455 186 3502 eum
206 3437 357 3505 omnibus
374 3437 568 3504 utilitatibus
586 3443 618 3504 et
643 3435 852 3522 pertinenuijs
876 3439 943 3504 suis
970 3438 1130 3506 vniuursis
1155 3438 1247 3506 dimi·

107 3541 227 3629 sisset,
244 3545 388 3614 dedisset
404 3552 435 3613 et
458 3545 624 3614 statnisset
650 3545 768 3611 Comiti
793 3545 889 3613 Petro
914 3550 947 3612 et
971 3547 1127 3631 Magistro
1153 3545 1246 3615 Cude

105 3653 298 3740 antedictis,
315 3656 445 3722 racione
461 3645 720 3740 quarte'domine
737 3655 856 3724 sororis
872 3654 1016 3722 eiusdem
1027 3655 1151 3722 Thome
1162 3656 1245 3722 Bani

103 3761 228 3829 matris
244 3762 347 3848 ipsius
364 3763 517 3847 Magistri
534 3762 628 3830 Cude
653 3763 693 3828 de
711 3765 802 3831 totali
812 3763 1020 3848 possessione
1031 3762 1174 3829 eiusdem
1186 3763 1245 3828 Th.

100 3868 353 3954 santuanensi,
383 3869 453 3936 iure
480 3875 637 3956 perpetuo
664 3877 696 3936 et
720 3869 978 3937 irreuocabiliter
1002 3865 1244 3956 possidendam,

100 3979 327 4046 estimacione
358 3979 491 4062 quidem
525 3999 623 4064 super
654 3981 727 4065 ipsa
757 3979 851 4046 nulla
877 3978 972 4046 facta.
999 3979 1102 4062 Super
1127 3978 1242 4063 quibus

98 4085 319 4154 memoriales
335 4087 461 4154 litteras
478 4085 558 4153 dicti
573 4087 715 4174 Capituli
735 4087 905 4170 Agriensis
921 4108 980 4173 per
996 4085 1159 4154 dominum
1176 4087 1244 4153 La-

97 4191 381 4276 dizlaumRegem
392 4192 526 4259 tratrem
537 4200 682 4262 nostrum
694 4194 902 4261 karissimum
913 4193 1093 4278 patruelem
1105 4194 1242 4280 patenti·
1321 4199 1326 4208 '

94 4302 157 4369 bus
173 4299 252 4368 suis
267 4299 385 4367 litteris
396 4301 602 4369 confirmatas
614 4301 830 4370 exhibuerunt
842 4323 950 4370 coram
961 4302 1053 4370 nobis
1065 4326 1073 4388 ;
1085 4309 1236 4390 preterea

93 4409 189 4498 ipsos
206 4409 443 4497 Alexandrum,
459 4412 598 4480 Paulum
614 4421 647 4480 ct
663 4413 812 4479 Cosmum
828 4413 912 4480 tilios
929 4413 1044 4480 Cosme
1060 4413 1094 4478 in
1120 4411 1239 4477 litteris

94 4521 311 4587 diuersorum
337 4521 487 4588 ‚Indicum
513 4518 629 4588 exinde
653 4521 808 4588 conlectis
834 4541 897 4587 non
924 4518 1154 4609 comparando,
1181 4539 1240 4586 nec

90 4624 270 4717 mittendo,
289 4627 505 4715 comperimus
521 4627 553 4695 in
570 4641 724 4716 processa
741 4627 869 4714 negocij
888 4627 1025 4714 predicti
1053 4635 1166 4698 contra
1191 4627 1239 4713 ip·

687 4748 691 4756 '
1069 4741 1139 4808 10·
