<?xml version="1.0" encoding="UTF-8"?>
<!DOCTYPE html PUBLIC "-//W3C//DTD XHTML 1.0 Transitional//EN"
    "http://www.w3.org/TR/xhtml1/DTD/xhtml1-transitional.dtd">
<html xmlns="http://www.w3.org/1999/xhtml" xml:lang="en" lang="en">
 <head>
  <title>
</title>
<meta http-equiv="Content-Type" content="text/html;charset=utf-8" />
  <meta name='ocr-system' content='tesseract 3.04.00' />
  <meta name='ocr-capabilities' content='ocr_page ocr_carea ocr_par ocr_line ocrx_word'/>
</head>
<body>
  <div class='ocr_page' id='page_1' title='image "./codexdiplomatic19wenzgoog_0374.png"; bbox 0 0 3120 5172; ppageno 0'>
   <div class='ocr_carea' id='block_1_1' title="bbox 860 223 1122 370">
    <p class='ocr_par' dir='ltr' id='par_1_1' title="bbox 860 223 1122 370">
     <span class='ocr_line' id='line_1_1' title="bbox 860 223 1122 370; baseline 0 0"><span class='ocrx_word' id='word_1_1' title='bbox 860 223 1122 370; x_wconf 49' lang='lat' dir='ltr'>aa</span> 
     </span>
    </p>
   </div>
   <div class='ocr_carea' id='block_1_2' title="bbox 256 455 1559 4550">
    <p class='ocr_par' dir='ltr' id='par_1_2' title="bbox 369 455 1503 2172">
     <span class='ocr_line' id='line_1_2' title="bbox 371 455 1503 554; baseline 0.001 -26"><span class='ocrx_word' id='word_1_2' title='bbox 371 461 541 544; x_wconf 88' lang='lat' dir='ltr'>dictorum,</span> <span class='ocrx_word' id='word_1_3' title='bbox 557 464 745 547; x_wconf 81' lang='lat' dir='ltr'><strong>qualitatem</strong></span> <span class='ocrx_word' id='word_1_4' title='bbox 763 472 796 531; x_wconf 92' lang='lat' dir='ltr'>et</span> <span class='ocrx_word' id='word_1_5' title='bbox 821 466 1039 550; x_wconf 81' lang='lat' dir='ltr'>quantitatem</span> <span class='ocrx_word' id='word_1_6' title='bbox 1056 465 1160 552; x_wconf 91' lang='lat' dir='ltr'>ipsius</span> <span class='ocrx_word' id='word_1_7' title='bbox 1176 473 1282 554; x_wconf 88' lang='lat' dir='ltr'>terre,</span> <span class='ocrx_word' id='word_1_8' title='bbox 1313 465 1458 532; x_wconf 83' lang='lat' dir='ltr'>maxime</span> <span class='ocrx_word' id='word_1_9' title='bbox 1474 455 1503 532; x_wconf 85' lang='lat' dir='ltr'>si</span> 
     </span>
     <span class='ocr_line' id='line_1_3' title="bbox 371 569 1503 660; baseline 0 -22"><span class='ocrx_word' id='word_1_10' title='bbox 371 569 484 638; x_wconf 88' lang='lat' dir='ltr'>eadem</span> <span class='ocrx_word' id='word_1_11' title='bbox 502 579 587 638; x_wconf 89' lang='lat' dir='ltr'>terra</span> <span class='ocrx_word' id='word_1_12' title='bbox 603 579 711 641; x_wconf 88' lang='lat' dir='ltr'>nostre</span> <span class='ocrx_word' id='word_1_13' title='bbox 727 571 900 640; x_wconf 89' lang='lat' dir='ltr'>collacioni</span> <span class='ocrx_word' id='word_1_14' title='bbox 924 575 1027 660; x_wconf 83' lang='lat' dir='ltr'>Regie</span> <span class='ocrx_word' id='word_1_15' title='bbox 1059 574 1224 659; x_wconf 82' lang='lat' dir='ltr'>pertineat</span> <span class='ocrx_word' id='word_1_16' title='bbox 1238 595 1299 643; x_wconf 90' lang='lat' dir='ltr'>nec</span> <span class='ocrx_word' id='word_1_17' title='bbox 1314 594 1356 641; x_wconf 89' lang='lat' dir='ltr'>nc</span> <span class='ocrx_word' id='word_1_18' title='bbox 1365 625 1376 659; x_wconf 94' lang='lat'>,</span> <span class='ocrx_word' id='word_1_19' title='bbox 1407 573 1503 641; x_wconf 91' lang='lat' dir='ltr'>nobis</span> 
     </span>
     <span class='ocr_line' id='line_1_4' title="bbox 370 679 1503 767; baseline 0.001 -20"><span class='ocrx_word' id='word_1_20' title='bbox 370 679 510 747; x_wconf 88' lang='lat' dir='ltr'>fideliter</span> <span class='ocrx_word' id='word_1_21' title='bbox 525 679 739 748; x_wconf 74' lang='lat' dir='ltr'>rescriberent</span> <span class='ocrx_word' id='word_1_22' title='bbox 763 681 798 746; x_wconf 94' lang='lat' dir='ltr'>in</span> <span class='ocrx_word' id='word_1_23' title='bbox 815 701 925 748; x_wconf 89' lang='lat' dir='ltr'>eorum</span> <span class='ocrx_word' id='word_1_24' title='bbox 941 681 1058 750; x_wconf 87' lang='lat' dir='ltr'>litteris</span> <span class='ocrx_word' id='word_1_25' title='bbox 1075 682 1231 750; x_wconf 89' lang='lat' dir='ltr'>seriatim.</span> <span class='ocrx_word' id='word_1_26' title='bbox 1262 680 1356 760; x_wconf 82' lang='lat' dir='ltr'>Quod</span> <span class='ocrx_word' id='word_1_27' title='bbox 1371 681 1503 767; x_wconf 86' lang='lat' dir='ltr'>quidem</span> 
     </span>
     <span class='ocr_line' id='line_1_5' title="bbox 371 786 1503 876; baseline 0 -22"><span class='ocrx_word' id='word_1_28' title='bbox 371 786 555 872; x_wconf 84' lang='lat' dir='ltr'>Capitulum</span> <span class='ocrx_word' id='word_1_29' title='bbox 572 794 683 855; x_wconf 89' lang='lat' dir='ltr'>nostre</span> <span class='ocrx_word' id='word_1_30' title='bbox 708 788 873 856; x_wconf 86' lang='lat' dir='ltr'>Maiestati</span> <span class='ocrx_word' id='word_1_31' title='bbox 889 789 1058 876; x_wconf 78' lang='lat' dir='ltr'>rescripsit</span> <span class='ocrx_word' id='word_1_32' title='bbox 1083 791 1115 857; x_wconf 93' lang='lat' dir='ltr'>in</span> <span class='ocrx_word' id='word_1_33' title='bbox 1132 790 1218 858; x_wconf 92' lang='lat' dir='ltr'>hunc</span> <span class='ocrx_word' id='word_1_34' title='bbox 1234 789 1382 857; x_wconf 89' lang='lat' dir='ltr'>modum:</span> <span class='ocrx_word' id='word_1_35' title='bbox 1414 788 1503 872; x_wconf 92' lang='lat' dir='ltr'>quod</span> 
     </span>
     <span class='ocr_line' id='line_1_6' title="bbox 370 895 1501 984; baseline 0.003 -23"><span class='ocrx_word' id='word_1_36' title='bbox 370 895 535 981; x_wconf 89' lang='lat' dir='ltr'>predictus</span> <span class='ocrx_word' id='word_1_37' title='bbox 552 895 683 983; x_wconf 87' lang='lat' dir='ltr'>Perlym</span> <span class='ocrx_word' id='word_1_38' title='bbox 709 897 805 963; x_wconf 92' lang='lat' dir='ltr'>bomo</span> <span class='ocrx_word' id='word_1_39' title='bbox 830 904 942 966; x_wconf 91' lang='lat' dir='ltr'>noster</span> <span class='ocrx_word' id='word_1_40' title='bbox 967 905 1119 984; x_wconf 85' lang='lat' dir='ltr'>presente</span> <span class='ocrx_word' id='word_1_41' title='bbox 1144 899 1332 967; x_wconf 89' lang='lat' dir='ltr'>testimonio</span> <span class='ocrx_word' id='word_1_42' title='bbox 1357 899 1501 984; x_wconf 89' lang='lat' dir='ltr'>ipsorum</span> 
     </span>
     <span class='ocr_line' id='line_1_7' title="bbox 370 1003 1502 1094; baseline 0.001 -25"><span class='ocrx_word' id='word_1_43' title='bbox 370 1003 561 1072; x_wconf 81' lang='lat' dir='ltr'>accessisset</span> <span class='ocrx_word' id='word_1_44' title='bbox 575 1023 674 1089; x_wconf 88' lang='lat' dir='ltr'>super</span> <span class='ocrx_word' id='word_1_45' title='bbox 690 1004 835 1090; x_wconf 86' lang='lat' dir='ltr'>predicte</span> <span class='ocrx_word' id='word_1_46' title='bbox 855 1013 943 1072; x_wconf 87' lang='lat' dir='ltr'>terre</span> <span class='ocrx_word' id='word_1_47' title='bbox 973 1006 1091 1072; x_wconf 76' lang='lat' dir='ltr'>facicm</span> <span class='ocrx_word' id='word_1_48' title='bbox 1116 1005 1250 1092; x_wconf 84' lang='lat' dir='ltr'>Mathey</span> <span class='ocrx_word' id='word_1_49' title='bbox 1275 1006 1454 1094; x_wconf 89' lang='lat' dir='ltr'>antedicti,</span> <span class='ocrx_word' id='word_1_50' title='bbox 1471 1013 1502 1071; x_wconf 88' lang='lat' dir='ltr'>ct</span> 
     </span>
     <span class='ocr_line' id='line_1_8' title="bbox 369 1111 1500 1200; baseline 0.001 -23"><span class='ocrx_word' id='word_1_51' title='bbox 369 1113 474 1195; x_wconf 88' lang='lat' dir='ltr'>ipsam</span> <span class='ocrx_word' id='word_1_52' title='bbox 491 1111 642 1178; x_wconf 88' lang='lat' dir='ltr'>sciuisset</span> <span class='ocrx_word' id='word_1_53' title='bbox 658 1117 691 1178; x_wconf 92' lang='lat' dir='ltr'>et</span> <span class='ocrx_word' id='word_1_54' title='bbox 707 1112 889 1180; x_wconf 90' lang='lat' dir='ltr'>inuenisset</span> <span class='ocrx_word' id='word_1_55' title='bbox 904 1120 1015 1181; x_wconf 87' lang='lat' dir='ltr'>nostre</span> <span class='ocrx_word' id='word_1_56' title='bbox 1031 1113 1202 1181; x_wconf 86' lang='lat' dir='ltr'>collacioni</span> <span class='ocrx_word' id='word_1_57' title='bbox 1221 1114 1445 1200; x_wconf 87' lang='lat' dir='ltr'>pertinentem,</span> <span class='ocrx_word' id='word_1_58' title='bbox 1463 1133 1500 1179; x_wconf 92' lang='lat' dir='ltr'>eo</span> 
     </span>
     <span class='ocr_line' id='line_1_9' title="bbox 371 1218 1501 1305; baseline 0 -19"><span class='ocrx_word' id='word_1_59' title='bbox 371 1219 456 1302; x_wconf 89' lang='lat' dir='ltr'>quod</span> <span class='ocrx_word' id='word_1_60' title='bbox 473 1218 578 1287; x_wconf 89' lang='lat' dir='ltr'>dictus</span> <span class='ocrx_word' id='word_1_61' title='bbox 594 1219 742 1287; x_wconf 88' lang='lat' dir='ltr'>Matheus</span> <span class='ocrx_word' id='word_1_62' title='bbox 758 1220 936 1288; x_wconf 87' lang='lat' dir='ltr'>decesserit</span> <span class='ocrx_word' id='word_1_63' title='bbox 949 1219 1087 1289; x_wconf 91' lang='lat' dir='ltr'>filiorum</span> <span class='ocrx_word' id='word_1_64' title='bbox 1118 1222 1242 1290; x_wconf 90' lang='lat' dir='ltr'>solacio</span> <span class='ocrx_word' id='word_1_65' title='bbox 1259 1221 1451 1305; x_wconf 90' lang='lat' dir='ltr'>destitutus;</span> <span class='ocrx_word' id='word_1_66' title='bbox 1470 1225 1501 1288; x_wconf 88' lang='lat' dir='ltr'>et</span> 
     </span>
     <span class='ocr_line' id='line_1_10' title="bbox 372 1327 1500 1417; baseline 0 -25"><span class='ocrx_word' id='word_1_67' title='bbox 372 1327 559 1394; x_wconf 90' lang='lat' dir='ltr'>conuocatis</span> <span class='ocrx_word' id='word_1_68' title='bbox 575 1329 806 1396; x_wconf 91' lang='lat' dir='ltr'>commetaneis</span> <span class='ocrx_word' id='word_1_69' title='bbox 822 1338 854 1396; x_wconf 90' lang='lat' dir='ltr'>et</span> <span class='ocrx_word' id='word_1_70' title='bbox 870 1331 986 1398; x_wconf 88' lang='lat' dir='ltr'>uicinis</span> <span class='ocrx_word' id='word_1_71' title='bbox 1003 1331 1107 1417; x_wconf 88' lang='lat' dir='ltr'>ipsius</span> <span class='ocrx_word' id='word_1_72' title='bbox 1123 1337 1232 1415; x_wconf 91' lang='lat' dir='ltr'>terre,</span> <span class='ocrx_word' id='word_1_73' title='bbox 1259 1329 1411 1398; x_wconf 87' lang='lat' dir='ltr'>uidelicet</span> <span class='ocrx_word' id='word_1_74' title='bbox 1426 1328 1500 1394; x_wconf 88' lang='lat' dir='ltr'>Per·</span> 
     </span>
     <span class='ocr_line' id='line_1_11' title="bbox 376 1433 1499 1527; baseline 0.001 -28"><span class='ocrx_word' id='word_1_75' title='bbox 376 1433 466 1522; x_wconf 86' lang='lat' dir='ltr'>luph,</span> <span class='ocrx_word' id='word_1_76' title='bbox 483 1434 619 1502; x_wconf 84' lang='lat' dir='ltr'>blicclao</span> <span class='ocrx_word' id='word_1_77' title='bbox 635 1435 702 1502; x_wconf 92' lang='lat' dir='ltr'>filio</span> <span class='ocrx_word' id='word_1_78' title='bbox 717 1435 852 1522; x_wconf 91' lang='lat' dir='ltr'>Philipi,</span> <span class='ocrx_word' id='word_1_79' title='bbox 868 1438 1097 1506; x_wconf 89' lang='lat' dir='ltr'>Bartholomeo</span> <span class='ocrx_word' id='word_1_80' title='bbox 1106 1489 1116 1524; x_wconf 96' lang='lat'>,</span> <span class='ocrx_word' id='word_1_81' title='bbox 1141 1438 1281 1509; x_wconf 86' lang='lat' dir='ltr'>Nicolao</span> <span class='ocrx_word' id='word_1_82' title='bbox 1290 1491 1300 1527; x_wconf 94' lang='lat'>,</span> <span class='ocrx_word' id='word_1_83' title='bbox 1324 1443 1357 1504; x_wconf 92' lang='lat' dir='ltr'>et</span> <span class='ocrx_word' id='word_1_84' title='bbox 1371 1435 1499 1524; x_wconf 82' lang='lat' dir='ltr'>prefato</span> 
     </span>
     <span class='ocr_line' id='line_1_12' title="bbox 369 1541 1499 1632; baseline 0.002 -26"><span class='ocrx_word' id='word_1_85' title='bbox 369 1541 489 1608; x_wconf 86' lang='lat' dir='ltr'>Perlim</span> <span class='ocrx_word' id='word_1_86' title='bbox 509 1541 550 1608; x_wconf 92' lang='lat' dir='ltr'>de</span> <span class='ocrx_word' id='word_1_87' title='bbox 560 1543 698 1630; x_wconf 87' lang='lat' dir='ltr'>Muslan,</span> <span class='ocrx_word' id='word_1_88' title='bbox 710 1564 749 1610; x_wconf 92' lang='lat' dir='ltr'>ac</span> <span class='ocrx_word' id='word_1_89' title='bbox 764 1545 839 1630; x_wconf 89' lang='lat' dir='ltr'>alijs</span> <span class='ocrx_word' id='word_1_90' title='bbox 855 1546 1003 1630; x_wconf 83' lang='lat' dir='ltr'>cognatis</span> <span class='ocrx_word' id='word_1_91' title='bbox 1019 1565 1150 1632; x_wconf 88' lang='lat' dir='ltr'>eorum,</span> <span class='ocrx_word' id='word_1_92' title='bbox 1167 1547 1305 1614; x_wconf 89' lang='lat' dir='ltr'>eandem</span> <span class='ocrx_word' id='word_1_93' title='bbox 1321 1551 1441 1612; x_wconf 89' lang='lat' dir='ltr'>terram</span> <span class='ocrx_word' id='word_1_94' title='bbox 1458 1543 1499 1608; x_wconf 92' lang='lat' dir='ltr'>ad</span> 
     </span>
     <span class='ocr_line' id='line_1_13' title="bbox 371 1650 1499 1740; baseline 0.002 -26"><span class='ocrx_word' id='word_1_95' title='bbox 371 1672 462 1718; x_wconf 85' lang='lat' dir='ltr'>usum</span> <span class='ocrx_word' id='word_1_96' title='bbox 480 1652 575 1718; x_wconf 89' lang='lat' dir='ltr'>trium</span> <span class='ocrx_word' id='word_1_97' title='bbox 593 1657 792 1739; x_wconf 88' lang='lat' dir='ltr'>aratrorum,</span> <span class='ocrx_word' id='word_1_98' title='bbox 818 1655 903 1720; x_wconf 91' lang='lat' dir='ltr'>sicut</span> <span class='ocrx_word' id='word_1_99' title='bbox 920 1656 991 1722; x_wconf 90' lang='lat' dir='ltr'>uisu</span> <span class='ocrx_word' id='word_1_100' title='bbox 1008 1656 1220 1724; x_wconf 89' lang='lat' dir='ltr'>considerare</span> <span class='ocrx_word' id='word_1_101' title='bbox 1236 1659 1417 1740; x_wconf 90' lang='lat' dir='ltr'>potuerunt,</span> <span class='ocrx_word' id='word_1_102' title='bbox 1435 1650 1499 1718; x_wconf 89' lang='lat' dir='ltr'>sul·</span> 
     </span>
     <span class='ocr_line' id='line_1_14' title="bbox 370 1758 1498 1851; baseline 0.001 -29"><span class='ocrx_word' id='word_1_103' title='bbox 370 1758 541 1845; x_wconf 79' lang='lat' dir='ltr'>finientem,</span> <span class='ocrx_word' id='word_1_104' title='bbox 558 1759 591 1826; x_wconf 93' lang='lat' dir='ltr'>in</span> <span class='ocrx_word' id='word_1_105' title='bbox 608 1759 753 1843; x_wconf 90' lang='lat' dir='ltr'>antiquis</span> <span class='ocrx_word' id='word_1_106' title='bbox 776 1761 871 1830; x_wconf 87' lang='lat' dir='ltr'>motis</span> <span class='ocrx_word' id='word_1_107' title='bbox 888 1767 920 1828; x_wconf 92' lang='lat' dir='ltr'>et</span> <span class='ocrx_word' id='word_1_108' title='bbox 936 1764 1082 1830; x_wconf 88' lang='lat' dir='ltr'>terminis</span> <span class='ocrx_word' id='word_1_109' title='bbox 1091 1815 1101 1851; x_wconf 97' lang='lat'>,</span> <span class='ocrx_word' id='word_1_110' title='bbox 1128 1763 1292 1830; x_wconf 87' lang='lat' dir='ltr'>antedicto</span> <span class='ocrx_word' id='word_1_111' title='bbox 1309 1760 1423 1829; x_wconf 84' lang='lat' dir='ltr'>Comiti</span> <span class='ocrx_word' id='word_1_112' title='bbox 1441 1759 1498 1844; x_wconf 75' lang='lat' dir='ltr'>Sy-</span> 
     </span>
     <span class='ocr_line' id='line_1_15' title="bbox 371 1869 1498 1954; baseline 0.002 -24"><span class='ocrx_word' id='word_1_113' title='bbox 371 1869 457 1934; x_wconf 91' lang='lat' dir='ltr'>moni</span> <span class='ocrx_word' id='word_1_114' title='bbox 475 1869 651 1953; x_wconf 83' lang='lat' dir='ltr'>statuisset,</span> <span class='ocrx_word' id='word_1_115' title='bbox 668 1869 759 1934; x_wconf 92' lang='lat' dir='ltr'>nullo</span> <span class='ocrx_word' id='word_1_116' title='bbox 775 1871 905 1954; x_wconf 83' lang='lat' dir='ltr'>penitus</span> <span class='ocrx_word' id='word_1_117' title='bbox 922 1871 1159 1938; x_wconf 79' lang='lat' dir='ltr'>contradictore</span> <span class='ocrx_word' id='word_1_118' title='bbox 1176 1873 1341 1938; x_wconf 84' lang='lat' dir='ltr'>existente.</span> <span class='ocrx_word' id='word_1_119' title='bbox 1368 1869 1437 1934; x_wconf 89' lang='lat' dir='ltr'>Hoc</span> <span class='ocrx_word' id='word_1_120' title='bbox 1454 1875 1498 1932; x_wconf 92' lang='lat' dir='ltr'>ta-</span> 
     </span>
     <span class='ocr_line' id='line_1_16' title="bbox 371 1975 1499 2066; baseline -0.001 -24"><span class='ocrx_word' id='word_1_121' title='bbox 371 1995 446 2054; x_wconf 86' lang='lat' dir='ltr'>men</span> <span class='ocrx_word' id='word_1_122' title='bbox 463 1975 640 2063; x_wconf 91' lang='lat' dir='ltr'>declarato,</span> <span class='ocrx_word' id='word_1_123' title='bbox 658 1977 745 2060; x_wconf 88' lang='lat' dir='ltr'>quod</span> <span class='ocrx_word' id='word_1_124' title='bbox 756 1977 881 2045; x_wconf 84' lang='lat' dir='ltr'>‹ledote</span> <span class='ocrx_word' id='word_1_125' title='bbox 897 1980 1008 2048; x_wconf 82' lang='lat' dir='ltr'>uxoris</span> <span class='ocrx_word' id='word_1_126' title='bbox 1032 1981 1111 2048; x_wconf 87' lang='lat' dir='ltr'>dicti</span> <span class='ocrx_word' id='word_1_127' title='bbox 1128 1979 1270 2066; x_wconf 84' lang='lat' dir='ltr'>Mathey,</span> <span class='ocrx_word' id='word_1_128' title='bbox 1288 1986 1320 2044; x_wconf 86' lang='lat' dir='ltr'>ct</span> <span class='ocrx_word' id='word_1_129' title='bbox 1335 1975 1374 2044; x_wconf 93' lang='lat' dir='ltr'>de</span> <span class='ocrx_word' id='word_1_130' title='bbox 1384 1983 1499 2060; x_wconf 86' lang='lat' dir='ltr'>quarta</span> 
     </span>
     <span class='ocr_line' id='line_1_17' title="bbox 370 2081 1498 2172; baseline 0.002 -24"><span class='ocrx_word' id='word_1_131' title='bbox 370 2083 467 2148; x_wconf 88' lang='lat' dir='ltr'>trium</span> <span class='ocrx_word' id='word_1_132' title='bbox 484 2082 622 2148; x_wconf 87' lang='lat' dir='ltr'>tiliarum</span> <span class='ocrx_word' id='word_1_133' title='bbox 640 2081 782 2149; x_wconf 89' lang='lat' dir='ltr'>eiusdem</span> <span class='ocrx_word' id='word_1_134' title='bbox 793 2137 802 2170; x_wconf 96' lang='lat'>,</span> <span class='ocrx_word' id='word_1_135' title='bbox 821 2085 891 2169; x_wconf 90' lang='lat' dir='ltr'>ipsc</span> <span class='ocrx_word' id='word_1_136' title='bbox 917 2087 1032 2152; x_wconf 86' lang='lat' dir='ltr'>Comes</span> <span class='ocrx_word' id='word_1_137' title='bbox 1057 2085 1178 2172; x_wconf 81' lang='lat' dir='ltr'>Symon</span> <span class='ocrx_word' id='word_1_138' title='bbox 1204 2085 1436 2170; x_wconf 87' lang='lat' dir='ltr'>assumpsisset</span> <span class='ocrx_word' id='word_1_139' title='bbox 1452 2105 1498 2150; x_wconf 89' lang='lat' dir='ltr'>sa·</span> 
     </span>
    </p>

    <p class='ocr_par' dir='ltr' id='par_1_3' title="bbox 256 2189 1559 3468">
     <span class='ocr_line' id='line_1_18' title="bbox 256 2189 1498 2278; baseline 0.002 -24"><span class='ocrx_word' id='word_1_140' title='bbox 256 2221 259 2226; x_wconf 95' lang='lat'>·</span> <span class='ocrx_word' id='word_1_141' title='bbox 370 2189 531 2274; x_wconf 84' lang='lat' dir='ltr'>tisfacerc,</span> <span class='ocrx_word' id='word_1_142' title='bbox 548 2191 630 2257; x_wconf 91' lang='lat' dir='ltr'>sicut</span> <span class='ocrx_word' id='word_1_143' title='bbox 646 2189 822 2275; x_wconf 89' lang='lat' dir='ltr'>requireret</span> <span class='ocrx_word' id='word_1_144' title='bbox 839 2195 917 2261; x_wconf 90' lang='lat' dir='ltr'>ordo</span> <span class='ocrx_word' id='word_1_145' title='bbox 928 2193 1027 2278; x_wconf 77' lang='lat' dir='ltr'>juris.</span> <span class='ocrx_word' id='word_1_146' title='bbox 1044 2195 1111 2262; x_wconf 86' lang='lat' dir='ltr'>Nos</span> <span class='ocrx_word' id='word_1_147' title='bbox 1128 2195 1238 2278; x_wconf 90' lang='lat' dir='ltr'>itaque</span> <span class='ocrx_word' id='word_1_148' title='bbox 1254 2192 1498 2260; x_wconf 87' lang='lat' dir='ltr'>considerantes</span> 
     </span>
     <span class='ocr_line' id='line_1_19' title="bbox 370 2298 1496 2388; baseline -0.002 -24"><span class='ocrx_word' id='word_1_149' title='bbox 370 2299 543 2366; x_wconf 84' lang='lat' dir='ltr'>fidelitates</span> <span class='ocrx_word' id='word_1_150' title='bbox 561 2299 704 2367; x_wconf 88' lang='lat' dir='ltr'>eiusdem</span> <span class='ocrx_word' id='word_1_151' title='bbox 731 2298 865 2368; x_wconf 81' lang='lat' dir='ltr'>Comitis</span> <span class='ocrx_word' id='word_1_152' title='bbox 891 2301 1060 2388; x_wconf 78' lang='lat' dir='ltr'>symonis,</span> <span class='ocrx_word' id='word_1_153' title='bbox 1092 2323 1155 2388; x_wconf 89' lang='lat' dir='ltr'>que</span> <span class='ocrx_word' id='word_1_154' title='bbox 1179 2310 1290 2370; x_wconf 90' lang='lat' dir='ltr'>nostre</span> <span class='ocrx_word' id='word_1_155' title='bbox 1306 2299 1496 2368; x_wconf 84' lang='lat' dir='ltr'>Oelsitudini</span> 
     </span>
     <span class='ocr_line' id='line_1_20' title="bbox 372 2405 1495 2498; baseline 0 -24"><span class='ocrx_word' id='word_1_156' title='bbox 372 2427 444 2474; x_wconf 84' lang='lat' dir='ltr'>cnm</span> <span class='ocrx_word' id='word_1_157' title='bbox 462 2409 548 2473; x_wconf 88' lang='lat' dir='ltr'>onrni</span> <span class='ocrx_word' id='word_1_158' title='bbox 566 2405 723 2474; x_wconf 84' lang='lat' dir='ltr'>fidelitate</span> <span class='ocrx_word' id='word_1_159' title='bbox 740 2409 889 2476; x_wconf 88' lang='lat' dir='ltr'>exhibuit</span> <span class='ocrx_word' id='word_1_160' title='bbox 899 2419 931 2478; x_wconf 87' lang='lat' dir='ltr'>et</span> <span class='ocrx_word' id='word_1_161' title='bbox 941 2411 1088 2498; x_wconf 83' lang='lat' dir='ltr'>inpendit</span> <span class='ocrx_word' id='word_1_162' title='bbox 1104 2418 1139 2478; x_wconf 85' lang='lat' dir='ltr'>vt</span> <span class='ocrx_word' id='word_1_163' title='bbox 1154 2413 1290 2478; x_wconf 85' lang='lat' dir='ltr'>fideliter</span> <span class='ocrx_word' id='word_1_164' title='bbox 1306 2411 1353 2477; x_wconf 90' lang='lat' dir='ltr'>sic</span> <span class='ocrx_word' id='word_1_165' title='bbox 1369 2409 1495 2492; x_wconf 88' lang='lat' dir='ltr'>deuote,</span> 
     </span>
     <span class='ocr_line' id='line_1_21' title="bbox 370 2515 1494 2607; baseline -0.003 -27"><span class='ocrx_word' id='word_1_166' title='bbox 370 2515 530 2601; x_wconf 69' lang='lat' dir='ltr'>prefatam</span> <span class='ocrx_word' id='word_1_167' title='bbox 547 2524 667 2583; x_wconf 86' lang='lat' dir='ltr'>terram</span> <span class='ocrx_word' id='word_1_168' title='bbox 683 2517 817 2604; x_wconf 89' lang='lat' dir='ltr'>Mathey</span> <span class='ocrx_word' id='word_1_169' title='bbox 833 2519 904 2585; x_wconf 89' lang='lat' dir='ltr'>sine</span> <span class='ocrx_word' id='word_1_170' title='bbox 920 2519 1039 2586; x_wconf 88' lang='lat' dir='ltr'>herede</span> <span class='ocrx_word' id='word_1_171' title='bbox 1064 2519 1270 2607; x_wconf 86' lang='lat' dir='ltr'>decedentis,</span> <span class='ocrx_word' id='word_1_172' title='bbox 1299 2517 1426 2584; x_wconf 86' lang='lat' dir='ltr'>liuslen</span> <span class='ocrx_word' id='word_1_173' title='bbox 1442 2534 1494 2578; x_wconf 92' lang='lat' dir='ltr'>uo-</span> 
     </span>
     <span class='ocr_line' id='line_1_22' title="bbox 370 2621 1494 2711; baseline -0.003 -23"><span class='ocrx_word' id='word_1_174' title='bbox 370 2631 487 2708; x_wconf 86' lang='lat' dir='ltr'>catam,</span> <span class='ocrx_word' id='word_1_175' title='bbox 501 2626 572 2690; x_wconf 85' lang='lat' dir='ltr'>vsui</span> <span class='ocrx_word' id='word_1_176' title='bbox 585 2625 679 2691; x_wconf 89' lang='lat' dir='ltr'>trium</span> <span class='ocrx_word' id='word_1_177' title='bbox 697 2630 876 2692; x_wconf 88' lang='lat' dir='ltr'>aratrorum</span> <span class='ocrx_word' id='word_1_178' title='bbox 893 2627 1120 2711; x_wconf 83' lang='lat' dir='ltr'>sufficientem,</span> <span class='ocrx_word' id='word_1_179' title='bbox 1130 2648 1201 2693; x_wconf 89' lang='lat' dir='ltr'>cum</span> <span class='ocrx_word' id='word_1_180' title='bbox 1218 2627 1286 2693; x_wconf 89' lang='lat' dir='ltr'>suis</span> <span class='ocrx_word' id='word_1_181' title='bbox 1305 2621 1494 2692; x_wconf 83' lang='lat' dir='ltr'>utilitatibus</span> 
     </span>
     <span class='ocr_line' id='line_1_23' title="bbox 374 2729 1490 2820; baseline -0.004 -23"><span class='ocrx_word' id='word_1_182' title='bbox 374 2739 406 2797; x_wconf 89' lang='lat' dir='ltr'>et</span> <span class='ocrx_word' id='word_1_183' title='bbox 429 2729 638 2816; x_wconf 89' lang='lat' dir='ltr'>pertinencijs</span> <span class='ocrx_word' id='word_1_184' title='bbox 663 2731 847 2820; x_wconf 81' lang='lat' dir='ltr'>uniuersis,</span> <span class='ocrx_word' id='word_1_185' title='bbox 881 2733 968 2801; x_wconf 88' lang='lat' dir='ltr'>dioto</span> <span class='ocrx_word' id='word_1_186' title='bbox 985 2734 1101 2801; x_wconf 82' lang='lat' dir='ltr'>Comiti</span> <span class='ocrx_word' id='word_1_187' title='bbox 1121 2733 1268 2820; x_wconf 87' lang='lat' dir='ltr'>Symcni,</span> <span class='ocrx_word' id='word_1_188' title='bbox 1301 2739 1335 2798; x_wconf 91' lang='lat' dir='ltr'>et</span> <span class='ocrx_word' id='word_1_189' title='bbox 1349 2751 1407 2819; x_wconf 90' lang='lat' dir='ltr'>per</span> <span class='ocrx_word' id='word_1_190' title='bbox 1422 2749 1490 2794; x_wconf 88' lang='lat' dir='ltr'>enm</span> 
     </span>
     <span class='ocr_line' id='line_1_24' title="bbox 371 2836 1559 2930; baseline -0.004 -26"><span class='ocrx_word' id='word_1_191' title='bbox 371 2839 448 2922; x_wconf 86' lang='lat' dir='ltr'>filijs</span> <span class='ocrx_word' id='word_1_192' title='bbox 464 2839 531 2905; x_wconf 85' lang='lat' dir='ltr'>ruis</span> <span class='ocrx_word' id='word_1_193' title='bbox 557 2836 724 2923; x_wconf 89' lang='lat' dir='ltr'>dedimus,</span> <span class='ocrx_word' id='word_1_194' title='bbox 757 2839 948 2907; x_wconf 89' lang='lat' dir='ltr'>donauimus</span> <span class='ocrx_word' id='word_1_195' title='bbox 976 2849 1008 2908; x_wconf 94' lang='lat' dir='ltr'>et</span> <span class='ocrx_word' id='word_1_196' title='bbox 1033 2841 1226 2908; x_wconf 84' lang='lat' dir='ltr'>contulimus</span> <span class='ocrx_word' id='word_1_197' title='bbox 1257 2841 1326 2906; x_wconf 91' lang='lat' dir='ltr'>iurc</span> <span class='ocrx_word' id='word_1_198' title='bbox 1342 2843 1493 2926; x_wconf 88' lang='lat' dir='ltr'>perpetuo</span> <span class='ocrx_word' id='word_1_199' title='bbox 1558 2923 1559 2930; x_wconf 6' lang='grc' dir='ltr'>ἵ</span> 
     </span>
     <span class='ocr_line' id='line_1_25' title="bbox 371 2935 1559 3036; baseline -0.003 -25"><span class='ocrx_word' id='word_1_200' title='bbox 371 2945 614 3032; x_wconf 88' lang='lat' dir='ltr'>possidendam,</span> <span class='ocrx_word' id='word_1_201' title='bbox 641 2947 815 3014; x_wconf 89' lang='lat' dir='ltr'>tenendam</span> <span class='ocrx_word' id='word_1_202' title='bbox 842 2954 874 3015; x_wconf 90' lang='lat' dir='ltr'>et</span> <span class='ocrx_word' id='word_1_203' title='bbox 889 2949 1090 3036; x_wconf 88' lang='lat' dir='ltr'>habendam;</span> <span class='ocrx_word' id='word_1_204' title='bbox 1124 2957 1157 3016; x_wconf 91' lang='lat' dir='ltr'>et</span> <span class='ocrx_word' id='word_1_205' title='bbox 1173 2969 1245 3015; x_wconf 92' lang='lat' dir='ltr'>oum</span> <span class='ocrx_word' id='word_1_206' title='bbox 1263 2956 1429 3034; x_wconf 80' lang='lat' dir='ltr'>presentes</span> <span class='ocrx_word' id='word_1_207' title='bbox 1444 2963 1492 3008; x_wconf 92' lang='lat' dir='ltr'>re·</span> <span class='ocrx_word' id='word_1_208' title='bbox 1558 2935 1559 3024; x_wconf 74' lang='lat' dir='ltr'>l</span> 
     </span>
     <span class='ocr_line' id='line_1_26' title="bbox 368 3027 1559 3144; baseline -0.007 -22"><span class='ocrx_word' id='word_1_209' title='bbox 368 3062 496 3141; x_wconf 90' lang='lat' dir='ltr'>portate</span> <span class='ocrx_word' id='word_1_210' title='bbox 511 3054 650 3140; x_wconf 87' lang='lat' dir='ltr'>luerint,</span> <span class='ocrx_word' id='word_1_211' title='bbox 683 3076 779 3142; x_wconf 93' lang='lat' dir='ltr'>super</span> <span class='ocrx_word' id='word_1_212' title='bbox 797 3056 858 3123; x_wconf 91' lang='lat' dir='ltr'>hoc</span> <span class='ocrx_word' id='word_1_213' title='bbox 882 3064 1028 3124; x_wconf 90' lang='lat' dir='ltr'>nostrum</span> <span class='ocrx_word' id='word_1_214' title='bbox 1043 3057 1250 3144; x_wconf 87' lang='lat' dir='ltr'>priuilegium</span> <span class='ocrx_word' id='word_1_215' title='bbox 1282 3053 1492 3122; x_wconf 89' lang='lat' dir='ltr'>concedemus</span> <span class='ocrx_word' id='word_1_216' title='bbox 1558 3027 1559 3092; x_wconf 56' lang='lat' dir='ltr'>l</span> 
     </span>
     <span class='ocr_line' id='line_1_27' title="bbox 369 3159 1493 3250; baseline -0.007 -21"><span class='ocrx_word' id='word_1_217' title='bbox 369 3161 484 3230; x_wconf 84' lang='lat' dir='ltr'>Comiti</span> <span class='ocrx_word' id='word_1_218' title='bbox 500 3161 634 3250; x_wconf 85' lang='lat' dir='ltr'>Symoni</span> <span class='ocrx_word' id='word_1_219' title='bbox 649 3171 836 3230; x_wconf 89' lang='lat' dir='ltr'>memorato.</span> <span class='ocrx_word' id='word_1_220' title='bbox 852 3163 972 3231; x_wconf 91' lang='lat' dir='ltr'>Datum</span> <span class='ocrx_word' id='word_1_221' title='bbox 982 3165 1074 3234; x_wconf 90' lang='lat' dir='ltr'>Bude</span> <span class='ocrx_word' id='word_1_222' title='bbox 1091 3167 1124 3231; x_wconf 94' lang='lat' dir='ltr'>in</span> <span class='ocrx_word' id='word_1_223' title='bbox 1141 3165 1285 3232; x_wconf 88' lang='lat' dir='ltr'>crastino</span> <span class='ocrx_word' id='word_1_224' title='bbox 1304 3159 1493 3231; x_wconf 82' lang='lat' dir='ltr'>lestiuitatis</span> 
     </span>
     <span class='ocr_line' id='line_1_28' title="bbox 370 3266 1492 3356; baseline -0.004 -20"><span class='ocrx_word' id='word_1_225' title='bbox 370 3270 447 3356; x_wconf 82' lang='lat' dir='ltr'>diey</span> <span class='ocrx_word' id='word_1_226' title='bbox 463 3269 614 3338; x_wconf 90' lang='lat' dir='ltr'>Omnium</span> <span class='ocrx_word' id='word_1_227' title='bbox 630 3271 820 3340; x_wconf 85' lang='lat' dir='ltr'>Sanctorum</span> <span class='ocrx_word' id='word_1_228' title='bbox 837 3293 925 3340; x_wconf 91' lang='lat' dir='ltr'>anno</span> <span class='ocrx_word' id='word_1_229' title='bbox 941 3273 1071 3341; x_wconf 92' lang='lat' dir='ltr'>Domini</span> <span class='ocrx_word' id='word_1_230' title='bbox 1083 3275 1256 3341; x_wconf 90' lang='lat' dir='ltr'>millesimo</span> <span class='ocrx_word' id='word_1_231' title='bbox 1273 3266 1492 3340; x_wconf 89' lang='lat' dir='ltr'>ducentesimo</span> 
     </span>
     <span class='ocr_line' id='line_1_29' title="bbox 371 3377 882 3468; baseline 0.004 -24"><span class='ocrx_word' id='word_1_232' title='bbox 371 3379 582 3463; x_wconf 81' lang='lat' dir='ltr'>nonagesimo</span> <span class='ocrx_word' id='word_1_233' title='bbox 600 3399 683 3446; x_wconf 93' lang='lat' dir='ltr'>nono</span> <span class='ocrx_word' id='word_1_234' title='bbox 700 3379 729 3466; x_wconf 77' lang='lat' dir='ltr'>(l</span> <span class='ocrx_word' id='word_1_235' title='bbox 742 3377 882 3468; x_wconf 86' lang='lat' dir='ltr'>octavo).</span> 
     </span>
    </p>

    <p class='ocr_par' dir='ltr' id='par_1_4' title="bbox 358 3481 1558 4550">
     <span class='ocr_line' id='line_1_30' title="bbox 476 3481 1493 3576; baseline -0.005 -24"><span class='ocrx_word' id='word_1_236' title='bbox 476 3487 544 3554; x_wconf 90' lang='lat' dir='ltr'>Nos</span> <span class='ocrx_word' id='word_1_237' title='bbox 585 3487 696 3571; x_wconf 88' lang='lat' dir='ltr'>itaque</span> <span class='ocrx_word' id='word_1_238' title='bbox 730 3488 825 3557; x_wconf 87' lang='lat' dir='ltr'>iustis</span> <span class='ocrx_word' id='word_1_239' title='bbox 851 3496 883 3556; x_wconf 92' lang='lat' dir='ltr'>et</span> <span class='ocrx_word' id='word_1_240' title='bbox 924 3489 1078 3574; x_wconf 84' lang='lat' dir='ltr'>legitimis</span> <span class='ocrx_word' id='word_1_241' title='bbox 1112 3487 1329 3576; x_wconf 88' lang='lat' dir='ltr'>peticionibus</span> <span class='ocrx_word' id='word_1_242' title='bbox 1361 3481 1493 3574; x_wconf 81' lang='lat' dir='ltr'>(prefati</span> 
     </span>
     <span class='ocr_line' id='line_1_31' title="bbox 368 3592 1491 3685; baseline -0.004 -25"><span class='ocrx_word' id='word_1_243' title='bbox 368 3592 516 3681; x_wconf 75' lang='lat' dir='ltr'>Comiltis</span> <span class='ocrx_word' id='word_1_244' title='bbox 556 3594 706 3681; x_wconf 86' lang='lat' dir='ltr'>Symonis</span> <span class='ocrx_word' id='word_1_245' title='bbox 746 3595 969 3664; x_wconf 84' lang='lat' dir='ltr'>fauorabiliter</span> <span class='ocrx_word' id='word_1_246' title='bbox 1017 3597 1185 3685; x_wconf 88' lang='lat' dir='ltr'>inclinati,</span> <span class='ocrx_word' id='word_1_247' title='bbox 1217 3597 1381 3685; x_wconf 87' lang='lat' dir='ltr'>predictas</span> <span class='ocrx_word' id='word_1_248' title='bbox 1432 3593 1491 3657; x_wconf 91' lang='lat' dir='ltr'>lit·</span> 
     </span>
     <span class='ocr_line' id='line_1_32' title="bbox 358 3703 1492 3796; baseline -0.004 -28"><span class='ocrx_word' id='word_1_249' title='bbox 358 3713 454 3770; x_wconf 88' lang='lat' dir='ltr'>·teras</span> <span class='ocrx_word' id='word_1_250' title='bbox 471 3703 613 3790; x_wconf 87' lang='lat' dir='ltr'>(rrostras</span> <span class='ocrx_word' id='word_1_251' title='bbox 638 3703 803 3794; x_wconf 86' lang='lat' dir='ltr'>patentes)</span> <span class='ocrx_word' id='word_1_252' title='bbox 834 3727 898 3772; x_wconf 93' lang='lat' dir='ltr'>non</span> <span class='ocrx_word' id='word_1_253' title='bbox 916 3705 1071 3796; x_wconf 87' lang='lat' dir='ltr'>abrasus,</span> <span class='ocrx_word' id='word_1_254' title='bbox 1103 3729 1167 3774; x_wconf 94' lang='lat' dir='ltr'>non</span> <span class='ocrx_word' id='word_1_255' title='bbox 1198 3707 1406 3788; x_wconf 85' lang='lat' dir='ltr'>cancellatas,</span> <span class='ocrx_word' id='word_1_256' title='bbox 1427 3721 1492 3766; x_wconf 88' lang='lat' dir='ltr'>nec</span> 
     </span>
     <span class='ocr_line' id='line_1_33' title="bbox 367 3809 1492 3903; baseline -0.004 -26"><span class='ocrx_word' id='word_1_257' title='bbox 367 3809 400 3877; x_wconf 92' lang='lat' dir='ltr'>in</span> <span class='ocrx_word' id='word_1_258' title='bbox 415 3810 525 3896; x_wconf 89' lang='lat' dir='ltr'>aliqua</span> <span class='ocrx_word' id='word_1_259' title='bbox 540 3811 589 3878; x_wconf 93' lang='lat' dir='ltr'>sui</span> <span class='ocrx_word' id='word_1_260' title='bbox 606 3821 700 3899; x_wconf 87' lang='lat' dir='ltr'>parte</span> <span class='ocrx_word' id='word_1_261' title='bbox 715 3813 855 3880; x_wconf 89' lang='lat' dir='ltr'>uiciatas</span> <span class='ocrx_word' id='word_1_262' title='bbox 872 3814 911 3882; x_wconf 91' lang='lat' dir='ltr'>dc</span> <span class='ocrx_word' id='word_1_263' title='bbox 930 3815 1026 3882; x_wconf 91' lang='lat' dir='ltr'>uerbo</span> <span class='ocrx_word' id='word_1_264' title='bbox 1043 3815 1087 3881; x_wconf 93' lang='lat' dir='ltr'>ad</span> <span class='ocrx_word' id='word_1_265' title='bbox 1103 3818 1236 3884; x_wconf 86' lang='lat' dir='ltr'>uerbum</span> <span class='ocrx_word' id='word_1_266' title='bbox 1254 3810 1492 3903; x_wconf 77' lang='lat' dir='ltr'>(presenltibus</span> 
     </span>
     <span class='ocr_line' id='line_1_34' title="bbox 367 3919 1492 4009; baseline -0.003 -24"><span class='ocrx_word' id='word_1_267' title='bbox 367 3919 516 4006; x_wconf 88' lang='lat' dir='ltr'>insertas,</span> <span class='ocrx_word' id='word_1_268' title='bbox 532 3927 623 3988; x_wconf 88' lang='lat' dir='ltr'>ratas</span> <span class='ocrx_word' id='word_1_269' title='bbox 643 3922 801 3990; x_wconf 88' lang='lat' dir='ltr'>habentes</span> <span class='ocrx_word' id='word_1_270' title='bbox 833 3929 864 3989; x_wconf 87' lang='lat' dir='ltr'>et</span> <span class='ocrx_word' id='word_1_271' title='bbox 895 3931 1048 4008; x_wconf 87' lang='lat' dir='ltr'>acceptas</span> <span class='ocrx_word' id='word_1_272' title='bbox 1072 3923 1264 3990; x_wconf 87' lang='lat' dir='ltr'>auctoritate</span> <span class='ocrx_word' id='word_1_273' title='bbox 1289 3919 1492 4009; x_wconf 85' lang='lat' dir='ltr'>presencium</span> 
     </span>
     <span class='ocr_line' id='line_1_35' title="bbox 367 4027 1558 4120; baseline -0.006 -24"><span class='ocrx_word' id='word_1_274' title='bbox 367 4027 517 4097; x_wconf 89' lang='lat' dir='ltr'>duximus</span> <span class='ocrx_word' id='word_1_275' title='bbox 534 4030 784 4097; x_wconf 82' lang='lat' dir='ltr'>confirmandas.</span> <span class='ocrx_word' id='word_1_276' title='bbox 802 4029 838 4098; x_wconf 94' lang='lat' dir='ltr'>In</span> <span class='ocrx_word' id='word_1_277' title='bbox 856 4034 949 4100; x_wconf 90' lang='lat' dir='ltr'>cuius</span> <span class='ocrx_word' id='word_1_278' title='bbox 966 4033 1011 4102; x_wconf 88' lang='lat' dir='ltr'>rei</span> <span class='ocrx_word' id='word_1_279' title='bbox 1032 4033 1221 4100; x_wconf 85' lang='lat' dir='ltr'>memoriam</span> <span class='ocrx_word' id='word_1_280' title='bbox 1238 4038 1492 4120; x_wconf 86' lang='lat' dir='ltr'>perpetuamque</span> <span class='ocrx_word' id='word_1_281' title='bbox 1557 4041 1558 4084; x_wconf 72' lang='lat'>1</span> 
     </span>
     <span class='ocr_line' id='line_1_36' title="bbox 366 4133 1494 4227; baseline -0.002 -23"><span class='ocrx_word' id='word_1_282' title='bbox 366 4136 548 4204; x_wconf 78' lang='lat' dir='ltr'>firmitatem</span> <span class='ocrx_word' id='word_1_283' title='bbox 581 4145 747 4223; x_wconf 88' lang='lat' dir='ltr'>presentes</span> <span class='ocrx_word' id='word_1_284' title='bbox 778 4139 997 4208; x_wconf 86' lang='lat' dir='ltr'>concessimus</span> <span class='ocrx_word' id='word_1_285' title='bbox 1038 4141 1164 4207; x_wconf 88' lang='lat' dir='ltr'>litteras</span> <span class='ocrx_word' id='word_1_286' title='bbox 1196 4140 1355 4227; x_wconf 88' lang='lat' dir='ltr'>dupplicis</span> <span class='ocrx_word' id='word_1_287' title='bbox 1384 4133 1494 4218; x_wconf 82' lang='lat' dir='ltr'>sigilli</span> 
     </span>
     <span class='ocr_line' id='line_1_37' title="bbox 366 4242 1493 4334; baseline -0.005 -24"><span class='ocrx_word' id='word_1_288' title='bbox 366 4244 464 4310; x_wconf 91' lang='lat' dir='ltr'>nostri</span> <span class='ocrx_word' id='word_1_289' title='bbox 483 4246 659 4313; x_wconf 88' lang='lat' dir='ltr'>munimine</span> <span class='ocrx_word' id='word_1_290' title='bbox 678 4245 856 4312; x_wconf 89' lang='lat' dir='ltr'>roboratas.</span> <span class='ocrx_word' id='word_1_291' title='bbox 873 4247 994 4313; x_wconf 88' lang='lat' dir='ltr'>Datum</span> <span class='ocrx_word' id='word_1_292' title='bbox 1010 4268 1067 4334; x_wconf 90' lang='lat' dir='ltr'>per</span> <span class='ocrx_word' id='word_1_293' title='bbox 1086 4267 1201 4314; x_wconf 87' lang='lat' dir='ltr'>manus</span> <span class='ocrx_word' id='word_1_294' title='bbox 1218 4242 1407 4314; x_wconf 81' lang='lat' dir='ltr'>venerabilis</span> <span class='ocrx_word' id='word_1_295' title='bbox 1427 4262 1493 4325; x_wconf 85' lang='lat' dir='ltr'>pa-</span> 
     </span>
     <span class='ocr_line' id='line_1_38' title="bbox 365 4349 1495 4442; baseline -0.003 -25"><span class='ocrx_word' id='word_1_296' title='bbox 365 4351 424 4418; x_wconf 91' lang='lat' dir='ltr'>tris</span> <span class='ocrx_word' id='word_1_297' title='bbox 441 4352 551 4419; x_wconf 87' lang='lat' dir='ltr'>fratris</span> <span class='ocrx_word' id='word_1_298' title='bbox 567 4351 721 4438; x_wconf 87' lang='lat' dir='ltr'>Arrtbonij</span> <span class='ocrx_word' id='word_1_299' title='bbox 740 4351 779 4419; x_wconf 90' lang='lat' dir='ltr'>de</span> <span class='ocrx_word' id='word_1_300' title='bbox 796 4353 917 4420; x_wconf 87' lang='lat' dir='ltr'>Ordine</span> <span class='ocrx_word' id='word_1_301' title='bbox 928 4351 1086 4421; x_wconf 80' lang='lat' dir='ltr'>Minorem</span> <span class='ocrx_word' id='word_1_302' title='bbox 1102 4355 1178 4442; x_wconf 85' lang='lat' dir='ltr'>(Dei</span> <span class='ocrx_word' id='word_1_303' title='bbox 1195 4355 1318 4438; x_wconf 80' lang='lat' dir='ltr'>gracia)</span> <span class='ocrx_word' id='word_1_304' title='bbox 1335 4349 1495 4436; x_wconf 83' lang='lat' dir='ltr'>Episcopi</span> 
     </span>
     <span class='ocr_line' id='line_1_39' title="bbox 366 4457 1494 4550; baseline -0.004 -24"><span class='ocrx_word' id='word_1_305' title='bbox 366 4457 602 4529; x_wconf 79' lang='lat' dir='ltr'>Cluanadicnsis</span> <span class='ocrx_word' id='word_1_306' title='bbox 620 4461 693 4528; x_wconf 90' lang='lat' dir='ltr'>aule</span> <span class='ocrx_word' id='word_1_307' title='bbox 710 4469 817 4529; x_wconf 87' lang='lat' dir='ltr'>nostre</span> <span class='ocrx_word' id='word_1_308' title='bbox 833 4460 1119 4550; x_wconf 80' lang='lat' dir='ltr'>viee-dancettarij</span> <span class='ocrx_word' id='word_1_309' title='bbox 1138 4461 1248 4532; x_wconf 88' lang='lat' dir='ltr'>dilecti</span> <span class='ocrx_word' id='word_1_310' title='bbox 1266 4469 1298 4527; x_wconf 91' lang='lat' dir='ltr'>et</span> <span class='ocrx_word' id='word_1_311' title='bbox 1314 4459 1408 4527; x_wconf 79' lang='lat' dir='ltr'>tidelis</span> <span class='ocrx_word' id='word_1_312' title='bbox 1429 4475 1494 4522; x_wconf 88' lang='lat' dir='ltr'>uo·</span> 
     </span>
    </p>
   </div>
   <div class='ocr_carea' id='block_1_3' title="bbox 0 0 1564 5172">
    <p class='ocr_par' dir='ltr' id='par_1_5' title="bbox 0 0 1564 5172">
     <span class='ocr_line' id='line_1_40' title="bbox 0 0 1564 5172; baseline 0 1"><span class='ocrx_word' id='word_1_313' title='bbox 0 0 1564 5172; x_wconf 95' lang='lat' dir='ltr'> </span> 
     </span>
    </p>
   </div>
  </div>
 </body>
</html>
