3112 5158
110 1165 160 1229 Aa
176 1168 245 1250 equi
261 1165 484 1252 lociptclaouak
491 1167 641 1251 jelcnttsc
671 1169 736 1232 ΙΙΙ.
754 1170 865 1236 mauce
881 1171 1063 1254 kirdlyltoz,
1080 1175 1164 1260 kopp
1179 1176 1239 1239 Be·

240 1296 296 1338 eeu
311 1275 436 1360 ltelyec'p
452 1275 560 1338 Punici
576 1276 748 1342 Jakotnak
763 1280 985 1344 aictudltatott.
1008 1280 1106 1344 1292.

217 1467 500 1536 Excellentissimo
517 1469 647 1537 domino
662 1491 731 1552 suo,
748 1471 878 1540 domino
902 1473 1031 1542 Andree
1049 1477 1109 1542 Dei
1126 1479 1239 1561 gracia

108 1575 231 1642 lllustri
249 1575 330 1659 Regi
356 1576 525 1660 Hungarie
551 1575 737 1664 Capitulum
754 1580 900 1648 Ecclesic
916 1581 1085 1665 Agriensis
1114 1585 1236 1652 oracio·

108 1703 167 1750 nes
183 1685 218 1750 in
233 1684 373 1752 Domino
391 1705 464 1750 cum
480 1695 638 1771 perpetua
647 1687 815 1757 fidelitate.
833 1690 973 1756 Litteras
991 1696 1098 1759 vestre
1114 1693 1236 1776 Magni·

108 1791 232 1859 tudinis
248 1792 430 1878 recepimus
447 1795 671 1882 continentes,
700 1797 785 1879 quod
811 1817 910 1864 vnum
926 1817 966 1864 cx
983 1798 1076 1866 nobis
1096 1798 1237 1867 mittere-

107 1920 178 1966 mus
194 1919 253 1986 pro
269 1901 467 1986 testimonio,
492 1921 602 1969 coram
619 1923 682 1988 quo
699 1903 887 1972 Felicianus
905 1905 945 1971 dc
962 1905 1130 1972 Matheuth
1146 1905 1234 1974 ioba·

105 2010 160 2092 gio
179 2006 285 2075 (lustri
301 2007 343 2075 de
360 2009 459 2092 Hung
474 2008 569 2076 homo
585 2018 695 2077 vester
710 2016 831 2077 terram
847 2033 904 2079 seu
920 2016 1159 2098 possessionem
1176 2016 1234 2082 Be-

106 2136 168 2182 zeu
184 2125 343 2204 vocamm,
356 2118 404 2183 ad·
413 2117 561 2185 Castrum
571 2119 741 2202 Hungwar
749 2119 960 2205 pertinentem
977 2129 1009 2188 et
1023 2123 1057 2188 in
1073 2123 1234 2190 Comitatn

106 2223 146 2288 de
161 2223 260 2307 Hnng
278 2225 483 2310 existentem,
500 2227 691 2293 consonatis
717 2228 949 2295 commetaneis
975 2235 1007 2296 ct
1032 2230 1148 2297 vicinis
1164 2211 1233 2298 uni·

106 2331 212 2398 uersis
230 2331 345 2398 Oomiti
360 2333 484 2400 Jacobo
495 2333 563 2400 lilio
580 2331 715 2399 Comitis
732 2334 881 2422 cregonj
900 2335 942 2403 de
956 2338 1052 2403 Panlx
1067 2345 1233 2425 statueret,

111 2437 139 2504 si
150 2459 215 2505 non
227 2440 316 2506 fieret
326 2441 569 2525 contradictum,
581 2441 835 2508 contradictores
846 2462 921 2510 vero
933 2441 960 2509 si
978 2443 1034 2528 qui
1051 2445 1176 2532 tierent,
1188 2445 1231 2513 ad

102 2555 244 2613 uestram
269 2550 469 2634 presenciam
489 2550 632 2634 legitime
664 2550 851 2616 citarentur.
884 2551 951 2616 Nos
982 2551 1091 2635 itaque
1116 2551 1231 2620 vestris

102 2656 269 2741 preceptis
301 2655 487 2723 obedientes
513 2663 707 2740 reuerenter,
734 2665 768 2722 ut
794 2664 947 2740 tenemur,
970 2658 1115 2724 misimus
1132 2679 1229 2726 vnum

101 2781 143 2827 ex
159 2761 254 2828 nobis
270 2781 342 2828 cum
374 2763 519 2847 predicto
545 2763 712 2831 Feliciano
739 2764 866 2830 homine
883 2771 988 2832 vestro
1013 2763 1057 2830 ad
1073 2767 1231 2850 premissa

99 2869 258 2936 mandata
283 2876 393 2936 vestra
419 2871 646 2954 exsequenda3
680 2871 735 2954 qni
762 2870 891 2937 demum
923 2871 966 2940 ad
997 2892 1055 2939 nos
1081 2891 1230 2942 reuersus

98 2999 173 3046 cum
191 2977 306 3047 eodem
338 2979 508 3064 recitauit,
526 2981 611 3062 quod
641 2979 805 3063 predictus
829 2979 926 3048 homo
941 2986 1048 3047 vester
1064 2979 1134 3066 ipso
1159 3003 1228 3066 pre·

96 3093 199 3170 sente,
214 3088 403 3154 conuocatis
428 3085 576 3151 omnibus
608 3086 836 3154 commetaneis
868 3095 900 3153 et
916 3085 1031 3153 vicinis
1045 3088 1225 3172 predictam

96 3195 339 3278 possessionem
364 3195 489 3279 Bezcu,
522 3213 579 3261 seu
611 3199 730 3260 terram
757 3193 790 3258 in
821 3193 967 3279 predicto
992 3193 1155 3263 Comitatn
1187 3196 1228 3262 de

96 3303 175 3387 Vng
189 3301 394 3391 existentem,
412 3321 469 3387 per
492 3309 619 3370 ueteres
644 3311 749 3371 metas
780 3304 1058 3388 reambulassent,
1091 3311 1123 3370 et
1137 3305 1227 3372 nullo

93 3411 336 3479 contradictore
362 3410 523 3478 existente
549 3410 667 3479 Comiti
682 3412 808 3479 Jacobs
833 3411 899 3477 filio
917 3410 1052 3494 Gregori
1071 3410 1112 3477 de
1129 3411 1226 3478 Pank

92 3518 314 3604 prenominati
331 3519 524 3586 statuissent
548 3525 703 3605 perpetuo
720 3515 963 3604 possidendam.
979 3519 1084 3586 Metee
1100 3537 1176 3585 vcro
1194 3527 1226 3587 et

91 3628 235 3712 termini,
260 3629 378 3712 quibus
405 3625 519 3693 eadem
536 3625 700 3711 possessio
726 3648 783 3693 seu
808 3633 896 3694 terra
920 3629 1035 3696 Bezow
1050 3635 1166 3694 vocata
1183 3629 1226 3694 ab

88 3735 172 3819 alijs
186 3735 279 3802 terris
304 3735 609 3802 circumiacentibus
641 3733 829 3817 distingitur
846 3739 878 3799 et
893 3741 1075 3819 separatur,
1092 3733 1153 3800 hoc
1171 3755 1224 3800 or·

88 3841 174 3908 dine
190 3842 368 3926 procedunt
384 3847 415 3907 ct
435 3841 673 3925 distinguntur:
704 3839 789 3926 quod
814 3841 919 3926 prima
943 3848 1031 3906 meta
1057 3840 1173 3926 incipit
1188 3843 1221 3908 in

87 3947 237 4033 quodam
254 3950 335 4034 loco,
352 3951 408 4016 vbi
424 3949 555 4032 qnidam
565 3949 684 4016 fluuius
695 3947 846 4034 chaprad
862 3955 996 4016 vocatus
1012 3949 1100 4015 cadit
1115 3949 1149 4016 in
1164 3949 1221 4020 ilu:

86 4058 184 4125 nium
200 4057 327 4124 Zethna
350 4057 569 4142 nominatum;
595 4065 627 4123 ct
652 4055 729 4146 inde
753 4056 787 4121 in
814 4056 925 4122 eodem
952 4057 1050 4122 fluuio
1069 4053 1221 4140 Chaprad

18 4169 20 4177 “
82 4167 229 4232 ulterius
245 4163 405 4231 currendo
422 4165 524 4232 tendit
549 4167 696 4252 superius
712 4185 826 4233 versus
850 4167 1019 4250 orientem,
1037 4171 1069 4230 et
1085 4163 1221 4231 ulterius

80 4273 297 4361 procedendo
323 4273 403 4340 satis
429 4273 462 4338 in
488 4274 572 4341 bono
598 4273 708 4360 spacio
734 4271 899 4341 incudem
930 4273 999 4338 exit
1029 4272 1172 4358 abipso,
1190 4279 1222 4338 et

79 4381 227 4450 ulterius
259 4382 359 4448 currit
389 4381 432 4447 ad
448 4388 575 4466 partem
600 4381 845 4449 meridionalem
862 4379 903 4446 de
934 4377 1058 4464 eodem,
1073 4377 1128 4444 vbi
1145 4387 1220 4446 sunt

79 4491 153 4559 duc
173 4495 259 4556 mete
274 4496 400 4574 terres,
417 4496 449 4554 et
466 4487 585 4556 abhinc
596 4489 732 4556 ulterius
745 4487 957 4556 discurrendo
973 4485 1077 4570 magis
1095 4484 1137 4552 ad
1153 4487 1219 4573 pla·

77 4617 166 4684 gam
184 4592 438 4680 meridionalem,
450 4595 596 4663 extendit
614 4615 650 4664 se
665 4596 709 4662 ad
724 4617 820 4664 unam
832 4595 1008 4680 planiciem
1026 4596 1146 4681 liptetlz
1164 4615 1218 4662 uo·

130 4731 242 4770 nouus.
259 4730 343 4769 susc.
359 4730 431 4772 nisu.
449 4741 493 4756 -
508 4731 580 4770 nuru.
597 4725 634 4770 18.
1036 4701 1057 4764 6
