3132 5162
676 299 721 363 39

129 493 238 562 obium
254 493 376 562 socium
394 497 426 557 et
443 495 695 560 concanonicum
712 501 856 561 nostrum
874 493 1021 562 misimus
1035 513 1095 579 pro
1120 493 1257 561 testimo-

128 605 183 670 nio
198 601 273 687 3qui
288 601 418 668 demum
428 601 473 666 ad
488 621 547 668 nos
563 602 735 674 redeuntes
750 601 843 670 nobis
854 601 1055 670 concorditer
1066 602 1257 689 retulerunt,

129 711 216 795 quod
249 708 426 795 predictam
461 716 581 776 terram
616 711 740 777 luanch
775 711 981 796 presentibus
1006 711 1261 778 commetanneis

128 817 197 884 suis
214 824 246 884 et
261 815 379 882 uicinis
395 816 666 904 reambulassent,
683 817 772 883 iuxta
787 824 915 884 ueteres
940 819 1042 884 metes
1067 835 1170 884 nouas
1196 816 1256 884 eri·

128 923 247 1010 gendo,
263 922 507 991 constituissent
524 923 668 992 discreto
682 924 751 991 viro
768 924 925 1008 Magistro
940 921 1113 991 Theodoro
1142 925 1260 1012 Prepo·
1318 917 1319 920 '

128 1033 191 1100 sito
208 1030 356 1099 Ecclesia
370 1030 535 1118 Albensis,
553 1030 630 1098 aule
646 1030 790 1100 illustris
816 1030 916 1114 Regis
930 1029 1099 1097 karissimi
1125 1051 1256 1100 consor·

126 1139 170 1208 tis
186 1138 286 1206 nostri
302 1137 580 1205 Uieecanrellario
597 1145 630 1204 et
646 1136 801 1204 iratribus
817 1137 970 1222 eiusdem,
989 1137 1115 1204 nemine
1134 1145 1260 1206 contra·

127 1245 251 1314 dicture
277 1246 448 1313 existente.
474 1245 573 1312 Cuius
600 1245 729 1329 quidem
754 1252 839 1314 terre
864 1252 967 1311 metas
983 1244 1092 1312 taliter
1102 1243 1256 1313 distinxe-
1336 1288 1338 1292 -

129 1361 222 1440 runt,
236 1353 323 1438 quod
339 1375 360 1420 a
375 1359 467 1439 parte
478 1353 735 1438 septemtrionali
746 1353 833 1420 circa
842 1361 962 1420 terram
974 1354 1105 1440 Georgij
1116 1360 1149 1420 et
1158 1351 1254 1423 Inata

124 1468 201 1529 sunt
216 1460 281 1530 dne
296 1467 381 1528 mete
398 1469 519 1544 terres,
537 1459 653 1527 deinde
669 1459 759 1528 uadit
777 1479 891 1528 uersus
916 1467 1042 1547 partem
1067 1461 1258 1529 orientalem

124 1567 313 1640 uansiendo
339 1568 527 1635 Danubium
568 1568 611 1634 ad
638 1567 786 1634 insulam
808 1567 1070 1655 luanchzygetbe
1095 1576 1256 1653 uocatam,
1337 1646 1346 1652 ,

127 1677 183 1744 ubi
200 1683 275 1744 sunt
292 1674 354 1741 due
380 1685 483 1760 mete;
509 1675 628 1741 deinde
654 1675 859 1760 progreditur
884 1676 926 1743 ad
954 1674 1151 1756 Geresfuen3
1179 1675 1257 1740 inde

126 1803 204 1849 uero
218 1782 311 1850 uadit
342 1783 386 1848 ad
409 1781 595 1848 Danubium
620 1781 737 1868 Regis;
764 1783 882 1852 deinde
907 1781 997 1848 uadit
1022 1781 1066 1848 ad
1090 1779 1254 1864 Fassuen;

127 1888 204 1956 inde
218 1910 296 1958 uero
310 1888 460 1975 procedit
476 1889 563 1956 eirea
579 1897 698 1956 terram
714 1890 847 1976 Matbey
863 1889 922 1972 diij
940 1889 1077 1956 Paroath
1104 1888 1148 1953 ad
1173 1886 1252 1954 ocei-
1339 1897 1341 1902 '

125 1997 265 2080 dentem,
283 2005 316 2062 et
331 1997 451 2063 transit
468 1998 655 2064 Danubium
672 1999 785 2064 subtus
802 1995 965 2080 quoddam
983 1996 1052 2083 fus,
1068 2002 1101 2062 et
1116 2002 1192 2062 sunt
1208 1995 1254 2062 ibi

125 2103 187 2170 duc
202 2111 308 2187 mete,
326 2101 444 2170 deinde
461 2105 606 2170 metatim
623 2103 828 2191 prcoedend>
856 2103 948 2170 uadit
963 2102 1006 2169 ad
1031 2108 1153 2169 terram
1180 2101 1255 2170 chi·

125 2209 190 2276 bok
206 2209 397 2296 Michaelis,
415 2210 491 2276 inde
506 2231 583 2278 uero
600 2209 747 2296 procedit
763 2229 876 2278 uersus
886 2211 1150 2295 septemtrionem
1162 2209 1254 2275 eirea

125 2337 276 2402 magnam
292 2319 381 2385 uiam
397 2317 441 2384 ad
457 2319 636 2404 predictam
653 2325 772 2383 terram
791 2315 924 2403 Georgij
943 2324 975 2383 et
999 2315 1129 2401 Inatha,
1155 2323 1187 2382 et
1203 2315 1250 2382 ibi

126 2431 200 2491 sunt
215 2423 277 2491 due
293 2432 388 2510 mete,
406 2431 438 2490 et
454 2425 499 2491 ibi
510 2425 722 2491 terminantur
734 2431 817 2492 mete
828 2432 912 2492 terre
923 2425 1116 2510 supradicte.
1129 2425 1248 2491 Datum

125 2531 159 2598 in
174 2533 290 2616 vigilia
304 2531 424 2598 Sancte
440 2531 619 2598 Katberinc
638 2532 788 2617 Virginis.

233 2641 302 2706 Nos
325 2639 437 2721 itaque
463 2638 586 2705 interne
611 2639 883 2724 consideracionis
910 2639 1013 2706 oeulis
1046 2643 1269 2716 recensentes,

128 2747 270 2814 eiusdem
287 2743 480 2814 venerabilis
496 2746 559 2812 viri
574 2746 724 2830 Magistri
739 2745 899 2813 Theodori
915 2746 1076 2830 Prepesiti
1101 2745 1255 2812 Albensis

128 2875 308 2941 supremam
324 2855 566 2942 prerogatiuam
595 2861 627 2920 et
642 2854 889 2941 preroganciam
915 2853 1111 2938 meritorum,
1138 2851 1254 2935 quibus

129 2961 220 3028 nobis
236 2961 322 3027 circa
338 2961 437 3028 inicia
452 2961 640 3029 celebrandi
656 2960 851 3044 matrimonij
864 2959 987 3027 Diuina
997 2960 1252 3046 dispensacione

131 3069 243 3137 celitus
260 3068 415 3155 ordinati,
431 3088 504 3135 oum
520 3070 613 3136 iuxta
623 3067 807 3135 Salomonis
823 3067 1021 3154 sapienciam
1033 3067 1250 3149 coniugiuma

128 3175 265 3243 Domino
283 3183 480 3262 preparetur,
497 3177 603 3245 astitit
614 3181 646 3242 et
670 3173 764 3242 affuit
779 3175 848 3240 suis
863 3173 1029 3257 obsequijs
1056 3173 1254 3258 repetendis,

126 3283 298 3368 permulta
315 3291 473 3350 terrarum
490 3282 603 3366 spacia
619 3283 702 3352 inter
717 3287 829 3348 nostra
845 3280 1004 3346 incolatus
1021 3279 1164 3344 dominia
1180 3297 1252 3345 uer·

125 3410 180 3456 sus
195 3389 364 3456 Poloniam
381 3389 588 3476 peragrando
604 3389 671 3456 suis
687 3388 864 3476 laboribus,
884 3394 917 3452 et
933 3406 1061 3453 suorum
1079 3405 1118 3452 ao
1142 3386 1253 3472 inpen-

126 3496 190 3580 dijs
204 3497 348 3581 proprijs
364 3517 429 3563 non
445 3493 620 3583 parcendo,
639 3503 830 3579 gratumque
846 3494 942 3564 nobis
959 3513 1086 3580 semper
1102 3512 1182 3577 erga
1193 3513 1249 3561 au·

124 3603 190 3670 lam
204 3601 344 3687 Regiam
354 3613 387 3670 et
397 3604 577 3671 extrinsece
588 3603 622 3670 in
632 3605 754 3670 nostris
765 3603 1032 3672 ministerialibus
1042 3607 1074 3670 et
1082 3601 1197 3687 officijs
1207 3603 1253 3667 in·

123 3708 267 3795 penderit
276 3711 480 3797 famulatum,
499 3719 533 3778 ut
549 3711 648 3796 digne
668 3709 939 3778 remuneracionis
950 3707 1064 3776 brauio
1076 3707 1189 3774 merito
1201 3709 1254 3775 de·

125 3821 199 3886 beat
216 3818 565 3906 anostraOelsitudine
580 3817 737 3903 insigniri,
748 3816 923 3900 multisque
940 3815 1071 3882 laudum
1088 3815 1252 3898 preconijs

121 3927 157 3991 in
173 3927 380 4012 expedicione
392 3927 494 4012 Regia
514 3933 627 3996 eontra
646 3925 811 3992 dominum
827 3924 994 3990 Albertum
1007 3923 1168 3988 illustrem
1188 3923 1253 3988 Du-

122 4053 191 4101 cem
203 4036 505 4104 AustrieDiuinitus
516 4035 699 4118 informata,
710 4033 765 4099 ubi
775 4052 885 4100 seeum
896 4034 1099 4118 pertraxerat
1109 4029 1251 4098 multitu·

120 4139 229 4209 dinem
239 4143 398 4210 nobilium
409 4151 614 4226 armatorum,
626 4141 838 4228 probabiliter
847 4138 1099 4222 commendetur,
1111 4143 1143 4204 et
1152 4155 1251 4222 gene·

122 4249 235 4317 raliter
251 4250 360 4320 omnia
376 4249 480 4336 Regni
496 4251 632 4334 negocia
648 4248 718 4316 eius
734 4247 872 4334 prouido
888 4253 921 4314 et
936 4244 1085 4330 prudenti
1115 4243 1253 4312 consilio

121 4355 349 4440 disponantur.
359 4358 397 4422 In
409 4357 564 4424 solacium
577 4362 608 4422 et
624 4355 770 4422 solamen
787 4351 1019 4420 uenerabilium
1035 4357 1069 4418 et
1086 4351 1248 4420 exoellen·

117 4464 211 4531 cium
224 4465 420 4550 meritorum,
439 4483 500 4546 quo
510 4469 672 4548 nequeunt
682 4462 849 4530 commode
859 4461 1067 4548 presentibus
1078 4459 1248 4546 explicari,

115 4571 238 4641 dictam
249 4581 374 4644 terram
387 4573 532 4662 Iwanch,
542 4593 616 4642 oum
626 4572 775 4642 omnibus
785 4571 981 4642 utilitatibus
990 4569 1068 4658 suis,
1080 4569 1184 4656 siluis,
1202 4589 1251 4638 aa·
