<?xml version="1.0" encoding="UTF-8"?>
<!DOCTYPE html PUBLIC "-//W3C//DTD XHTML 1.0 Transitional//EN"
    "http://www.w3.org/TR/xhtml1/DTD/xhtml1-transitional.dtd">
<html xmlns="http://www.w3.org/1999/xhtml" xml:lang="en" lang="en">
 <head>
  <title>
</title>
<meta http-equiv="Content-Type" content="text/html;charset=utf-8" />
  <meta name='ocr-system' content='tesseract 3.04.00' />
  <meta name='ocr-capabilities' content='ocr_page ocr_carea ocr_par ocr_line ocrx_word'/>
</head>
<body>
  <div class='ocr_page' id='page_1' title='image "./codexdiplomatic19wenzgoog_0110.png"; bbox 0 0 3112 5158; ppageno 0'>
   <div class='ocr_carea' id='block_1_1' title="bbox 331 1031 1444 1227">
    <p class='ocr_par' dir='ltr' id='par_1_1' title="bbox 331 1031 1444 1227">
     <span class='ocr_line' id='line_1_1' title="bbox 331 1031 1444 1122; baseline -0.004 -22"><span class='ocrx_word' id='word_1_1' title='bbox 331 1032 421 1120; x_wconf 79' lang='lat' dir='ltr'>Apor</span> <span class='ocrx_word' id='word_1_2' title='bbox 437 1046 549 1102; x_wconf 79' lang='lat' dir='ltr'>mester</span> <span class='ocrx_word' id='word_1_3' title='bbox 560 1033 714 1122; x_wconf 73' lang='lat' dir='ltr'>puaesonpi</span> <span class='ocrx_word' id='word_1_4' title='bbox 722 1033 934 1119; x_wconf 75' lang='lat' dir='ltr'>ftisputoouk</span> <span class='ocrx_word' id='word_1_5' title='bbox 950 1031 1047 1118; x_wconf 82' lang='lat' dir='ltr'>Apko</span> <span class='ocrx_word' id='word_1_6' title='bbox 1068 1041 1146 1098; x_wconf 75' lang='lat' dir='ltr'>nouit</span> <span class='ocrx_word' id='word_1_7' title='bbox 1161 1033 1287 1118; x_wconf 75' lang='lat' dir='ltr'>heipotp</span> <span class='ocrx_word' id='word_1_8' title='bbox 1306 1034 1444 1099; x_wconf 73' lang='lat' dir='ltr'>totdroit</span> 
     </span>
     <span class='ocr_line' id='line_1_2' title="bbox 628 1137 1147 1227; baseline -0.01 -21"><span class='ocrx_word' id='word_1_9' title='bbox 628 1141 816 1227; x_wconf 70' lang='lat' dir='ltr'>szabdlyozo</span> <span class='ocrx_word' id='word_1_10' title='bbox 830 1137 1031 1206; x_wconf 72' lang='lat' dir='ltr'>iottzkedtse.</span> <span class='ocrx_word' id='word_1_11' title='bbox 1049 1140 1147 1204; x_wconf 83' lang='lat'><em>1291.</em></span> 
     </span>
    </p>
   </div>
   <div class='ocr_carea' id='block_1_2' title="bbox 320 1315 1536 3021">
    <p class='ocr_par' dir='ltr' id='par_1_2' title="bbox 320 1315 1536 3021">
     <span class='ocr_line' id='line_1_3' title="bbox 434 1315 1442 1404; baseline 0 -20"><span class='ocrx_word' id='word_1_12' title='bbox 434 1315 673 1402; x_wconf 76' lang='lat' dir='ltr'>Nos&#39;Mogister</span> <span class='ocrx_word' id='word_1_13' title='bbox 689 1318 808 1404; x_wconf 83' lang='lat' dir='ltr'>Opowr</span> <span class='ocrx_word' id='word_1_14' title='bbox 823 1316 938 1382; x_wconf 80' lang='lat' dir='ltr'>(tomos</span> <span class='ocrx_word' id='word_1_15' title='bbox 965 1315 1170 1383; x_wconf 88' lang='lat' dir='ltr'>Posoniensis</span> <span class='ocrx_word' id='word_1_16' title='bbox 1200 1317 1352 1384; x_wconf 89' lang='lat' dir='ltr'>memorie</span> <span class='ocrx_word' id='word_1_17' title='bbox 1368 1339 1442 1386; x_wconf 88' lang='lat' dir='ltr'>oon-</span> 
     </span>
     <span class='ocr_line' id='line_1_4' title="bbox 327 1423 1441 1510; baseline 0 -18"><span class='ocrx_word' id='word_1_18' title='bbox 327 1425 518 1493; x_wconf 86' lang='lat' dir='ltr'>mendantes</span> <span class='ocrx_word' id='word_1_19' title='bbox 542 1427 766 1510; x_wconf 76' lang='lat' dir='ltr'>significamus</span> <span class='ocrx_word' id='word_1_20' title='bbox 787 1425 904 1509; x_wconf 87' lang='lat' dir='ltr'>quibus</span> <span class='ocrx_word' id='word_1_21' title='bbox 937 1423 1067 1510; x_wconf 79' lang='lat' dir='ltr'>expedit</span> <span class='ocrx_word' id='word_1_22' title='bbox 1097 1423 1269 1510; x_wconf 77' lang='lat' dir='ltr'>uniuersis,</span> <span class='ocrx_word' id='word_1_23' title='bbox 1287 1426 1375 1508; x_wconf 86' lang='lat' dir='ltr'>quod</span> <span class='ocrx_word' id='word_1_24' title='bbox 1390 1447 1441 1493; x_wconf 90' lang='lat' dir='ltr'>nos</span> 
     </span>
     <span class='ocr_line' id='line_1_5' title="bbox 327 1515 1534 1626; baseline 0.002 -28"><span class='ocrx_word' id='word_1_25' title='bbox 327 1533 406 1600; x_wconf 81' lang='lat' dir='ltr'>risis</span> <span class='ocrx_word' id='word_1_26' title='bbox 422 1515 539 1600; x_wconf 86' lang='lat' dir='ltr'>litteris</span> <span class='ocrx_word' id='word_1_27' title='bbox 565 1533 686 1600; x_wconf 90' lang='lat' dir='ltr'>domini</span> <span class='ocrx_word' id='word_1_28' title='bbox 710 1532 811 1600; x_wconf 88' lang='lat' dir='ltr'>nostri</span> <span class='ocrx_word' id='word_1_29' title='bbox 827 1533 926 1615; x_wconf 81' lang='lat' dir='ltr'>Regis</span> <span class='ocrx_word' id='word_1_30' title='bbox 950 1553 1046 1618; x_wconf 86' lang='lat' dir='ltr'>snper</span> <span class='ocrx_word' id='word_1_31' title='bbox 1062 1530 1148 1599; x_wconf 80' lang='lat' dir='ltr'>teoto</span> <span class='ocrx_word' id='word_1_32' title='bbox 1174 1532 1340 1599; x_wconf 84' lang='lat' dir='ltr'>ouiusdam</span> <span class='ocrx_word' id='word_1_33' title='bbox 1366 1540 1443 1601; x_wconf 87' lang='lat' dir='ltr'>terre</span> <span class='ocrx_word' id='word_1_34' title='bbox 1533 1545 1534 1626; x_wconf 55' lang='lat' dir='ltr'>p</span> 
     </span>
     <span class='ocr_line' id='line_1_6' title="bbox 326 1639 1534 1725; baseline -0.001 -18"><span class='ocrx_word' id='word_1_35' title='bbox 326 1639 433 1707; x_wconf 81' lang='lat' dir='ltr'>Gustri</span> <span class='ocrx_word' id='word_1_36' title='bbox 466 1641 674 1708; x_wconf 87' lang='lat' dir='ltr'>Posoniensis</span> <span class='ocrx_word' id='word_1_37' title='bbox 689 1639 931 1725; x_wconf 81' lang='lat' dir='ltr'>Apknroonto,</span> <span class='ocrx_word' id='word_1_38' title='bbox 962 1658 1021 1725; x_wconf 86' lang='lat' dir='ltr'>per</span> <span class='ocrx_word' id='word_1_39' title='bbox 1036 1639 1176 1724; x_wconf 88' lang='lat' dir='ltr'>Nioolin,</span> <span class='ocrx_word' id='word_1_40' title='bbox 1207 1640 1312 1724; x_wconf 80' lang='lat' dir='ltr'><strong>Isaac,</strong></span> <span class='ocrx_word' id='word_1_41' title='bbox 1331 1641 1441 1708; x_wconf 82' lang='lat' dir='ltr'>Ladiu-</span> <span class='ocrx_word' id='word_1_42' title='bbox 1533 1703 1534 1706; x_wconf 74' lang='grc'>,</span> 
     </span>
     <span class='ocr_line' id='line_1_7' title="bbox 326 1747 1442 1834; baseline 0.003 -20"><span class='ocrx_word' id='word_1_43' title='bbox 326 1749 425 1834; x_wconf 86' lang='lat' dir='ltr'>laum,</span> <span class='ocrx_word' id='word_1_44' title='bbox 451 1750 637 1832; x_wconf 83' lang='lat' dir='ltr'>Andream,</span> <span class='ocrx_word' id='word_1_45' title='bbox 664 1749 766 1814; x_wconf 83' lang='lat' dir='ltr'>[leues</span> <span class='ocrx_word' id='word_1_46' title='bbox 793 1755 825 1814; x_wconf 91' lang='lat' dir='ltr'>et</span> <span class='ocrx_word' id='word_1_47' title='bbox 839 1749 994 1814; x_wconf 83' lang='lat' dir='ltr'>Jacobum</span> <span class='ocrx_word' id='word_1_48' title='bbox 1020 1747 1211 1831; x_wconf 82' lang='lat' dir='ltr'>iobogionos</span> <span class='ocrx_word' id='word_1_49' title='bbox 1230 1747 1338 1813; x_wconf 77' lang='lat' dir='ltr'>casui</span> <span class='ocrx_word' id='word_1_50' title='bbox 1353 1749 1442 1817; x_wconf 92' lang='lat' dir='ltr'>Poso-</span> 
     </span>
     <span class='ocr_line' id='line_1_8' title="bbox 326 1854 1445 1942; baseline 0.003 -22"><span class='ocrx_word' id='word_1_51' title='bbox 326 1855 449 1922; x_wconf 87' lang='lat' dir='ltr'>niensis</span> <span class='ocrx_word' id='word_1_52' title='bbox 465 1857 559 1924; x_wconf 90' lang='lat' dir='ltr'>nobis</span> <span class='ocrx_word' id='word_1_53' title='bbox 584 1855 756 1938; x_wconf 77' lang='lat' dir='ltr'>exhibitis,</span> <span class='ocrx_word' id='word_1_54' title='bbox 781 1855 888 1940; x_wconf 81' lang='lat' dir='ltr'>ipsam</span> <span class='ocrx_word' id='word_1_55' title='bbox 914 1863 1035 1920; x_wconf 84' lang='lat' dir='ltr'>terram</span> <span class='ocrx_word' id='word_1_56' title='bbox 1059 1854 1209 1940; x_wconf 81' lang='lat' dir='ltr'>Apkam,</span> <span class='ocrx_word' id='word_1_57' title='bbox 1234 1873 1297 1937; x_wconf 85' lang='lat' dir='ltr'>que</span> <span class='ocrx_word' id='word_1_58' title='bbox 1323 1865 1445 1942; x_wconf 80' lang='lat' dir='ltr'>aparte</span> 
     </span>
     <span class='ocr_line' id='line_1_9' title="bbox 324 1962 1445 2048; baseline 0.003 -21"><span class='ocrx_word' id='word_1_59' title='bbox 324 1963 586 2046; x_wconf 78' lang='lat' dir='ltr'>septemtrionali</span> <span class='ocrx_word' id='word_1_60' title='bbox 603 1971 686 2030; x_wconf 88' lang='lat' dir='ltr'>terre</span> <span class='ocrx_word' id='word_1_61' title='bbox 711 1962 846 2030; x_wconf 82' lang='lat' dir='ltr'>Iwanoh</span> <span class='ocrx_word' id='word_1_62' title='bbox 872 1964 1090 2047; x_wconf 79' lang='lat' dir='ltr'>contignatur,</span> <span class='ocrx_word' id='word_1_63' title='bbox 1108 1982 1128 2028; x_wconf 82' lang='lat' dir='ltr'>s</span> <span class='ocrx_word' id='word_1_64' title='bbox 1144 1969 1238 2048; x_wconf 82' lang='lat' dir='ltr'>parte</span> <span class='ocrx_word' id='word_1_65' title='bbox 1252 1983 1330 2029; x_wconf 87' lang='lat' dir='ltr'>vero</span> <span class='ocrx_word' id='word_1_66' title='bbox 1351 1965 1445 2030; x_wconf 88' lang='lat' dir='ltr'>orien-</span> 
     </span>
     <span class='ocr_line' id='line_1_10' title="bbox 324 2068 1442 2156; baseline 0.004 -22"><span class='ocrx_word' id='word_1_67' title='bbox 324 2068 384 2134; x_wconf 80' lang='lat' dir='ltr'>nli</span> <span class='ocrx_word' id='word_1_68' title='bbox 399 2069 479 2136; x_wconf 87' lang='lat' dir='ltr'>ville</span> <span class='ocrx_word' id='word_1_69' title='bbox 495 2071 635 2138; x_wconf 79' lang='lat' dir='ltr'>Abbatin</span> <span class='ocrx_word' id='word_1_70' title='bbox 653 2070 758 2139; x_wconf 89' lang='lat' dir='ltr'>Olooh</span> <span class='ocrx_word' id='word_1_71' title='bbox 784 2078 899 2137; x_wconf 81' lang='lat' dir='ltr'>vocate</span> <span class='ocrx_word' id='word_1_72' title='bbox 923 2072 1102 2155; x_wconf 78' lang='lat' dir='ltr'>vicinatur3</span> <span class='ocrx_word' id='word_1_73' title='bbox 1130 2073 1208 2137; x_wconf 88' lang='lat' dir='ltr'>item</span> <span class='ocrx_word' id='word_1_74' title='bbox 1231 2079 1364 2156; x_wconf 83' lang='lat' dir='ltr'>aparte</span> <span class='ocrx_word' id='word_1_75' title='bbox 1388 2093 1442 2138; x_wconf 87' lang='lat' dir='ltr'>me·</span> 
     </span>
     <span class='ocr_line' id='line_1_11' title="bbox 325 2175 1536 2290; baseline 0.002 -48"><span class='ocrx_word' id='word_1_76' title='bbox 325 2175 479 2242; x_wconf 82' lang='lat' dir='ltr'>ridionali</span> <span class='ocrx_word' id='word_1_77' title='bbox 508 2181 590 2244; x_wconf 86' lang='lat' dir='ltr'>terre</span> <span class='ocrx_word' id='word_1_78' title='bbox 617 2178 752 2246; x_wconf 84' lang='lat' dir='ltr'>Comitis</span> <span class='ocrx_word' id='word_1_79' title='bbox 767 2179 857 2246; x_wconf 87' lang='lat' dir='ltr'>Petri</span> <span class='ocrx_word' id='word_1_80' title='bbox 873 2179 931 2263; x_wconf 83' lang='lat' dir='ltr'>filij</span> <span class='ocrx_word' id='word_1_81' title='bbox 959 2175 1134 2266; x_wconf 74' lang='lat' dir='ltr'>&#39;l&#39;yburohij</span> <span class='ocrx_word' id='word_1_82' title='bbox 1155 2177 1444 2246; x_wconf 82' lang='lat' dir='ltr'>Adasionnusfelde</span> <span class='ocrx_word' id='word_1_83' title='bbox 1535 2222 1536 2290; x_wconf 65' lang='lat' dir='ltr'>t</span> 
     </span>
     <span class='ocr_line' id='line_1_12' title="bbox 324 2283 1444 2372; baseline 0.004 -25"><span class='ocrx_word' id='word_1_84' title='bbox 324 2290 449 2368; x_wconf 78' lang='lat' dir='ltr'>vocate,</span> <span class='ocrx_word' id='word_1_85' title='bbox 465 2291 498 2349; x_wconf 92' lang='lat' dir='ltr'>et</span> <span class='ocrx_word' id='word_1_86' title='bbox 514 2283 601 2350; x_wconf 84' lang='lat' dir='ltr'>villis</span> <span class='ocrx_word' id='word_1_87' title='bbox 617 2285 724 2354; x_wconf 86' lang='lat' dir='ltr'>Reohe</span> <span class='ocrx_word' id='word_1_88' title='bbox 741 2294 772 2354; x_wconf 87' lang='lat' dir='ltr'>et</span> <span class='ocrx_word' id='word_1_89' title='bbox 788 2285 941 2352; x_wconf 87' lang='lat' dir='ltr'>Pokohen</span> <span class='ocrx_word' id='word_1_90' title='bbox 967 2287 1091 2352; x_wconf 79' lang='lat' dir='ltr'>voeatis</span> <span class='ocrx_word' id='word_1_91' title='bbox 1114 2285 1264 2352; x_wconf 87' lang='lat' dir='ltr'>similiter</span> <span class='ocrx_word' id='word_1_92' title='bbox 1279 2286 1444 2372; x_wconf 75' lang='lat' dir='ltr'>vicinatur,</span> 
     </span>
     <span class='ocr_line' id='line_1_13' title="bbox 324 2393 1442 2480; baseline 0.006 -24"><span class='ocrx_word' id='word_1_93' title='bbox 324 2393 561 2462; x_wconf 81' lang='lat' dir='ltr'>reambulatam</span> <span class='ocrx_word' id='word_1_94' title='bbox 577 2396 783 2479; x_wconf 88' lang='lat' dir='ltr'>presentibus</span> <span class='ocrx_word' id='word_1_95' title='bbox 799 2393 1018 2461; x_wconf 82' lang='lat' dir='ltr'>nonmetaneis</span> <span class='ocrx_word' id='word_1_96' title='bbox 1036 2402 1069 2462; x_wconf 87' lang='lat' dir='ltr'>et</span> <span class='ocrx_word' id='word_1_97' title='bbox 1085 2395 1199 2461; x_wconf 85' lang='lat' dir='ltr'>vioinis</span> <span class='ocrx_word' id='word_1_98' title='bbox 1215 2396 1387 2463; x_wconf 81' lang='lat' dir='ltr'>statuimus</span> <span class='ocrx_word' id='word_1_99' title='bbox 1401 2397 1442 2480; x_wconf 91' lang='lat' dir='ltr'>ip·</span> 
     </span>
     <span class='ocr_line' id='line_1_14' title="bbox 323 2499 1443 2588; baseline 0.004 -24"><span class='ocrx_word' id='word_1_100' title='bbox 323 2499 369 2566; x_wconf 87' lang='lat' dir='ltr'>sis</span> <span class='ocrx_word' id='word_1_101' title='bbox 383 2499 533 2588; x_wconf 88' lang='lat' dir='ltr'>Nioolyn,</span> <span class='ocrx_word' id='word_1_102' title='bbox 550 2501 654 2586; x_wconf 74' lang='lat' dir='ltr'>Isaeo,</span> <span class='ocrx_word' id='word_1_103' title='bbox 670 2500 828 2569; x_wconf 80' lang='lat' dir='ltr'>Ladizlao</span> <span class='ocrx_word' id='word_1_104' title='bbox 838 2553 847 2587; x_wconf 88' lang='lat'><em>,</em></span> <span class='ocrx_word' id='word_1_105' title='bbox 865 2501 1016 2588; x_wconf 78' lang='lat' dir='ltr'>Andros,</span> <span class='ocrx_word' id='word_1_106' title='bbox 1034 2501 1137 2568; x_wconf 85' lang='lat' dir='ltr'>Ilores</span> <span class='ocrx_word' id='word_1_107' title='bbox 1155 2509 1188 2569; x_wconf 92' lang='lat' dir='ltr'>et</span> <span class='ocrx_word' id='word_1_108' title='bbox 1202 2503 1326 2570; x_wconf 81' lang='lat' dir='ltr'>Jsoobo</span> <span class='ocrx_word' id='word_1_109' title='bbox 1343 2501 1443 2588; x_wconf 85' lang='lat' dir='ltr'>prodi-</span> 
     </span>
     <span class='ocr_line' id='line_1_15' title="bbox 323 2605 1443 2693; baseline 0.004 -20"><span class='ocrx_word' id='word_1_110' title='bbox 323 2605 383 2673; x_wconf 87' lang='lat' dir='ltr'>otis</span> <span class='ocrx_word' id='word_1_111' title='bbox 401 2607 460 2675; x_wconf 84' lang='lat' dir='ltr'>snb</span> <span class='ocrx_word' id='word_1_112' title='bbox 477 2609 620 2693; x_wconf 80' lang='lat' dir='ltr'>antiquis</span> <span class='ocrx_word' id='word_1_113' title='bbox 636 2611 732 2677; x_wconf 88' lang='lat' dir='ltr'>metis</span> <span class='ocrx_word' id='word_1_114' title='bbox 743 2617 776 2675; x_wconf 86' lang='lat' dir='ltr'>et</span> <span class='ocrx_word' id='word_1_115' title='bbox 787 2610 931 2678; x_wconf 86' lang='lat' dir='ltr'>terminis</span> <span class='ocrx_word' id='word_1_116' title='bbox 942 2611 1032 2678; x_wconf 90' lang='lat' dir='ltr'>nullo</span> <span class='ocrx_word' id='word_1_117' title='bbox 1043 2610 1280 2680; x_wconf 73' lang='lat' dir='ltr'>contradictore</span> <span class='ocrx_word' id='word_1_118' title='bbox 1289 2613 1443 2680; x_wconf 83' lang='lat' dir='ltr'>existente</span> 
     </span>
     <span class='ocr_line' id='line_1_16' title="bbox 321 2715 1442 2802; baseline 0.001 -21"><span class='ocrx_word' id='word_1_119' title='bbox 321 2715 552 2802; x_wconf 80' lang='lat' dir='ltr'>possidendam</span> <span class='ocrx_word' id='word_1_120' title='bbox 578 2725 609 2784; x_wconf 88' lang='lat' dir='ltr'>et</span> <span class='ocrx_word' id='word_1_121' title='bbox 634 2717 827 2788; x_wconf 80' lang='lat' dir='ltr'>habendam.</span> <span class='ocrx_word' id='word_1_122' title='bbox 852 2719 972 2786; x_wconf 86' lang='lat' dir='ltr'>Datum</span> <span class='ocrx_word' id='word_1_123' title='bbox 998 2721 1031 2785; x_wconf 92' lang='lat' dir='ltr'>in</span> <span class='ocrx_word' id='word_1_124' title='bbox 1057 2718 1258 2787; x_wconf 86' lang='lat' dir='ltr'>Werekoneo</span> <span class='ocrx_word' id='word_1_125' title='bbox 1284 2718 1442 2786; x_wconf 76' lang='lat' dir='ltr'>dominico</span> 
     </span>
     <span class='ocr_line' id='line_1_17' title="bbox 321 2824 1440 2924; baseline 0.007 -36"><span class='ocrx_word' id='word_1_126' title='bbox 321 2824 470 2908; x_wconf 80' lang='lat' dir='ltr'>proximo</span> <span class='ocrx_word' id='word_1_127' title='bbox 500 2831 576 2892; x_wconf 85' lang='lat' dir='ltr'>onte</span> <span class='ocrx_word' id='word_1_128' title='bbox 601 2827 830 2924; x_wconf 36' lang='lat' dir='ltr'>festum-Beati</span> <span class='ocrx_word' id='word_1_129' title='bbox 847 2828 937 2895; x_wconf 80' lang='lat' dir='ltr'>Galli</span> <span class='ocrx_word' id='word_1_130' title='bbox 968 2827 1177 2912; x_wconf 86' lang='lat' dir='ltr'>oonfessoris,</span> <span class='ocrx_word' id='word_1_131' title='bbox 1211 2847 1299 2895; x_wconf 80' lang='lat' dir='ltr'>nuno</span> <span class='ocrx_word' id='word_1_132' title='bbox 1314 2828 1440 2896; x_wconf 89' lang='lat' dir='ltr'>Domini</span> 
     </span>
     <span class='ocr_line' id='line_1_18' title="bbox 320 2933 788 3021; baseline 0.006 -23"><span class='ocrx_word' id='word_1_133' title='bbox 320 2933 432 3000; x_wconf 80' lang='lat' dir='ltr'>M⁰CO⁰</span> <span class='ocrx_word' id='word_1_134' title='bbox 448 2935 659 3020; x_wconf 77' lang='lat' dir='ltr'>nonagesimo</span> <span class='ocrx_word' id='word_1_135' title='bbox 676 2934 788 3021; x_wconf 90' lang='lat' dir='ltr'>primo.</span> 
     </span>
    </p>
   </div>
   <div class='ocr_carea' id='block_1_3' title="bbox 319 3105 1444 3272">
    <p class='ocr_par' dir='ltr' id='par_1_3' title="bbox 319 3105 1444 3272">
     <span class='ocr_line' id='line_1_19' title="bbox 319 3105 1444 3183; baseline 0.007 -21"><span class='ocrx_word' id='word_1_136' title='bbox 319 3105 382 3177; x_wconf 89' lang='lat'>(111.</span> <span class='ocrx_word' id='word_1_137' title='bbox 394 3111 484 3164; x_wconf 78' lang='lat' dir='ltr'>Endre</span> <span class='ocrx_word' id='word_1_138' title='bbox 509 3111 657 3181; x_wconf 67' lang='lat' dir='ltr'>kirtlynnlr</span> <span class='ocrx_word' id='word_1_139' title='bbox 685 3118 761 3167; x_wconf 73' lang='lat'>1291.</span> <span class='ocrx_word' id='word_1_140' title='bbox 785 3116 947 3182; x_wconf 76' lang='lat' dir='ltr'>mogertstttt</span> <span class='ocrx_word' id='word_1_141' title='bbox 969 3114 1162 3183; x_wconf 62' lang='lat' dir='ltr'>olrmtnytbtt</span> <span class='ocrx_word' id='word_1_142' title='bbox 1190 3121 1257 3172; x_wconf 89' lang='lat' dir='ltr'>mint</span> <span class='ocrx_word' id='word_1_143' title='bbox 1275 3119 1387 3175; x_wconf 82' lang='lat' dir='ltr'>sentsbb</span> <span class='ocrx_word' id='word_1_144' title='bbox 1400 3121 1444 3170; x_wconf 72' lang='lat'>2³.</span> 
     </span>
     <span class='ocr_line' id='line_1_20' title="bbox 816 3205 961 3272; baseline 0.014 -16"><span class='ocrx_word' id='word_1_145' title='bbox 816 3221 852 3257; x_wconf 73' lang='lat' dir='ltr'>ss.</span> <span class='ocrx_word' id='word_1_146' title='bbox 872 3205 961 3272; x_wconf 69' lang='lat' dir='ltr'>nott.)</span> 
     </span>
    </p>
   </div>
   <div class='ocr_carea' id='block_1_4' title="bbox 781 3495 989 3506">
    <p class='ocr_par' dir='ltr' id='par_1_4' title="bbox 781 3495 989 3506">
     <span class='ocr_line' id='line_1_21' title="bbox 781 3495 989 3506; baseline 0.01 -2"><span class='ocrx_word' id='word_1_147' title='bbox 781 3495 989 3506; x_wconf 63' lang='lat' dir='ltr'>——u—o———a</span> 
     </span>
    </p>
   </div>
   <div class='ocr_carea' id='block_1_5' title="bbox 421 3953 1329 4226">
    <p class='ocr_par' dir='ltr' id='par_1_5' title="bbox 421 3953 1329 4226">
     <span class='ocr_line' id='line_1_22' title="bbox 849 3953 904 4024; baseline 0.055 -3"><span class='ocrx_word' id='word_1_148' title='bbox 849 3953 904 4024; x_wconf 78' lang='lat' dir='ltr'>tl.</span> 
     </span>
     <span class='ocr_line' id='line_1_23' title="bbox 421 4127 1329 4226; baseline 0.014 -33"><span class='ocrx_word' id='word_1_149' title='bbox 421 4127 471 4194; x_wconf 64' lang='lat' dir='ltr'>As</span> <span class='ocrx_word' id='word_1_150' title='bbox 487 4129 557 4198; x_wconf 77' lang='lat' dir='ltr'>Asa</span> <span class='ocrx_word' id='word_1_151' title='bbox 572 4138 742 4220; x_wconf 63' lang='lat' dir='ltr'>mmzuuup</span> <span class='ocrx_word' id='word_1_152' title='bbox 758 4141 867 4224; x_wconf 75' lang='lat' dir='ltr'>tupjai</span> <span class='ocrx_word' id='word_1_153' title='bbox 882 4140 968 4204; x_wconf 66' lang='lat' dir='ltr'>kustu·</span> <span class='ocrx_word' id='word_1_154' title='bbox 986 4141 1215 4226; x_wconf 71' lang='lat' dir='ltr'>oirtotoozuoly</span> <span class='ocrx_word' id='word_1_155' title='bbox 1233 4141 1329 4207; x_wconf 83' lang='lat'><strong><em>1291.</em></strong></span> 
     </span>
    </p>
   </div>
   <div class='ocr_carea' id='block_1_6' title="bbox 310 4307 1447 4623">
    <p class='ocr_par' dir='ltr' id='par_1_6' title="bbox 310 4307 1447 4623">
     <span class='ocr_line' id='line_1_24' title="bbox 419 4307 1445 4405; baseline 0.01 -31"><span class='ocrx_word' id='word_1_156' title='bbox 419 4307 487 4374; x_wconf 85' lang='lat' dir='ltr'>Nos</span> <span class='ocrx_word' id='word_1_157' title='bbox 504 4307 618 4378; x_wconf 85' lang='lat' dir='ltr'>Comes</span> <span class='ocrx_word' id='word_1_158' title='bbox 628 4311 791 4381; x_wconf 84' lang='lat' dir='ltr'>Omodeus</span> <span class='ocrx_word' id='word_1_159' title='bbox 802 4313 889 4382; x_wconf 85' lang='lat' dir='ltr'>filius</span> <span class='ocrx_word' id='word_1_160' title='bbox 906 4316 1039 4385; x_wconf 82' lang='lat' dir='ltr'>Comitis</span> <span class='ocrx_word' id='word_1_161' title='bbox 1051 4317 1169 4404; x_wconf 80' lang='lat' dir='ltr'>Dauid,</span> <span class='ocrx_word' id='word_1_162' title='bbox 1179 4321 1335 4405; x_wconf 80' lang='lat' dir='ltr'>Magister</span> <span class='ocrx_word' id='word_1_163' title='bbox 1349 4319 1445 4402; x_wconf 88' lang='lat' dir='ltr'>Dyo-</span> 
     </span>
     <span class='ocr_line' id='line_1_25' title="bbox 311 4412 1445 4513; baseline 0.013 -36"><span class='ocrx_word' id='word_1_164' title='bbox 311 4412 414 4480; x_wconf 86' lang='lat' dir='ltr'>nisius</span> <span class='ocrx_word' id='word_1_165' title='bbox 429 4413 516 4482; x_wconf 86' lang='lat' dir='ltr'>filius</span> <span class='ocrx_word' id='word_1_166' title='bbox 533 4417 656 4495; x_wconf 80' lang='lat' dir='ltr'>Bodun¹</span> <span class='ocrx_word' id='word_1_167' title='bbox 675 4417 918 4489; x_wconf 82' lang='lat' dir='ltr'>Oomesssodun</span> <span class='ocrx_word' id='word_1_168' title='bbox 934 4423 1017 4492; x_wconf 87' lang='lat' dir='ltr'>filius</span> <span class='ocrx_word' id='word_1_169' title='bbox 1036 4425 1180 4513; x_wconf 81' lang='lat' dir='ltr'>Georgij,</span> <span class='ocrx_word' id='word_1_170' title='bbox 1198 4430 1362 4511; x_wconf 77' lang='lat' dir='ltr'>notorious</span> <span class='ocrx_word' id='word_1_171' title='bbox 1376 4447 1445 4492; x_wconf 90' lang='lat' dir='ltr'>no-</span> 
     </span>
     <span class='ocr_line' id='line_1_26' title="bbox 310 4517 1447 4623; baseline 0.014 -37"><span class='ocrx_word' id='word_1_172' title='bbox 310 4517 392 4588; x_wconf 82' lang='lat' dir='ltr'>biles</span> <span class='ocrx_word' id='word_1_173' title='bbox 409 4519 450 4590; x_wconf 83' lang='lat' dir='ltr'>de</span> <span class='ocrx_word' id='word_1_174' title='bbox 465 4541 583 4606; x_wconf 79' lang='lat' dir='ltr'>genero</span> <span class='ocrx_word' id='word_1_175' title='bbox 598 4525 681 4610; x_wconf 79' lang='lat' dir='ltr'><strong>Aba,</strong></span> <span class='ocrx_word' id='word_1_176' title='bbox 707 4529 860 4598; x_wconf 86' lang='lat' dir='ltr'>memorie</span> <span class='ocrx_word' id='word_1_177' title='bbox 885 4532 1146 4604; x_wconf 74' lang='lat' dir='ltr'>commendantes</span> <span class='ocrx_word' id='word_1_178' title='bbox 1173 4542 1281 4606; x_wconf 88' lang='lat' dir='ltr'>tenore</span> <span class='ocrx_word' id='word_1_179' title='bbox 1305 4551 1447 4623; x_wconf 83' lang='lat' dir='ltr'>prosen-</span> 
     </span>
    </p>
   </div>
   <div class='ocr_carea' id='block_1_7' title="bbox 0 0 1560 5158">
    <p class='ocr_par' dir='ltr' id='par_1_7' title="bbox 0 0 1560 5158">
     <span class='ocr_line' id='line_1_27' title="bbox 0 0 1560 5158; baseline 0 6"><span class='ocrx_word' id='word_1_180' title='bbox 0 0 1560 5158; x_wconf 95' lang='lat' dir='ltr'> </span> 
     </span>
    </p>
   </div>
  </div>
 </body>
</html>
