3132 5162
573 355 729 453 je-

95 545 235 614 ladiensi
251 541 450 630 existentem,
469 563 565 628 qnam
582 547 732 614 dominus
742 549 811 614 Rex
837 547 1013 618 Ladizlans
1037 550 1137 618 frater
1160 571 1215 617 no-

84 665 152 724 ster
168 650 324 740 patruelis
349 650 445 718 dictis
472 651 616 721 Oliuerio
642 663 675 721 et
701 655 867 723 Harbordc
892 655 1079 745 Comitibus,
1106 666 1138 726 et
1162 679 1215 726 eo·

85 786 155 832 rum
170 763 344 832 heredibus
360 780 417 846 pro
434 761 607 846 meritorijs
623 762 771 846 seruioijs
788 765 855 832 suis
872 765 1035 832 mediante
1061 785 1118 833 sno
1148 767 1213 854 pri·

89 873 211 958 nilegio
253 873 443 953 contulerat,
482 876 579 956 prout
618 871 653 937 in
684 871 857 956 priuilegio
889 871 1035 940 eiusdem
1065 871 1213 940 Ladizlai

86 983 184 1065 Regis
216 979 309 1048 nobis
341 977 491 1046 exhibito·
528 977 668 1044 vidimus
701 979 876 1064 contineri,
909 979 1064 1064 predictis
1098 977 1215 1048 comiti

87 1087 265 1171 Herbordo,
295 1085 442 1172 Nicolao,
475 1083 633 1170 Gregorio
664 1093 696 1153 et
715 1083 866 1170 Oliucrio,
898 1106 937 1152 ac
962 1086 1039 1173 aliJs
1061 1086 1215 1155 fratribus

90 1215 208 1279 eorum,
240 1193 319 1279 dlijs
351 1192 487 1278 Oiiuerij
514 1192 743 1278 possidendam
768 1201 926 1282 perpetuo
958 1194 1150 1279 reliquimus
1183 1199 1217 1261 et
1313 1218 1315 1222 ·

92 1301 284 1370 habendam.
300 1301 342 1367 Et
358 1321 428 1368 cum
454 1307 622 1384 presentes
649 1302 743 1368 nobis
769 1301 891 1370 inerint
914 1308 1087 1388 reportate,
1112 1300 1217 1370 eciem

93 1409 300 1494 priuilegium
321 1407 402 1494 ipsis
418 1426 515 1492 super
539 1407 688 1493 predicta
711 1413 797 1475 terra
829 1408 1036 1478 Femesfoina
1076 1408 1146 1476 dari
1170 1407 1217 1473 fa-

91 1518 218 1584 ciemus.
238 1517 359 1582 Datum
377 1515 468 1583 iuxta
486 1521 619 1601 pontem
638 1514 754 1583 Abada
773 1517 808 1582 in
832 1518 973 1584 crastino
990 1517 1092 1582 Beate
1107 1511 1211 1596 Virgi-

93 1625 140 1691 nis
156 1625 351 1712 liargarete,
378 1643 464 1690 anno
479 1623 610 1689 Domini
629 1623 964 1708 M⁰OO⁰nonagesimo
981 1624 1092 1708 primo.

94 1819 225 1885 (Eredetle
235 1817 411 1886 bdrhdrtydn,
425 1837 443 1873 a
456 1819 533 1874 hdtul
546 1824 597 1874 oda
610 1827 736 1888 nyomott
749 1821 842 1890 pecsdt
854 1821 1003 1884 elresactt3
1017 1836 1034 1871 a
1059 1819 1141 1870 budal
1163 1820 1214 1870 kir.

493 1913 618 1964 kamarai
629 1908 822 1980 lerdltdrban.)

551 2199 763 2210 ...ua—uun·-

621 2731 675 2798 25.

97 2927 159 2993 III.
175 2927 285 2992 Eudre
302 2927 396 3012 Poly
416 2927 546 2992 Tomdst
561 2930 740 3013 caeperdec'ti
760 2927 885 3012 Me'rpes
900 2929 931 2993 ds
954 2927 1030 2994 Reti
1043 2925 1217 3014 jacaicbc'r-

525 3035 674 3100 tokdbau.
692 3035 789 3101 1291.

200 3231 268 3297 Noe
283 3229 433 3297 Andreas
448 3226 510 3295 Dei
527 3227 640 3312 gracia
654 3231 723 3296 Rex
740 3229 881 3314 Vngarie
897 3230 1051 3298 memorie
1061 3247 1218 3296 commen·

95 3334 212 3404 dantes
246 3337 467 3422 significamus
501 3336 662 3404 uniuersis
703 3337 819 3420 quibus
852 3337 984 3422 expedit
1014 3337 1218 3423 presencium

94 3461 149 3524 per
165 3451 309 3510 tenorem
326 3478 669 3494 ------
689 3447 878 3529 Agasonum
893 3453 1075 3513 nostrorum
1091 3445 1218 3529 Merges

95 3557 245 3617 uocatam
262 3553 359 3618 sitam
375 3550 467 3620 iuxta
482 3552 628 3637 Rabam,
645 3554 722 3621 item
749 3553 847 3621 aliam
873 3561 990 3620 terram
1015 3553 1220 3649 Tawarnioo·

24 3737 25 3746 ἦ
95 3677 162 3724 rnm
179 3666 370 3746 nostrorum,
387 3661 475 3747 Ryty
492 3670 640 3731 uocatam
656 3664 752 3730 sitam
777 3664 869 3729 iuxta
893 3662 1037 3750 Rabcha,
1063 3662 1104 3748 in·
1121 3660 1222 3728 (lomi-

24 3753 26 3772 ”
94 3773 163 3832 tatn
181 3768 344 3836 Jauricnsi
363 3771 550 3859 existentes,
576 3793 658 3857 quas
675 3771 831 3855 Magister
848 3769 991 3838 Thomas
1007 3769 1049 3835 de
1064 3769 1137 3835 Puk
1163 3787 1221 3855 per

95 3871 260 3940 dominnm
277 3875 467 3944 Ladizlanm
483 3879 643 3948 illustrem
658 3881 780 3963 Regem
795 3877 940 3962 Vngarie
957 3879 1041 3944 bone
1057 3875 1220 3961 memorie,

94 3980 227 4048 tratrem
242 3989 388 4052 nostrum
420 3985 633 4054 karissimum
658 3987 851 4074 patruelem,
869 3983 932 4054 sibi
949 3983 1087 4052 donatas
1103 3989 1135 4049 ct
1160 3981 1223 4049 col·

93 4087 177 4156 latas
194 4109 265 4160 case
280 4091 426 4177 dioitpro
437 4095 503 4162 suis
513 4093 726 4160 fidelitatibus
736 4099 768 4158 et
783 4091 933 4174 seruicijs
949 4090 1133 4176 meritorijs,
1150 4088 1223 4162 reli·

93 4199 222 4282 quimus
236 4207 338 4268 etnos
355 4201 459 4268 eidem
474 4201 856 4286 habendcs,tenendas,et
871 4201 995 4284 pariter
1005 4197 1223 4285 possidendas

93 4305 159 4374 sine
170 4307 254 4374 iuris
269 4307 449 4394 preindicio
466 4310 574 4394 alieni,
585 4330 644 4394 pro
664 4309 813 4376 fidelibus
830 4305 1054 4392 seruicijssuis
1077 4306 1172 4374 nobis
1188 4305 1222 4370 ln

94 4415 241 4483 exercitu
256 4423 379 4502 nostro,
397 4437 492 4502 quem
511 4417 757 4485 contraDncem
767 4415 900 4484 Austrle
916 4421 949 4482 et
964 4413 1071 4500 Styrie
1087 4414 1227 4481 habeba·

93 4531 211 4612 mus,et
228 4543 285 4608 pro
295 4531 398 4592 morte
407 4525 546 4614 Niooiay
556 4523 668 4591 fratris
684 4524 744 4612 sui,
756 4523 811 4610 qui
823 4523 856 4589 iu
867 4521 1114 4608 expugnacicne
1125 4521 1224 4588 castri

93 4631 174 4698 Roro
192 4633 306 4698 extitit
322 4635 548 4722 interemptus.
580 4635 621 4703 Et
638 4653 709 4700 curn
727 4637 893 4720 presentes
911 4629 952 4698 ad
969 4651 1028 4698 nos
1045 4630 1166 4698 luerint
1181 4649 1227 4695 rc·

133 4767 613 4810 nostummd.fflan.-n1rncel.
646 4765 680 4809 te.
1046 4751 1067 4812 3
