3098 5172
814 273 972 371 guo-

321 469 426 550 gistro
442 460 607 553 cypriano
624 466 759 535 hectore
790 464 1018 550 strigoniensi,
1044 473 1077 534 et
1099 463 1310 535 Follromurio
1334 460 1442 531 Sacer·

323 574 410 660 dote,
439 573 511 662 ipso
538 575 676 642 Nicolao
702 573 865 642 aurifabro
889 579 1028 659 astante,
1053 573 1297 660 presencialiter
1321 571 1359 640 in
1380 571 1444 640 loco

322 681 468 752 eiusdem
485 681 660 750 iuramenti
676 687 813 766 paratus
828 689 915 749 esset
938 681 1068 750 iurare:
1093 680 1162 748 Nos
1186 685 1295 748 tamen
1320 683 1445 766 propter

324 789 390 858 disi
406 790 570 858 dominice
595 789 870 876 sollempnitatem
896 791 1004 874 ipsum
1030 789 1244 858 iuramentum
1270 787 1314 855 ad
1341 785 1445 854 erasti

324 919 401 966 num
417 899 504 966 diem
521 897 674 964 duximus
700 917 740 965 ex
771 905 880 965 nostro
897 894 1006 965 officio
1022 895 1282 982 prorogandum
1308 914 1373 979 qno
1397 892 1446 960 dia

324 1007 528 1092 postmodum
545 1025 655 1072 coram
679 1005 850 1072 Dominico
875 1003 1051 1074 Sacerdote
1076 1003 1257 1091 (lapellano
1281 1011 1390 1070 nostro
1416 1007 1445 1069 et

325 1092 455 1181 homine
471 1113 513 1180 ad
530 1113 591 1185 hoc
607 1113 794 1200 specialiter
809 1113 975 1200 deputato,
989 1112 1023 1179 in
1038 1119 1149 1180 nostra
1166 1111 1307 1198 Capella
1333 1110 1447 1178 iurauit

325 1219 420 1288 modo
438 1229 471 1288 et
487 1222 602 1289 ordine
617 1221 825 1308 supradictis.
842 1221 979 1306 Propter
994 1220 1079 1304 qnod
1104 1221 1209 1306 ipsum
1234 1241 1256 1286 a
1279 1219 1353 1287 inre
1378 1237 1442 1287 con·

324 1326 491 1394 unccionis
502 1335 534 1394 et
544 1327 720 1396 locacionis
736 1326 826 1395 dicte
842 1333 927 1394 terre
943 1326 1146 1394 decreuimns
1156 1325 1271 1394 merito
1282 1325 1443 1410 cecidisse,

323 1439 356 1500 et
371 1433 400 1499 si
416 1433 494 1514 qnid
510 1433 588 1500 iuris
604 1435 638 1500 iu
654 1433 714 1500 hoc
730 1433 881 1518 habebat,
901 1433 1007 1500 eoism
1022 1431 1180 1514 amisisse,
1196 1434 1289 1499 iuxta
1304 1441 1443 1500 tenorem

321 1540 552 1627 promissarum
584 1541 818 1632 memorialinm
842 1543 1041 1623 litterarum,
1068 1541 1307 1608 continenciam
1339 1537 1441 1624 iudicij

321 1649 424 1715 nostri
439 1647 585 1718 formam.
603 1649 683 1715 Item
699 1651 855 1734 Magister
874 1649 1016 1716 Thomas
1036 1649 1225 1734 Prepositus
1251 1647 1446 1732 strigonien·

323 1758 370 1825 sis
386 1764 418 1823 et
433 1757 591 1840 Magister
604 1757 762 1843 Anyanns
777 1758 942 1844 Notarius,
958 1755 1090 1824 nomine
1104 1776 1163 1824 sno
1181 1763 1213 1822 et
1223 1756 1297 1824 vice
1307 1753 1443 1822 omnium

322 1863 500 1934 eorundem
516 1862 651 1932 fratrum
667 1873 849 1935 nostrorum
866 1864 1010 1951 Capituli
1027 1863 1296 1950 strigoniensisa
1306 1863 1443 1930 armtino

322 1969 377 2038 die
393 1971 613 2058 deposicionis
630 1971 776 2040 eiusdem
791 1973 964 2040 iuramenti
981 1993 1039 2039 sex
1054 1971 1169 2038 diebus
1185 1971 1350 2038 continuis
1373 1967 1443 2038 asti·

321 2085 431 2146 terunt
445 2080 480 2146 in
496 2080 634 2146 termino
650 2100 759 2149 coram
775 2082 869 2150 nobis
885 2084 1000 2148 contra
1015 2077 1152 2147 eundem
1168 2077 1341 2146 Nicolaum
1366 2075 1443 2145 anri·

321 2185 460 2270 labrum,
478 2185 534 2269 qui
550 2206 615 2254 nou
631 2189 722 2254 vonit
737 2187 780 2255 ad
804 2195 951 2255 nostram
976 2185 1191 2274 presenciam,
1215 2205 1322 2269 neque
1346 2185 1443 2268 misit3

322 2311 520 2376 quamquam
536 2312 595 2360 uos
619 2300 693 2380 post
716 2293 957 2381 expedicionem
983 2293 1129 2363 eiusdem
1154 2293 1330 2360 iuramenti
1355 2309 1444 2378 nuper

321 2395 407 2468 lacto
425 2399 595 2466 uerbenam
611 2406 644 2468 et
668 2400 847 2485 uulnerum,
871 2407 939 2468 tam
965 2399 1118 2486 uirorum,
1144 2419 1243 2484 qnam
1267 2400 1445 2486 mulierum,

321 2507 529 2594 iobagionnm
545 2509 691 2577 eiusdem
706 2507 849 2595 Capituli
864 2509 906 2576 de
927 2507 1017 2576 Uilla
1042 2507 1136 2576 Nona
1160 2507 1250 2576 circa
1274 2505 1444 2577 ecclesian

322 2615 436 2684 Sancti
452 2617 616 2684 Dominioi
632 2617 820 2702 constituta,
838 2622 870 2684 et
886 2615 1068 2684 uerbalium
1085 2615 1286 2700 iniuriarum,
1302 2635 1365 2683 neo
1381 2633 1440 2682 non

321 2743 420 2808 super
436 2725 523 2792 facto
539 2724 766 2810 oocupaoionis
781 2733 868 2792 terre
893 2725 1067 2793 eorundem
1092 2723 1229 2791 ficuum
1254 2729 1443 2803 nostrornm,

320 2833 405 2897 inter
415 2831 546 2898 vineam
557 2831 683 2899 Pentek
693 2839 726 2898 et
736 2832 821 2900 inter
836 2831 973 2900 eandem
983 2832 1155 2899 ecclemsm
1164 2830 1277 2898 Sancti
1287 2827 1444 2900 Dominici

323 2937 491 3007 existentis
508 2945 540 3006 et
554 2959 613 3025 per
628 2939 870 3024 plantacionem
896 2939 992 3008 vinee
1017 2947 1181 3027 occupate,
1206 2941 1290 3007 iuter
1314 2940 1444 3011 easdem

320 3055 432 3132 partes
451 3045 606 3115 iudicium
620 3046 729 3115 facere
745 3047 990 3132 debuissemus;
1016 3053 1111 3133 prout
1135 3046 1198 3117 hoo
1225 3049 1261 3113 in
1287 3049 1443 3134 prioribus

320 3157 442 3223 nostris
456 3153 574 3224 litteris
589 3155 717 3242 plenius
734 3160 766 3224 et
782 3156 966 3243 expressius
982 3156 1171 3224 continetur.
1187 3156 1312 3223 Datum
1327 3157 1445 3244 Strigc

320 3261 365 3348 nij
381 3263 521 3350 septimo
536 3262 591 3330 die
606 3263 734 3330 termini
745 3265 916 3349 prenotati.

396 3460 446 3524 (Aa
458 3461 561 3514 arsisti
585 3457 653 3516 utin
667 3461 764 3514 Knsns
783 3455 902 3526 Nandcr,
924 3459 1040 3529 Magysr
1053 3457 1120 3514 Sion
1132 3459 1184 3514 111.
1197 3461 1255 3514 ket.
1269 3461 1332 3514 938.
1345 3461 1377 3530 l.)

776 3748 988 3759 -η-ιι--ι---ιι
