3112 5158
621 286 781 384 Q

134 479 284 545 bendam.
297 480 435 564 Insuper
446 477 607 562 obligauit
622 499 657 545 so
674 477 761 544 idem
773 479 970 547 Tourboldus
988 488 1020 547 et
1040 480 1178 549 heredes
1189 501 1265 549 suos

128 585 293 671 prediotos
311 586 463 672 Orlspyu,
480 593 512 652 et
528 585 611 652 lilios
636 607 723 671 suos,
758 608 797 652 ao
828 586 905 653 bere
922 623 1264 640 ------

129 730 170 739 -
187 729 230 741 -
246 729 290 740 -
308 731 352 740 -
370 695 412 758 ab
431 693 577 758 omnibus
594 693 724 760 racione
742 695 846 779 ipsius
863 702 947 762 terre
973 694 1129 780 impetere
1154 697 1260 763 niteo-

128 797 211 864 tibns
229 798 406 864 defendere
436 806 467 863 et
483 799 635 885 expedire
652 801 793 884 proprijs
812 802 981 868 laboribus
998 811 1028 867 et
1045 805 1205 886 expensis.
1224 803 1263 870 In

129 906 221 972 ouius
253 908 299 971 rei
319 905 540 974 testimonium
558 907 600 971 ad
617 909 792 974 instantem
818 908 963 974 eiusdem
998 908 1130 977 Comitis
1158 948 1196 958 -
1219 949 1232 958 --

130 1049 833 1063 ————————————
850 1015 952 1100 sigilli
970 1019 1072 1082 nostrl
1084 1019 1261 1085 munimine

129 1121 307 1187 roboratas.
336 1120 547 1187 Presentlbus
574 1127 680 1192 tamen
706 1123 862 1206 Magistro
889 1123 1260 1210 SteplranoPreposlto,

127 1230 226 1294 Saulo
242 1228 385 1310 Leotore,
402 1226 502 1312 Myke
519 1229 669 1315 Custode,
686 1233 822 1296 blartino
849 1231 889 1296 de
915 1229 1029 1314 Patha,
1055 1229 1188 1298 Simone
1220 1233 1261 1299 de

125 1337 279 1420 Zemlyn,
305 1335 423 1416 Egldio
451 1373 902 1388 *******
929 1339 1082 1420 Magistro
1102 1337 1258 1405 Jobaone

128 1443 167 1508 de
179 1441 287 1508 Houes
304 1441 563 1528 Arelridiaeonis,
579 1445 697 1527 etalijs
708 1447 928 1510 meltianum
939 1446 1071 1510 Domini
1084 1443 1192 1510 ΜὋΟο
1203 1466 1258 1512 no·

129 1548 294 1632 nogesimo
339 1555 463 1630 qiuarto.
496 1551 666 1630 Regnante
682 1549 811 1617 Andrea
840 1552 959 1618 illustri
976 1553 1063 1634 Rege
1081 1551 1262 1634 Hungarie,

128 1654 314 1720 Lodomerlo
333 1657 563 1739 strigoniensi,
578 1658 726 1725 Johanne
746 1657 922 1748 ¹Coloeensi
948 1663 977 1727 A
998 1696 1036 1706 -
1057 1695 1101 1705 —-
1128 1695 1166 1708 -
1188 1659 1261 1742 pis;

129 1763 253 1828 domiuo
269 1770 384 1828 nostro
401 1762 586 1829 venerabili
603 1770 697 1848 patre
712 1764 844 1832 Arrdrea
868 1767 930 1834 Dei
958 1765 1072 1848 grecia
1098 1763 1260 1848 Episcopo

127 1869 273 1952 Agriensi
292 1869 519 1936 existentibus.

127 2065 243 2132 {deogrl
268 2063 458 2161 kdptalannelj
483 2067 593 2115 llll-ki
616 2062 817 2126 tetrareham
840 2067 922 2116 buda'r
945 2066 995 2116 lrir.
1018 2068 1140 2117 kamarai
1166 2063 1251 2117 lerdi-

629 2151 748 2216 liuban.)

650 2966 721 3033 too.

112 3165 148 3229 A
170 3169 292 3250 nsitrui
313 3164 542 3249 lociptulounnlo
567 3163 849 3248 biaoayedpleuele,
876 3161 980 3246 utiles)
1000 3159 1168 3226 Ctottnat·
1178 3162 1247 3242 fiai

106 3279 205 3340 minut
220 3271 418 3338 ezomsze‘dot
434 3271 659 3355 beleepyeatek,
676 3273 755 3353 bopy
772 3269 882 3332 Eadre
899 3291 998 3332 comos
1017 3269 1084 3349 fior?
1100 3269 1249 3352 biaonpoe

438 3379 598 3462 joooiltut
617 3377 818 3441 eladbosau'k.
834 3377 928 3438 l29l.

232 3573 416 3658 Capitulum
435 3571 612 3638 Nitrieusis
628 3571 772 3636 Ecclesie
788 3571 956 3636 oraciones
982 3569 1016 3633 in
1032 3567 1168 3632 Domino
1185 3573 1250 3634 tam

98 3682 248 3749 debitas
264 3701 361 3764 quam
378 3680 523 3746 denotas.
542 3680 694 3744 Humana
711 3687 844 3761 pereunt
859 3678 1007 3762 negocia,
1025 3677 1054 3740 si
1070 3676 1251 3740 litterarum

96 3811 177 3856 non
201 3788 319 3854 suerint
336 3786 520 3852 testimonio
537 3786 696 3850 roborata.
714 3783 854 3850 Proinde
870 3785 912 3848 ad
929 3782 1149 3848 uniuersorum
1168 3782 1249 3846 noti·

91 3901 201 3964 eiam
222 3894 334 3959 barum
353 3895 435 3958 serie
462 3891 611 3958 volumus
637 3891 827 3974 peruenire:
860 3888 946 3973 quod
963 3887 1168 3968 Alexander,
1183 3889 1249 3952 An·

89 4008 216 4072 dreas
235 4007 266 4066 et
282 4001 461 4066 Nloholaus
473 3999 530 4082 filij
550 3996 655 4064 Cholk
672 4018 781 4063 eoram
797 3999 891 4064 nobis
902 3995 1118 4082 personaliter
1134 3997 1252 4062 eonsti-

85 4116 162 4184 tuti
185 4129 295 4192 super
310 4107 570 4192 possessionibus
580 4105 720 4188 Busuob,
736 4105 853 4190 Hyuer,
871 4101 1111 4170 Patkenteleke
1129 4109 1160 4166 et
1171 4102 1250 4170 Selk

82 4215 314 4300 nuncupatis
324 4267 333 4299 ,
367 4223 523 4297 tanquam
556 4215 769 4279 commetanei
801 4211 949 4278 etuioini
975 4209 1149 4275 earundem
1176 4229 1249 4292 pos-

79 4329 304 4400 sessionum
335 4321 494 4403 Magistro
511 4319 639 4386 Andree
664 4324 696 4383 et
723 4317 882 4388 Niobolao
914 4317 1008 4382 fratri
1026 4316 1182 4402 eiusdem,
1216 4318 1249 4382 fi·
1373 4337 1375 4342 ¹

75 4439 147 4524 lljs
189 4427 342 4499 Comitis
367 4427 505 4511 Andree,
531 4444 721 4492 eonsensum
753 4425 951 4510 prebuerunt
984 4423 1170 4490 beniuolum
1204 4425 1248 4489 ad

75 4539 292 4613 emendum
312 4535 382 4602 sine
399 4535 659 4600 contradiooione
676 4533 797 4600 eisdem
823 4531 1052 4614 relinquentes.
1075 4531 1124 4596 Ne
1150 4532 1252 4614 igitur

139 4675 228 4717 mors.
253 4670 338 4709 nouo.
355 4669 425 4707 rrrsr.
442 4679 486 4691 -—
502 4671 574 4706 arro.
593 4663 631 4706 ta.
1046 4639 1085 4703 ll
