3112 5158
614 897 670 966 55.

212 1118 277 1158 ⁹¹oe
293 1095 402 1178 kirddy
419 1117 440 1158 a
455 1095 647 1182 mystisziqeti
660 1093 903 1180 opdcauzdrddt
935 1092 1062 1179 Woyzto
1088 1095 1218 1182 delysdy

391 1203 581 1296 dirtokdduo
595 1204 790 1288 moqerdaitu'.
809 1201 909 1269 1292.

196 1399 262 1466 Nos
278 1395 427 1466 Andreas
442 1397 505 1464 Dei
522 1397 636 1482 grauia
661 1399 732 1464 Rex
757 1397 929 1481 Hungarie
955 1400 1110 1466 memorie
1134 1420 1218 1468 eom.

98 1504 275 1574 mendantes
299 1505 522 1589 siguifieamus
549 1507 666 1591 quibus
691 1503 823 1591 expedit
846 1505 1016 1593 uniuersis,
1043 1507 1129 1592 quod
1155 1527 1215 1573 nos

98 1612 242 1694 quasdam
259 1621 362 1682 terras
378 1614 474 1680 Petro
491 1621 523 1680 et
539 1613 660 1680 Paulus
673 1612 887 1698 jobagionum
905 1612 1011 1680 Castri
1029 1613 1069 1680 de
1084 1615 1213 1682 Kuazth

99 1719 223 1805 Woyzlo
240 1724 373 1786 uocatas
400 1722 435 1786 in
462 1719 624 1788 Comitatu
650 1720 781 1786 Baiana
797 1713 998 1804 existentes,⁸
1012 1721 1214 1806 reliquimus,

96 1829 250 1896 nobilibus
282 1837 316 1897 et
347 1828 509 1912 religiosis
536 1825 737 1919 dominabus,
762 1828 924 1894 sororibus
949 1825 1073 1894 seilioet
1098 1827 1138 1896 de
1164 1830 1212 1894 In·
1314 1836 1322 1842 '

93 1937 157 2002 sula
172 1937 272 2005 Beate
289 1937 433 2022 Virginis
449 1936 669 2023 possidendas
685 1943 716 2002 et
732 1933 912 2020 habendas,
929 1955 967 2001 eo
993 1934 1088 2002 modo
1114 1941 1146 2000 et
1173 1955 1212 2002 ea

93 2042 296 2132 plenitudine,
333 2045 606 2128 quemadmodum
641 2042 858 2111 mediantibus
885 2043 1073 2127 patentibus
1101 2041 1217 2109 litteris

92 2150 162 2216 Bele
178 2159 210 2218 et
225 2150 385 2237 Stephani
413 2154 546 2236 Regum,
564 2148 1011 2235 illustrumreoordaoionum,
1028 2147 1216 2216 karissimo·

91 2277 305 2326 romanorum
324 2267 521 2346 nostrorum,
540 2281 600 2326 neo
616 2279 681 2325 non
697 2267 728 2324 et
752 2259 852 2342 Regis
877 2256 1027 2325 Ladizlai
1053 2256 1220 2324 karissimi

89 2364 192 2434 fratris
218 2366 323 2434 nostri
348 2368 518 2454 patruelis,
546 2367 635 2452 ipsas
662 2373 765 2433 terras
790 2365 945 2432 habuisse
970 2371 1004 2432 et
1030 2363 1218 2450 possedisse

86 2472 315 2555 dignoscuntur
325 2493 426 2558 usque
436 2474 539 2542 modo.
551 2475 672 2541 Datum
683 2474 774 2542 Bude
784 2473 868 2541 feria
877 2480 971 2544 sexta
981 2472 1130 2558 proxima
1141 2480 1215 2538 ante

91 2583 293 2652 Dominieam
323 2583 617 2672 Ramispalmarum
634 2603 721 2652 anno
736 2583 868 2652 Domini
884 2581 994 2650 ΜΟΟΟο
1005 2582 1218 2666 nonagesimo

88 2692 243 2759 seeundo.

232 2885 244 2894 “
320 2885 439 2954 (Mision
453 2885 693 2954 alorsndgbirdnok
708 2887 822 2942 lusu-ki
836 2885 995 2954 iselstsbul.)

620 3709 675 3776 56.

72 3909 252 3974 ίοᾶοτηέν
266 3909 448 3994 eszterqami
466 3908 555 3972 drsek
570 3909 714 3993 iuuenum
738 3908 942 3992 drveoyesnek
966 3907 1134 3972 hatdrozzo
1160 3905 1221 3972 IV.

70 4017 200 4084 Ldealo
219 4015 399 4102 kirdlyaols
414 4040 434 4080 o
450 4017 641 4102 aguilazigeti
657 4013 882 4102 opdozuzdudo
907 4015 1138 4099 t'o'rveoylooae'si
1163 4019 1219 4083 im·

290 4124 465 4190 montanos
481 4125 637 4210 tdrqyoad
654 4124 907 4210 priuilegimudt.
924 4123 1021 4189 1292.

188 4320 268 4386 Nos
298 4316 510 4385 Lodomerius
542 4317 753 4388 miseroeione
784 4316 906 4384 Diuina
942 4317 1215 4405 Arehiepisoopus

61 4424 337 4512 Strigoniensis,
355 4425 481 4509 loeique
497 4426 641 4494 eiusdem
658 4427 772 4495 comos
788 4430 963 4512 perpetuus
972 4426 1124 4494 memorie
1134 4447 1218 4494 eom·

61 4535 284 4604 mencientes
300 4531 520 4616 signifieamus
536 4534 653 4618 quibus
670 4531 802 4621 expedit
829 4532 1008 4604 uniuersis:
1035 4533 1121 4618 quod
1149 4555 1218 4602 eum
