3098 5172
872 277 936 347 170

811 380 971 395 *Q*

312 479 422 547 Libad
440 477 568 544 nomine
585 496 656 564 suo,
688 481 720 544 et
735 476 808 542 vice
839 497 878 543 ac
909 479 1040 546 nomine
1073 471 1253 556 Michaelis,
1284 469 1453 548 l’ongracr

321 593 355 653 et
370 583 592 670 christophori
617 582 753 648 filiorum
778 604 908 653 suorum
940 586 983 653 ad
1014 589 1157 652 nostram
1188 576 1347 645 accedens
1379 587 1453 656 pre·

316 692 475 776 senciam,
501 690 665 775 quandam
695 690 933 776 possessionem
964 712 1023 760 seu
1052 697 1172 757 terram
1203 704 1295 753 suam
1325 675 1453 745 heredi-

322 798 439 866 tarium
465 796 645 884 Hydeglxut
677 805 838 882 uocatam,
872 818 945 865 oum
978 799 1127 864 omnibus
1156 791 1353 860 utilitatibus
1386 784 1455 852 suis

322 915 356 974 et
381 905 604 993 pertinencijs,
629 904 782 972 uidelicet
810 907 917 975 feneto
948 913 980 972 et
1011 909 1124 994 sylua3
1150 921 1209 969 nec
1243 918 1310 966 uon
1335 903 1455 962 terram

314 1015 535 1081 discretorum
575 1013 715 1080 virorum
746 1015 886 1100 Capituli
922 1012 1069 1082 Ecclesia
1100 1006 1332 1094 Strigonicnsis
1364 999 1458 1068 Giar-

325 1130 391 1189 mat
415 1129 562 1188 vocatam
572 1171 582 1205 ,
607 1141 666 1206 per
697 1120 888 1206 Magistrum
907 1121 995 1188 Petri
1013 1123 1191 1207 Nepotem,
1223 1108 1457 1183 videlicetllel-

324 1231 360 1299 la
374 1236 601 1318 nuncupatum,
618 1229 777 1293 iacentem
799 1235 833 1295 et
866 1230 1078 1314 existentem,
1105 1229 1275 1295 confessus
1308 1235 1358 1294 est
1383 1245 1461 1294 uen-

322 1337 450 1406 didisse
466 1356 580 1404 nouem
598 1335 726 1419 marcis,
739 1333 838 1420 plene
855 1334 979 1403 habitis
996 1343 1028 1402 ct
1054 1337 1202 1422 receptis,
1229 1335 1337 1401 eidem
1356 1335 1458 1419 Magi-

325 1456 392 1513 stro
408 1447 502 1514 Petro
519 1444 637 1528 Nepoti
654 1441 814 1527 videlicet,
830 1449 862 1509 et
877 1464 936 1530 per
953 1464 1027 1510 eum
1038 1445 1105 1511 suis
1123 1443 1372 1530 posteritatibus
1389 1449 1459 1511 iura

326 1560 481 1641 perpetuo
513 1560 544 1620 et
574 1549 834 1622 irrenocebiliter
873 1551 1114 1638 possidendam,
1141 1551 1316 1618 tenendam
1342 1557 1376 1616 et
1402 1551 1459 1618 ha·

326 1647 477 1730 beindam.
494 1664 584 1730 Meta
600 1663 694 1730 huius
725 1669 813 1730 terre
830 1661 1010 1748 Hydegkut
1035 1669 1151 1730 uocate
1175 1661 1292 1747 incipit
1318 1681 1340 1726 a
1365 1667 1458 1745 parte

326 1771 533 1838 meridionali
556 1789 577 1834 a
600 1776 689 1837 terra
713 1770 829 1854 Mnsla,
866 1776 898 1836 et
923 1768 1015 1835 uadit
1039 1768 1130 1836 iuxta
1155 1777 1275 1837 terram
1304 1767 1455 1837 ciusdem

328 1878 478 1962 Magistri
510 1879 609 1958 Petri,
635 1875 727 1942 Bella
751 1883 986 1962 nuncupatam,
1012 1881 1044 1942 ot
1070 1875 1255 1944 extenditur
1281 1896 1388 1959 usqne
1416 1875 1459 1941 ad

328 1985 491 2070 quandam
508 1984 627 2050 vallem
642 1980 794 2066 Nyarods
806 1983 984 2066 uulgaritcr
994 1985 1195 2050 nominatam
1205 2002 1319 2050 uersus
1329 1989 1456 2067 partem

316 2093 644 2179 wseptemtrionalem
661 2096 693 2156 et
708 2090 753 2157 ibi
768 2095 943 2175 separatur
959 2110 1017 2158 seu
1034 2091 1243 2176 distinguitur
1258 2111 1279 2158 a
1307 2090 1457 2176 predicte

322 2209 413 2267 terra
427 2199 533 2268 Libud
543 2197 727 2264 Wenceslai
744 2196 943 2286 supradicta,
959 2199 1027 2266 illic
1054 2197 1319 2266 determinandus
1348 2196 1454 2285 (lgy);

331 2314 461 2394 aparte
476 2327 554 2374 uero
571 2307 720 2372 orientali
737 2311 822 2372 terre
849 2306 996 2392 superius
1022 2307 1111 2374 dicta
1137 2309 1284 2375 Gicrmet
1309 2307 1455 2378 eiusdem

329 2414 472 2498 Capituli
503 2414 647 2480 Ecclesie
677 2413 912 2498 strigoniensis
936 2413 1110 2480 vicinatur.
1135 2418 1287 2482 Preterea
1324 2417 1458 2504 insuper

329 2522 416 2588 idem
432 2522 641 2588 Wenceslaus
656 2527 723 2588 tam
739 2539 798 2607 pro
815 2539 861 2603 se,
879 2541 976 2604 qnam
1001 2543 1059 2608 pro
1086 2524 1163 2610 suis,
1190 2523 1323 2590 firmiter
1350 2529 1383 2592 et
1408 2548 1457 2597 so.

329 2630 479 2697 lemniter
494 2631 683 2714 assumpsit,
701 2631 807 2715 ipsum
822 2631 1013 2714 Magistrum
1029 2633 1159 2698 Petrum
1182 2641 1214 2700 ct
1244 2653 1320 2701 suos
1348 2643 1453 2721 poste-

330 2757 383 2804 ros
397 2743 528 2805 racione
545 2737 690 2821 predicte
706 2742 791 2802 terre
817 2737 996 2824 Hydegkut
1011 2745 1125 2806 vocate
1152 2741 1306 2826 expedire
1326 2745 1397 2810 suis
1412 2745 1457 2810 la·

329 2843 461 2911 boribus
478 2851 510 2910 et
525 2842 689 2928 expensis.
707 2845 746 2909 ln
763 2843 852 2910 cuins
870 2845 917 2910 rei
943 2845 1130 2912 memoriam
1155 2855 1187 2914 et
1202 2854 1393 2933 perpetuam
1407 2853 1457 2917 fir·

330 2952 484 3040 mitatem,
502 2952 545 3018 ad
561 2950 755 3036 peticionem
781 2957 813 3017 ct
838 2950 1033 3019 instanciam
1059 2955 1204 3039 parcium
1228 2957 1456 3046 predictarum,

330 3067 496 3148 presentes
516 3059 749 3149 concessimus,
781 3060 882 3145 sigilli
909 3061 1010 3129 nostri
1034 3064 1210 3130 munimine
1234 3069 1456 3152 consignatas.

329 3171 451 3236 Datum
494 3189 579 3235 auno
610 3169 741 3236 Domini
783 3168 953 3236 millesimo
985 3171 1203 3240 ducentesimo
1245 3176 1457 3261 nonagesimo

331 3281 455 3362 quarto,
472 3275 608 3361 septimo
624 3275 700 3342 idue
715 3275 917 3344 Novembris.

331 3473 431 3536 (XVII.
446 3471 553 3534 sulendi
566 3471 729 3525 musolatbdl
742 3472 838 3525 Knanz
852 3472 969 3537 Mindon
984 3477 1100 3542 Magyer
1115 3475 1178 3528 Sion
1193 3479 1246 3528 111.
1271 3479 1327 3530 lxdt.
1351 3479 1411 3529 860.
1427 3477 1459 3544 l.)

793 3762 980 3770 ——.-.,.-.-..-...
998 3765 1005 3770 ..
