3112 5158
603 259 762 360 ,ML

112 449 279 519 kundinus
296 451 416 522 cantor
430 453 671 538 Strigouiensis,
688 455 844 538 Magister
868 457 1010 525 Jacobus
1034 455 1244 528 Arubidiaco-

113 580 173 627 nus
189 559 232 626 de
257 561 437 646 Kamarun,
463 563 620 646 Magister
647 562 833 630 Dominious
858 563 1047 649 Prepoaitus
1063 565 1244 635 Waoiensis

111 665 310 732 venerabilis
327 665 430 750 patris
445 667 566 733 domiui
583 667 763 754 Lodomerij
782 667 843 734 Dei
860 668 972 752 gracia
988 669 1243 758 archyepiscopi

114 773 354 858 Strigoniensis
385 773 615 861 Cancellarius,
639 775 796 857 Magister
827 775 1020 843 Franciscus
1051 778 1237 862 Propositus

113 880 229 946 Sancti
246 877 381 970 Thome,
398 888 430 948 et
447 882 546 949 ceteri
563 884 713 967 superios
729 883 888 949 nominati
914 885 1058 968 ipsarum
1085 888 1242 971 Strigoni·

112 987 200 1054 ensis
217 996 252 1054 et
277 988 388 1055 Sancti
414 988 537 1056 'l'bome
561 989 781 1056 Ecclesiarum
805 997 1031 1074 procuratores
1056 995 1241 1080 earundem,

113 1099 338 1178 procuratorio
365 1098 494 1166 nomine
519 1098 728 1186 iurauerunt,
760 1099 928 1186 premissa,
961 1100 1085 1169 scilicet
1116 1103 1241 1190 domus,

111 1204 291 1290 inlryliuos,
307 1227 438 1274 mansos
455 1213 487 1273 et
504 1207 752 1289 mansionarios,
769 1228 961 1292 quocunque
977 1208 1107 1276 nomine
1133 1232 1239 1280 oense·

111 1319 220 1397 antur,
237 1313 339 1400 ipsius
356 1312 553 1382 venerabilis
568 1314 671 1401 patris
686 1315 954 1403 archyepiscopi,
971 1317 1111 1404 Capituli
1128 1321 1188 1404 sui,
1209 1326 1241 1386 et

111 1421 262 1490 Ecclesie
278 1423 392 1490 Sancti
409 1424 533 1490 Tbome
548 1424 629 1491 iuris
645 1443 728 1510 esse,
746 1425 836 1490 nulla
861 1424 1062 1512 inposterum
1086 1428 1240 1511 malignis

111 1528 251 1626 iudicis,
268 1533 455 1598 iuratorum
472 1539 503 1598 ct
519 1533 644 1599 Cinium
660 1533 969 1619 maobynacionibns
986 1535 1183 1618 ambiguitas
1208 1542 1241 1602 ot

114 1637 340 1723 calumpniosa
373 1640 573 1707 concertaeio
598 1642 707 1708 ualeat
738 1641 896 1724 suboriri;
923 1640 1087 1726 predictos
1113 1641 1240 1729 londos,

111 1766 218 1834 areas,
236 1745 360 1833 domos,
377 1747 492 1832 curias,
510 1747 745 1816 mansionarios
762 1750 947 1836 censuales,
962 1769 1024 1832 que
1049 1751 1158 1816 omnia
1182 1769 1239 1836 per

111 1853 301 1938 Magistrum
318 1857 515 1924 Demetrium
531 1856 729 1924 Oauonicum
747 1857 931 1942 Albensem,
947 1857 1143 1925 familiarem
1169 1860 1239 1926 Glo-

110 1963 211 2028 rionm
229 1965 351 2031 Domus
367 1971 487 2051 nostre,
515 1972 547 2031 et
570 1963 753 2032 Johannem
780 1965 913 2032 fratrem
929 1965 1045 2053 Botya,
1077 1965 1236 2032 bominem

111 2070 274 2138 Dominiol
288 2072 438 2156 Magistri
454 2073 709 2141 Tauarnicorum
734 2079 914 2140 nostrorum
941 2073 1137 2138 reambulari
1165 2073 1238 2140 leoi-

112 2197 191 2264 mus,
209 2183 244 2244 et
259 2179 293 2244 in
310 2181 430 2246 nostris
445 2180 560 2248 litteris
580 2183 752 2264 annotari3
779 2181 921 2246 omnium
946 2181 1080 2263 inquam
1105 2181 1239 2265 premis-

111 2303 218 2350 sorum
235 2285 354 2353 iurinm
370 2288 503 2356 uomina
527 2285 570 2355 ad
595 2288 775 2354 uberiorem
800 2286 979 2355 futurorum
1004 2289 1166 2355 cautelam
1192 2291 1238 2356 iu-

111 2393 302 2461 temerenda
317 2396 523 2481 presentibus
539 2395 722 2462 sensuimus
738 2394 899 2479 seriatim,
915 2401 946 2460 et
962 2395 1021 2461 heo
1037 2395 1167 2479 quidem
1193 2398 1236 2464 da

110 2500 289 2584 prenotatis
316 2501 676 2586 SancteStrigoniensis
703 2502 848 2568 Ecclesia
872 2501 1006 2588 iuribus,
1039 2524 1080 2570 ne
1111 2503 1237 2572 scilicet

110 2627 165 2692 per
179 2609 271 2677 ciues
286 2609 330 2678 ad
345 2610 470 2678 Judicis
486 2617 519 2678 et
532 2611 716 2678 iuratorum
741 2629 873 2676 suorum
890 2607 1080 2697 (iudicium)
1106 2613 1237 2679 valcant

110 2717 249 2802 euocari,
265 2718 319 2783 vel
335 2717 513 2800 collectam,
529 2717 593 2802 ipsi
610 2717 743 2784 Ciuitati
760 2715 973 2800 Strigoniensi
990 2717 1155 2806 indictam,
1182 2740 1233 2786 oc-

111 2825 240 2891 casione
256 2823 369 2908 aliqua
385 2825 515 2908 exigere
540 2826 672 2891 ualeant
697 2824 739 2889 ab
763 2823 902 2910 eisdem3
928 2823 969 2889 dc
994 2825 1148 2913 antiquis,
1173 2847 1235 2909 quo

111 2934 268 3018 premissa
284 2939 369 3018 sunt,
385 2952 450 2998 non
468 2932 508 2998 de
533 2931 659 2998 nouiter
684 2930 861 3015 acquisitis,
887 2930 972 2997 sicut
997 2939 1047 2998 cst
1070 2933 1234 3018 palacium

112 3040 238 3104 domine
253 3039 376 3126 Zeuye,
394 3039 447 3104 vel
463 3040 598 3104 ulterius
615 3037 707 3104 iustis
721 3037 917 3120 quibuslibet
941 3036 1043 3104 titulis
1067 3041 1234 3122 acquiren-

112 3145 158 3213 rlis
173 3167 256 3213 sano
271 3146 383 3214 sentiri
400 3149 547 3214 volumus
564 3145 737 3212 intellecto.
763 3145 846 3211 Nam
873 3144 978 3230 ipsum
1003 3147 1176 3232 palacium,
1203 3155 1234 3213 et

112 3255 174 3320 alia
217 3256 360 3338 quelibet
389 3254 525 3320 ulterius
556 3251 773 3339 acquirenda,
813 3258 969 3336 quantum
1000 3253 1046 3318 ao
1077 3254 1230 3321 collectas

113 3382 294 3432 communes
313 3371 346 3430 et
371 3383 490 3430 causas
515 3361 712 3430 iudicialiter
737 3360 980 3447 examinandas,
1005 3362 1165 3428 communi
1191 3365 1232 3430 ci·

113 3471 194 3536 uium
221 3471 491 3555 Strigouiensium
523 3471 594 3554 lege
618 3469 733 3537 merito
765 3469 992 3536 censebuntur.
1019 3470 1100 3536 Jura
1124 3477 1232 3536 autem

111 3577 192 3644 intra
207 3578 364 3647 fossatum
378 3579 572 3661 singillatim
588 3579 755 3645 nominata
772 3585 847 3644 suut
872 3577 949 3643 bec:
966 3575 1118 3644 uidelicet
1141 3579 1232 3663 pala·

112 3687 193 3751 cium
208 3684 326 3753 Jacobi
344 3686 512 3772 institoris,
528 3693 560 3752 et
577 3686 690 3751 domus
708 3683 824 3752 Oboka
840 3684 977 3751 sartoris
993 3684 1026 3750 iu
1051 3704 1119 3750 uua
1141 3687 1232 3752 ouria

112 3794 316 3878 iobagionum
333 3793 477 3860 eiusdem
494 3792 615 3860 domini
632 3791 891 3878 Archyepisoopi
909 3792 952 3858 ad
969 3794 1038 3859 eius
1064 3792 1231 3859 cellarium

110 3901 325 3986 pertinentes,
342 3901 420 3967 item
438 3901 527 3967 curia
554 3907 585 3967 et
610 3901 723 3968 domos
749 3899 899 3967 Ladiulai
930 3899 990 3982 filij
1022 3901 1169 3982 Donlrus‚
1200 3909 1232 3966 et

111 4009 243 4077 duorum
259 4010 514 4076 seldeuariorum
541 4029 689 4093 suor·om;
716 4010 792 4074 item
817 4008 937 4076 ibidem
963 4007 1078 4074 domus
1104 4007 1229 4093 Jacobi,

109 4137 170 4198 que
185 4118 244 4186 luit
260 4117 428 4200 quondam
445 4117 524 4184 Isak
542 4118 581 4182 ue
598 4116 745 4201 Koaoby3
765 4123 797 4182 et
812 4114 925 4183 domus
953 4117 1087 4184 liliorum
1104 4115 1231 4182 Fullrus

108 4226 142 4288 in
159 4247 220 4294 una
235 4227 327 4292 curia
344 4227 537 4312 constitute,
559 4227 635 4292 item
652 4225 766 4292 domus
791 4225 926 4310 Domai,
958 4231 991 4291 ot
1023 4225 1136 4290 domus
1163 4225 1230 4308 My·

105 4333 227 4402 abaelis
243 4335 390 4420 sartoris,
408 4336 441 4400 in
458 4355 525 4402 una
540 4335 629 4400 ouria
645 4334 837 4417 coustitutc3
863 4333 976 4400 domus
1001 4329 1114 4398 Heuolr¹
1140 4331 1230 4416 peili·

106 4443 200 4527 parij,
215 4463 278 4526 qne
295 4443 457 4527 quondam
473 4443 533 4510 fuit
558 4443 673 4508 domus
705 4441 825 4528 thyl,
851 4441 939 4508 oiroa
963 4449 1089 4526 portam
1121 4443 1229 4524 pontis
1310 4441 1315 4448 ’

106 4551 218 4618 Sancti
234 4552 406 4636 Laureuoij
424 4571 445 4620 a
462 4553 714 4640 septemtrione,
730 4553 807 4618 item
832 4551 950 4618 ibidem
977 4551 1091 4620 domus
1115 4553 1229 4620 Konob
