3132 5162
112 1124 141 1186 A
156 1127 250 1209 pyrri
266 1125 496 1209 katptclcoook
511 1125 787 1210 bizonpauqlevele,
821 1127 904 1211 lopy
931 1125 1038 1209 Zyclci
1054 1123 1193 1192 Loriocz
1209 1128 1242 1191 ta

113 1231 256 1296 nemora
279 1215 702 1318 camposauro-roacare
720 1233 843 1316 Barea,
862 1233 970 1300 nou
991 1233 1113 1318 firma
1128 1233 1239 1298 uarro-
1367 1259 1369 1262 -

524 1341 710 1426 positottetlc.
730 1340 826 1406 1291.

221 1530 290 1601 Nor
306 1531 490 1617 Capitulum
499 1531 683 1602 lauriensis
693 1533 840 1603 Ecclesia
850 1534 1003 1600 memorie
1013 1531 1239 1600 commendan-

113 1635 228 1705 dantes
245 1637 468 1722 significamus
485 1639 602 1724 quibus
618 1639 750 1727 expedit
766 1641 970 1726 presencium
996 1659 1055 1723 per
1079 1645 1236 1725 tenorem,

114 1742 195 1826 quod
222 1743 400 1811 Laurencio
426 1750 458 1810 et
482 1745 647 1813 Demetrio
671 1746 749 1833 filijs
775 1747 870 1832 Zynk
894 1745 1058 1813 nobilibus
1080 1746 1121 1812 de
1145 1745 1240 1832 Zynk

114 1869 168 1932 pro
185 1869 221 1916 ac
237 1851 279 1916 ab
295 1871 361 1917 nna
385 1855 490 1937 parte,
516 1853 622 1919 Baroh
647 1852 714 1919 filio
741 1853 847 1920 Baroh
873 1836 1024 1920 similiter
1048 1872 1106 1938 pro
1131 1871 1166 1919 se
1198 1852 1238 1917 de

115 1955 224 2023 eadem
242 1977 285 2024 ex
300 1959 413 2044 altera,
430 1978 538 2026 coram
555 1959 650 2027 nobis
676 1959 890 2042 personaliter
914 1959 1112 2043 constitutis,
1139 1957 1238 2043 ijdem

113 2063 310 2132 Laureneius
336 2071 368 2131 et
397 2066 582 2134 Demetrius
607 2065 794 2152 porcionem
819 2086 912 2134 snam
937 2085 1035 2154 quam
1059 2063 1180 2132 habent
1205 2066 1239 2132 in

115 2177 199 2238 terra
225 2171 399 2238 Clementis
425 2192 465 2238 ao
489 2173 597 2258 Egidij
625 2175 842 2260 proximorum
870 2192 998 2240 suorum
1023 2172 1094 2239 sine
1119 2169 1238 2238 herede

114 2274 352 2364 decedencium,
385 2297 483 2361 quam
507 2278 637 2362 quidem
657 2278 843 2365 porcionem
861 2281 975 2347 Comes
1002 2277 1175 2362 Gregorius
1202 2276 1236 2341 fi-

112 2379 173 2448 lins
187 2383 275 2450 Petri
302 2385 521 2452 mediantibus
544 2385 663 2452 nostris
688 2385 950 2470 priuilegialibus
975 2383 1091 2452 litteris
1117 2381 1237 2451 eisdem

112 2507 167 2572 pro
178 2491 322 2573 quinque
332 2491 449 2558 marcis
459 2499 491 2557 et
502 2490 626 2560 fertone
635 2491 775 2558 latorum
787 2491 993 2558 denariorum
1004 2490 1236 2557 Viennensium

113 2594 317 2678 antiquorum
343 2597 491 2664 uendidit
515 2618 625 2666 coram
651 2601 756 2684 nobis,
773 2598 878 2664 eidem
904 2598 1009 2665 Baroh
1038 2596 1105 2664 filio
1130 2595 1237 2663 Barch
1336 2627 1344 2654 0

113 2721 169 2784 pro
185 2703 287 2770 tribus
307 2705 424 2772 marcis
449 2705 664 2772 consimilium
698 2707 903 2774 denariorum
930 2704 1163 2772 Viennensium
1192 2702 1237 2788 pi-

116 2811 206 2888 gnori
222 2809 427 2894 obligarunt3
445 2812 503 2877 tali
519 2812 625 2898 modo,
641 2813 728 2895 quod
744 2811 1002 2896 quandocunque
1022 2809 1181 2877 noluerint
1201 2816 1233 2874 et

117 2911 251 2981 facultas
268 2916 317 2981 eis
333 2918 525 3004 suppeterit,
543 2938 601 3004 pro
626 2939 776 3004 eumpma
802 2919 954 3005 superius
971 2936 1127 3002 expressa
1153 2913 1233 2981 redi·
1359 2953 1362 2958 ι

116 3019 218 3087 mendi
234 3021 380 3090 habeant
394 3024 530 3090 liberam
547 3023 749 3094 facultatem.
776 3028 897 3092 Datum
922 3023 1024 3091 tercia
1050 3023 1133 3089 feria
1158 3041 1234 3108 pro·

112 3126 197 3194 xima
212 3137 285 3215 pcat
301 3130 418 3198 festum
434 3131 536 3198 Beate
561 3131 716 3200 Katerine
742 3132 887 3217 uirginis,
915 3152 1001 3199 anno
1025 3127 1155 3195 Domini
1185 3127 1235 3192 Μο

114 3232 331 3305 ducentesimo
347 3237 560 3321 nonagesimo
576 3237 689 3323 primo.

113 3447 249 3512 (Bredctie
262 3448 439 3521 bernarium,
452 3468 469 3504 a
480 3450 574 3520 poeste
587 3450 663 3505 hatril
676 3455 734 3506 volt
747 3454 798 3506 oda
810 3468 936 3520 nyomva,
957 3453 991 3506 de
1013 3449 1081 3506 mir.
1093 3444 1234 3505 lamtllott.

412 3557 429 3592 a
441 3556 526 3606 nemu.
540 3557 670 3595 munennr
689 3539 929 3609 naturalitater.)

568 3825 774 3843 *-
