3098 5172
671 297 736 378 lib

130 489 180 570 de
194 499 283 569 omui
298 499 439 570 collecta
455 509 488 569 ct
503 500 721 588 qualicunque
737 501 921 600 exaccione,
939 523 1004 588 que
1019 503 1054 572 in
1069 501 1182 588 Regno
1208 514 1264 574 no·

138 615 205 677 stro
230 607 300 676 fieri
325 617 574 698 consueuerant,
599 611 641 679 dc
665 617 777 679 nostra
802 611 915 696 gracia
945 610 1085 697 pleniori
1113 610 1267 684 duximus

138 716 371 802 perpetualiter
382 714 582 784 eximendos.
594 716 686 786 Adeo
697 718 807 803 plenu,
817 716 903 801 quod
919 718 1050 785 racione
1066 717 1187 786 nullius
1204 717 1270 784 ool·

137 823 223 889 lecte
238 824 292 889 vel
310 823 495 892 exaccionis
513 831 580 891 tam
597 824 802 891 denariorum
818 843 915 908 quam
927 823 1117 892 victualium
1128 823 1270 890 debeant

138 932 316 1032 molestari,
342 951 404 998 nee
429 931 548 1016 aliquis
572 931 624 998 vel
650 931 753 1017 aliqui
777 930 959 999 huiusmodi
984 931 1192 998 collectarum
1217 931 1270 998 uel
1380 931 1383 944 '

137 1038 326 1107 victualium
341 1046 513 1107 exactores
534 1039 568 1106 in
594 1036 774 1124 predictam
797 1039 945 1105 Insulam
970 1037 1015 1106 ad
1039 1037 1100 1105 hec
1126 1021 1269 1105 dica'uda

137 1147 191 1214 uel
207 1145 371 1232 exigenda
388 1146 613 1216 admittantur.
631 1147 787 1214 Volumus
804 1147 907 1212 eciam
923 1152 956 1213 et
968 1145 1165 1231 ordinamus,
1181 1142 1269 1228 quod

139 1251 241 1340 Prior,
257 1257 315 1320 aut
330 1253 464 1337 fratres,
479 1255 596 1337 quibus
614 1252 888 1338 ouraMunasterij
907 1253 1110 1340 prefatarum
1121 1271 1268 1320 sororum

139 1359 238 1428 suerit
262 1362 453 1446 commissa,
468 1364 510 1430 ab
536 1361 796 1430 inhabitantibus
807 1364 914 1447 ipsam
939 1360 1080 1428 insulam
1106 1377 1270 1444 expensas

139 1469 266 1552 aliquas
292 1469 477 1536 moderatas
494 1467 547 1536 uel
564 1467 718 1536 collectas
734 1467 863 1555 possint
878 1467 912 1533 in
928 1466 1107 1534 subsidium
1139 1485 1198 1550 sep
1206 1465 1270 1532 edi·

140 1581 263 1643 ctarum
280 1574 480 1642 dominarum
497 1575 639 1662 exigere,
656 1575 785 1661 quaudo
801 1573 924 1642 eisdem
940 1573 1096 1640 fratribus
1122 1591 1161 1637 uo
1185 1592 1268 1638 soro·

138 1681 229 1748 ribus
245 1681 442 1750 videbuntur
457 1682 700 1752 racionabiliter
717 1703 756 1749 ac
771 1680 1022 1758 misericorditer
1038 1675 1211 1762 exigenda.
1230 1679 1268 1745 ln

139 1788 231 1856 cuius
246 1789 294 1855 rei
309 1788 496 1858 memoriam
512 1795 765 1875 perpetuamque
790 1788 974 1854 firmitatem
1000 1791 1170 1870 presentes
1195 1803 1267 1851 con·

138 1896 297 1964 cessimus
309 1895 436 1964 litteras
453 1897 616 1984 duppliois
633 1897 735 1982 sigilli
761 1895 862 1964 nostri
887 1892 1064 1961 munimine
1088 1893 1267 1959 roboratas.

137 2004 260 2072 Datum
285 2024 344 2090 per
359 2024 476 2074 munus
493 2004 687 2074 venerabilis
704 2003 807 2091 patris
819 2004 939 2070 domini
949 1999 1113 2069 Theodori
1123 2000 1185 2066 Dei
1197 2017 1269 2084 gra-

138 2113 191 2179 cia
205 2113 363 2199 Episcopi
394 2112 574 2183 lauriensis
600 2113 676 2180 aule
701 2118 810 2180 nostre
835 2107 1122 2192 Vico-Cancellarij
1151 2107 1266 2174 dilecti

136 2227 169 2290 et
183 2219 289 2286 fidelis
306 2221 428 2306 nostri;
445 2241 529 2289 anno
546 2219 678 2288 Domini
692 2218 865 2288 millesimo
881 2216 1101 2286 ducentesimo
1127 2233 1268 2299 nonage-
1316 2265 1324 2282 .

137 2329 221 2398 simo
238 2329 362 2418 quinto,
379 2330 486 2398 XVII.
504 2329 666 2397 kalendas
682 2327 895 2416 Septembris,
911 2326 1016 2411 Regni
1032 2331 1140 2393 autem
1165 2323 1268 2393 nostri

137 2458 224 2505 anno
241 2442 345 2506 sexto.

137 2634 280 2703 (Ersdctio
293 2630 470 2700 bb'rhlrtytn,
485 2639 594 2688 aritrtts
607 2629 688 2701 strga
701 2633 931 2702 selyemasinbron
954 2635 1039 2706 filggd
1061 2631 1209 2702 peccetnelr
1230 2637 1270 2686 tu·

324 2722 422 2776 radeire
436 2739 569 2790 megum
584 2740 601 2777 a
614 2725 698 2777 budai
726 2725 753 2776 k.
767 2725 889 2777 kamarai
902 2722 1093 2792 lsrtlttrban.)

602 3019 817 3039 m

670 3543 745 3621 nb.

138 3743 202 3817 III.
218 3741 331 3816 nadre
347 3745 455 3836 kirtly
470 3752 647 3837 mepcrtst'ta'
663 3751 721 3818 IV.
738 3751 821 3817 Bda
838 3743 1012 3839 ltindlyuulc
1023 3745 1139 3818 Marta
1155 3750 1274 3818 Turoca

137 3863 257 3946 meppea·
273 3857 428 3945 belpee'pct
444 3860 598 3947 tatrpyozd
623 3859 891 3969 adomdcyloueltt
906 3884 944 3927 aa
960 3860 1069 3927 ottoni
1092 3861 1272 3930 btrtoborolt

575 3972 733 4036 szdmdra.
753 3968 850 4036 1295.

244 4159 398 4230 Andreas
409 4163 471 4231 Dei
482 4162 779 4252 graciaHungarie,
791 4163 974 4253 Dalmacie,
992 4164 1135 4253 Croucie,
1153 4166 1268 4254 Rame,

134 4265 261 4354 Seruie,
280 4267 428 4356 Gallicie,
444 4271 647 4358 Lodomen'e,
665 4271 833 4360 Cumanis,
850 4273 1064 4358 Bulgarieque
1080 4273 1149 4341 Rex
1166 4273 1266 4342 omui·

134 4374 196 4442 bus
212 4373 340 4444 Christi
354 4377 507 4448 fidelibus
521 4387 692 4467 presentes
708 4381 835 4450 litteras
861 4381 1055 4469 inspecturis
1073 4381 1212 4450 salutem
1230 4381 1265 4447 iu

134 4485 280 4552 Domino
291 4485 531 4572 sempiternam.
542 4489 592 4555 Ad
602 4491 825 4558 rniuersorum
835 4489 991 4558 noticiam
1006 4496 1117 4558 tenore
1134 4509 1267 4576 presen-

9 4675 10 4678 ,
133 4590 221 4660 cium
232 4595 383 4663 uolumus
399 4597 580 4685 peruenire,
598 4597 683 4683 quod
696 4599 796 4670 Hoek·
807 4599 895 4670 tilius
912 4600 1012 4690 Jauk,
1028 4599 1220 4688 Buda,1sor
1232 4605 1264 4666 ct

1024 4709 1114 4776 mn*
