3112 5158
574 291 728 402 „133-

84 491 182 558 clesie
199 490 446 576 strigoniensis,
463 489 618 574 Magister
634 488 846 575 seraphynus
862 487 1051 575 Propositus
1067 487 1212 552 Ecclesia

85 599 304 680 Posonionsis,
321 599 477 682 Magister
493 597 726 682 erundynus
754 595 895 664 Cantorc
922 596 1067 662 Ecclesie
1092 595 1211 677 strigo·

86 707 218 792 niensis,
236 707 393 790 Magister
418 706 560 794 lacobus
587 703 854 790 Archydiaconus
879 704 920 770 de
945 705 1120 788 Kamarun,
1146 703 1213 766 Ma-

83 818 184 900 gister
204 814 372 882 Emericus
388 813 579 896 Propositus
595 811 742 879 Ecclesie
769 813 881 879 Sancti
907 811 1040 898 Georgij
1069 811 1110 876 de
1135 810 1214 876 stri-

87 923 195 1010 gonio,
212 922 372 1006 Magister
398 921 574 1004 Gregorius
600 921 702 987 frater
726 921 860 988 Comitis
876 922 1004 1006 Oeeney
1031 919 1071 985 dc
1097 937 1215 1001 genero

86 1033 250 1116 Metopon,
267 1028 466 1095 Laurencius
484 1035 516 1094 et
541 1028 699 1115 Anyanus
726 1028 885 1112 Magistri,
914 1029 1027 1093 Petrus
1053 1029 1214 1110 Decanus,

87 1147 117 1206 et
132 1139 292 1222 Magister
309 1137 499 1202 Dominicus
514 1135 703 1220 Propositus
718 1135 910 1222 Wacionsis,
942 1135 1097 1218 Magister
1122 1133 1215 1200 Nico·

86 1247 169 1328 laus,
187 1251 221 1310 ct
236 1243 392 1328 Magister
401 1242 593 1309 Promissus
604 1243 794 1328 Propositus
811 1239 957 1309 eiusdem
972 1240 1118 1308 Ecclesia
1129 1241 1211 1305 San-

88 1355 128 1420 cti
143 1353 277 1434 Thomc,
297 1351 451 1416 Canonici
468 1351 614 1416 Ecclesia
630 1349 875 1437 strigoniensis,
892 1369 949 1415 suo
967 1355 1000 1414 et
1024 1350 1129 1414 tocius
1155 1349 1213 1416 Ca-

87 1460 176 1545 pituli
193 1457 439 1543 strigoniensis,
456 1457 668 1540 Ecclesieque
683 1459 792 1524 sancti
811 1458 935 1524 Tbcme
970 1457 1009 1521 do
1025 1459 1214 1524 Promonto-

88 1571 132 1636 rio
164 1567 383 1651 strigoniensi
415 1567 554 1652 nomino,
588 1570 679 1634 iuxta
709 1589 846 1635 examen
862 1569 964 1634 nostri
980 1567 1120 1654 Judicij,
1146 1587 1217 1654 pre-

90 1685 177 1744 sente
211 1675 352 1742 disoreto
377 1676 447 1741 viro
472 1675 629 1758 Magistro
663 1675 833 1743 Theodoro
858 1676 1028 1760 Proposito
1059 1677 1213 1742 Albensis

89 1785 232 1852 Ecclesia
248 1783 322 1850 aule
339 1789 449 1848 nostre
466 1783 770 1866 Vico-sancellario‚
787 1783 830 1850 ad
847 1785 907 1850 boc
923 1804 945 1849 a
969 1785 1062 1849 nobis
1089 1783 1214 1870 specie·

88 1894 157 1958 liter
173 1892 340 1976 deputato,
358 1910 467 1956 coram
483 1889 645 1972 religiosis
670 1891 749 1956 viris
775 1891 940 1974 Wytkone
965 1891 1065 1956 l'ratro
1090 1891 1238 1956 Domus.

89 1999 276 2086 Hospitalis,
289 1999 547 2084 iratreNycolao
564 1999 719 2082 Magistro
736 1997 970 2066 Orncilcrornm
987 1997 1099 2066 Sancti
1111 1999 1210 2082 Regis

90 2108 240 2194 stephani
257 2107 298 2172 dc
315 2106 490 2193 strigonio,
506 2113 538 2172 et
554 2107 712 2174 Bankone
723 2109 822 2173 fratre
838 2107 992 2192 eiusdem,
1020 2107 1053 2172 in
1081 2107 1207 2191 capella

91 2215 198 2281 Sancti
214 2215 332 2304 Blasij,
350 2215 382 2280 in
398 2213 496 2280 Curia
512 2215 693 2300 Hospitalis
709 2225 788 2299 aput
813 2215 1011 2299 Strigonium
1038 2217 1208 2301 existento,

93 2323 238 2406 quamuis
255 2345 295 2391 ex
311 2322 591 2407 superhabundali
608 2323 784 2389 indictuum
796 2345 854 2408 per
869 2344 929 2388 nos
945 2323 1151 2411 iudicialiter,
1162 2347 1215 2392 vo·

91 2432 166 2498 catis
183 2431 317 2516 quidem
333 2452 374 2495 ex
399 2429 520 2497 eisdem
547 2431 678 2498 Ciuibus
705 2453 745 2497 ex
770 2431 923 2498 mandato
940 2441 1059 2516 nostro,
1086 2433 1144 2499 sed
1175 2447 1211 2500 'so

90 2539 318 2606 contumaciter
334 2539 593 2627 absentantibus,
610 2561 671 2606 nec
686 2545 795 2606 tamen
811 2538 1001 2625 prodictam,
1018 2541 1058 2606 de
1085 2542 1214 2626 prefato

90 2647 264 2714 iuramento
282 2647 362 2732 ipsis
377 2647 578 2732 presentibus
596 2647 629 2712 in
645 2647 752 2731 figura
767 2647 885 2732 Judicij
903 2668 961 2732 per
989 2655 1130 2714 nostram
1151 2650 1215 2713 Ma-

91 2756 234 2823 iestatem
250 2755 372 2822 iactam
390 2755 633 2823 ordinacionem
650 2755 886 2841 ignorantibus,
914 2757 1122 2842 prestiterunt
1147 2778 1213 2823 ccr-

90 2863 243 2945 poraliter
259 2864 486 2942 iuramentum,
504 2863 588 2945 quod
613 2864 699 2930 idem
727 2865 924 2932 venerabilis
948 2871 1041 2948 pater
1068 2865 1215 2932 dominus

93 2970 370 3056 rlrchyepiscopus
386 2977 417 3035 et
433 2971 618 3055 Capitulum
636 2972 868 3056 strigoniense,
900 2993 940 3036 ac
965 2973 1112 3038 Ecclesia
1137 2971 1215 3036 San-

90 3077 130 3142 cti
147 3080 270 3144 Thome
287 3099 308 3143 a
325 3078 520 3164 temporibus
537 3080 719 3165 retroactis,
736 3063 872 3163 qnorum
889 3082 1045 3144 memoria
1056 3100 1119 3146 non
1131 3081 1212 3148 exis-

88 3186 136 3270 tit,
153 3185 282 3253 iuemnt
311 3186 345 3250 in
370 3187 574 3272 possessione
599 3188 741 3252 omnium
766 3187 992 3272 promissorum
1020 3207 1091 3252 cum
1119 3189 1214 3272 pleno

88 3293 156 3359 inre
172 3294 382 3380 proprietatis
395 3301 427 3360 et
453 3296 600 3381 perpetui
619 3293 764 3380 dominij,
783 3301 876 3380 prout
907 3295 1076 3360 mullorum
1104 3316 1214 3380 proge-

87 3401 223 3466 nitorum
238 3409 432 3486 nostrorum,
449 3400 622 3467 illustrium
648 3403 771 3484 Regum
796 3403 901 3486 Regni
928 3401 1105 3490 Hungarie,
1131 3404 1214 3468 anti·

86 3531 149 3592 qna
167 3517 199 3576 et
215 3531 303 3575 nona
318 3530 377 3594 per
394 3509 605 3577 succedentes
623 3513 737 3595 Reges,
754 3512 900 3596 tritauos,
917 3518 1043 3594 atauus,
1061 3531 1212 3598 proauos,

87 3637 230 3698 auosque
246 3623 373 3682 nostros
400 3617 486 3682 omni
513 3618 709 3704 excepcionc
734 3617 859 3684 maiora
885 3625 918 3684 et
935 3619 1006 3684 luce
1033 3618 1214 3684 meridiana

86 3723 223 3788 clariora
238 3723 436 3790 luculentius
452 3723 596 3791 indicant
623 3725 847 3793 instrumenta.
874 3726 926 3791 Ad
951 3747 1084 3811 quorum
1111 3727 1213 3792 eciam

88 3829 251 3896 maliciam
280 3849 322 3894 ex
338 3829 422 3896 niuis
440 3831 624 3898 nacionibus
642 3837 674 3898 et
690 3833 798 3898 causis
814 3835 995 3918 perspicuis
1022 3835 1213 3900 conuincen·

84 3934 171 4022 dam,
188 3937 267 4003 satis
284 3936 434 4003 sufficere
459 3945 630 4022 potuerunt
655 3945 841 4025 perpetrate
867 3960 924 4024 per
950 3961 1005 4006 eos
1030 3947 1213 4008 nostrarum

84 4041 320 4109 diffinicionum
337 4045 613 4129 transgressiones
631 4055 663 4112 et
679 4046 911 4134 obligaciones,
929 4048 1212 4115 consencientibus

83 4159 147 4216 tam
166 4151 237 4234 ipso
253 4151 432 4216 venerabili
449 4158 540 4234 patre
556 4158 588 4218 et
606 4151 757 4237 Capitulc
774 4173 843 4239 suo,
862 4173 958 4236 quam
987 4151 1130 4239 Ciuibus,
1157 4173 1215 4237 per

84 4277 143 4323 nos
163 4257 366 4346 interposite,
399 4259 482 4327 inter
500 4267 619 4345 partes.
638 4259 718 4325 Cum
736 4260 818 4326 enim
837 4281 893 4344 per
918 4267 1060 4326 nostram
1089 4261 1213 4327 seroni-

85 4373 188 4431 tatem
205 4365 404 4454 impositum,
421 4375 452 4432 et
476 4389 533 4453 per
551 4375 862 4453 utramquepartem
887 4375 1012 4455 sponte,
1038 4367 1165 4456 ydonee
1182 4376 1214 4435 ot

82 4473 288 4563 simpliciter,
309 4477 381 4544 sine
397 4477 512 4563 quouis
530 4477 755 4563 rofragacionc
771 4477 868 4544 fuerit
884 4487 1096 4566 assumptum,
1114 4477 1215 4544 vtlite

81 4583 247 4666 pendente
262 4583 361 4652 nichil
378 4587 509 4654 omnino
525 4587 559 4654 in
573 4587 761 4656 alterutrius
787 4585 892 4672 partis
915 4585 1131 4672 preiudicium
1160 4585 1214 4652 de·
