3120 5172
617 311 781 409 „aa-1—

129 502 266 572 fluoium
282 504 404 570 Zwoha
420 511 579 589 vocatum,
600 505 749 590 peruenit
764 503 809 571 ad
824 505 907 571 duas
923 505 1058 572 arbores
1090 505 1174 594 piry,
1200 509 1264 574 sub

133 630 271 694 quarum
288 629 354 676 vna
370 616 420 676 est
434 617 522 678 meta
537 615 663 696 terrea,
681 616 713 675 et
723 610 999 695 pertransseundo
1010 612 1118 696 ipsum
1127 611 1262 680 fluuium

132 717 239 783 eundo
255 715 378 784 directo
394 717 489 783 exilit
504 717 596 783 aliud
611 718 745 785 fluuium
760 717 910 785 similiter
925 717 1027 784 tha
1043 725 1194 786 vocatum
1206 741 1215 803 ς
1227 724 1260 784 et

132 823 239 889 eundo
254 823 362 890 adhue
377 843 489 890 versus
506 823 672 889 meridiem
688 823 723 888 in
739 829 829 890 terra
844 824 964 890 arabili
980 823 1086 908 iungit
1101 823 1184 891 duas
1211 843 1260 890 ar·

132 931 227 996 bores
244 931 329 1016 piry,
348 929 408 995 sub
426 951 561 1014 quarum
578 951 643 996 rna
661 937 709 996 est
723 937 821 1016 mets,
839 935 871 995 et
888 931 957 994 alia
974 937 1023 997 est
1040 931 1074 995 in
1092 937 1195 1014 msta3
1225 935 1259 996 et

64 1081 66 1089 ,
133 1035 242 1101 adhue
257 1036 364 1103 eundo
380 1037 500 1104 direoie
516 1057 575 1124 per
589 1039 685 1106 binas
703 1045 736 1105 et
752 1039 846 1104 binas
861 1045 968 1105 metas
983 1036 1133 1106 aseendit
1149 1055 1264 1104 versus

134 1139 227 1206 Kaaa
242 1161 340 1226 super
355 1141 465 1224 berch,
493 1149 526 1210 et
549 1143 697 1229 peruenit
722 1143 765 1210 ad
792 1149 858 1210 tres
883 1148 996 1230 metas,
1022 1163 1084 1227 que
1108 1150 1266 1229 separant

132 1247 217 1313 inter
232 1247 327 1314 Kaza
343 1255 376 1315 ei
392 1249 561 1318 Oorithian
578 1257 609 1317 et
624 1250 764 1338 Nyargh
780 1249 998 1338 supradictas,
1026 1257 1058 1318 et
1082 1250 1129 1316 ibi
1153 1249 1265 1317 termi-

133 1359 263 1419 uantur.

135 1547 254 1616 (Roland
266 1549 353 1604 nidor
368 1553 481 1604 lass-ki
496 1549 678 1619 okma'myabol
691 1555 764 1610 XIV.
778 1551 886 1607 saiaadi
899 1553 1060 1621 feljegyzes,
1073 1571 1090 1606 a
1114 1554 1198 1605 budai
1211 1555 1266 1605 kir.

533 1641 656 1695 kamarai
678 1641 869 1708 leveltirban.)

596 1927 804 1936 -nu----.--

664 2438 739 2508 221.

132 2635 269 2700 Rolaad
283 2635 389 2700 addar
406 2636 481 2700 aloa
511 2631 694 2718 Jdkofalva
721 2635 848 2722 helyaep
872 2638 1074 2704 hatoraiaak
1098 2639 1265 2727 azaba'lyo-

595 2747 682 2807 adso.
707 2742 804 2806 1299.

244 2937 351 3022 Super
366 2937 593 3022 Jolrowfalwa.

243 3043 346 3126 Signa
361 3043 466 3127 ipsius
484 3043 642 3127 particule
657 3048 742 3108 terre
759 3043 905 3129 Nyarag,
922 3062 981 3126 per
995 3061 1089 3124 quea
1105 3062 1166 3110 sua
1176 3049 1265 3110 terra

133 3151 268 3238 propria
286 3157 463 3237 separatur,
481 3151 634 3218 videlieet
650 3170 747 3232 quam
763 3157 883 3217 terram
898 3149 1018 3217 Jakow
1034 3151 1147 3218 Ruffus
1173 3151 1262 3218 filius

131 3255 321 3325 Sebastiani
336 3257 538 3344 possidebat,
555 3264 639 3324 meto
655 3265 731 3324 sunt
747 3257 822 3342 hee,
838 3258 920 3322 siout
936 3255 1036 3321 dixit:
1054 3258 1164 3322 Primo
1180 3258 1264 3323 inei-

133 3367 185 3450 pit
201 3385 299 3448 super
316 3363 484 3431 eacumina
499 3365 618 3431 montis
635 3383 736 3449 prope
753 3361 919 3448 quandam
937 3362 1118 3428 fossatham
1133 3362 1257 3430 Radik-

128 3471 258 3556 pataka
274 3476 392 3537 vocata
408 3490 429 3536 a
444 3476 538 3555 parte
555 3471 717 3558 orientali,
734 3469 789 3536 vbi
805 3476 853 3535 est
868 3490 933 3535 vna
949 3474 1154 3536 metaterrea
1165 3493 1173 3554 3
1183 3469 1262 3535 inde

128 3579 299 3662 egreditur
313 3597 426 3644 versus
444 3577 640 3661 aquilonem,
659 3585 691 3643 et
708 3578 739 3642 in
768 3579 872 3644 latere
896 3576 1001 3662 ipsius
1025 3575 1145 3642 montis
1171 3575 1262 3643 eadit

125 3684 165 3751 in
180 3686 288 3769 ipsam
305 3685 462 3750 fossatam
487 3682 724 3767 Radikpataka
750 3690 885 3767 vocata,
913 3689 945 3748 et
971 3680 1198 3748 descendendo
1226 3681 1259 3746 in

130 3790 274 3858 eandem
290 3789 378 3856 eadit
394 3787 575 3856 in'fluuium
591 3790 694 3855 tha
709 3796 868 3872 vocatum,
887 3795 919 3854 et
934 3787 979 3855 ibi
996 3788 1169 3854 reflectitur·
1184 3806 1262 3852 ver-

126 3917 188 3964 sus
205 3896 408 3965 occidentem
424 3897 458 3963 in
477 3896 588 3962 eodem
600 3899 716 3981 fluuio;
733 3903 764 3963 et
780 3898 888 3963 eundo
899 3895 1010 3980 jungit
1022 3902 1141 3960 terram
1152 3894 1263 3981 Bari,

125 4011 163 4071 et
177 4004 224 4071 ibi
240 4010 328 4070 tenet
343 4012 447 4071 metas
474 4025 548 4070 oum
572 4002 672 4071 Burk.
698 4005 818 4072 Datum
844 4004 878 4069 in
904 4002 1045 4069 erastino
1072 4005 1260 4068 octauarum

124 4110 368 4178 Pentecosthen
385 4112 419 4177 in
437 4112 520 4178 villa
536 4111 661 4177 Edelen
678 4131 762 4176 anno
775 4105 1262 4192 DominiM⁰CO⁰nonagesimo

123 4241 228 4287 nono.

163 4416 298 4485 (Papiron
310 4416 384 4468 XIV.
397 4413 507 4469 aaaaadi
520 4415 669 4482 feljegyzss
682 4430 699 4466 a
712 4417 795 4468 oudsi
818 4411 871 4470 kir.
885 4417 1009 4469 kamarai
1022 4410 1219 4478 leveltarbsn.)

599 4577 808 4586 -.-.——-—-.
