3112 5158
275 1090 607 1179 Apyulofebdrvarc'
622 1090 856 1176 kdptulanuclc
871 1089 1145 1174 bizonyaa'pleudc,
1176 1090 1258 1174 bopy
1292 1113 1312 1152 a
1345 1088 1405 1154 Ge·

275 1200 443 1267 metelekei
458 1199 595 1263 uemaaek
612 1193 808 1264 &eructuem
824 1204 904 1262 caud
920 1193 1402 1290 drblrbirtokclcutJdaosaomcu

569 1303 715 1370 ercuad
723 1305 843 1388 fldack
858 1303 998 1370 eladtdk.
1015 1301 1116 1366 1292.

383 1499 568 1586 Capitulum
591 1498 737 1566 Ecclesia
759 1498 852 1566 Beati
873 1497 1054 1582 Mycbaelis
1078 1497 1277 1582 Archangeli
1303 1502 1404 1566 Tran-

274 1611 404 1677 siluane
414 1609 573 1674 uniuersis
584 1605 705 1674 Christi
716 1606 867 1674 fidelibus
878 1613 945 1672 tam
956 1605 1160 1691 presentibus
1172 1625 1270 1688 quam
1287 1606 1404 1676 futuris

279 1737 413 1802 presens
424 1719 581 1802 scriptum
591 1715 786 1800 inspecturis
797 1717 934 1781 salutem
945 1717 977 1779 in
989 1715 1130 1780 omnium
1141 1713 1315 1783 saluatore.
1327 1715 1403 1781 Vni·

279 1845 445 1892 uersurum
462 1825 581 1892 noticia
590 1822 704 1889 harum
732 1821 815 1890 serie
825 1822 1040 1906 declaramus,
1060 1820 1145 1905 quod
1165 1821 1287 1889 Paulus
1298 1829 1331 1889 et
1348 1823 1406 1889 Pe·

280 1939 349 1998 trus
364 1931 424 1998 filii
440 1932 544 1999 Gerus
561 1929 685 1997 nobiles
703 1928 743 1996 de
760 1928 976 1997 Gernsteleke
991 1935 1104 1996 vocate
1120 1950 1178 2014 pro
1204 1947 1240 1995 se
1265 1929 1349 2017 ipsis
1374 1938 1407 1996 et

282 2059 341 2125 pro
356 2039 491 2106 domina
506 2041 594 2112 Ecba
610 2058 720 2106 sorore
736 2058 877 2122 suarum,
896 2057 968 2103 curn
980 2037 1065 2102 veris
1077 2042 1109 2102 et
1120 2037 1238 2104 litteris
1250 2037 1407 2120 legitimis

282 2147 595 2232 procuratorialibus
611 2147 825 2231 personaliter
841 2165 948 2212 coram
967 2144 1059 2210 nobis
1075 2143 1204 2238 fuerunt
1229 2145 1410 2230 constituti,

283 2252 450 2319 cuiusdam
467 2260 585 2318 terram
600 2253 745 2336 ipsorum
762 2251 992 2319 hereditariam
1019 2251 1235 2318 Gerusteleke
1261 2259 1413 2320 uocatam

286 2361 320 2426 iu
337 2358 497 2426 Comitatu
514 2359 555 2426 de
570 2359 702 2426 Thorda
718 2363 805 2428 circa
819 2358 941 2429 undam
957 2359 1046 2426 fiuuii
1073 2358 1213 2426 Aranias
1236 2361 1411 2428 existentis

285 2467 358 2554 pari
374 2467 542 2534 uoluntate
559 2473 591 2532 et
606 2469 766 2534 communi
783 2487 1025 2535 consensucum
1043 2467 1190 2534 omnibus
1217 2467 1416 2534 utilitatibus

190 2651 197 2660 ,
285 2575 352 2642 suis
370 2580 403 2641 et
418 2575 630 2658 pertinenciis
646 2573 817 2660 uniuersis,
844 2575 948 2662 siluis,
975 2575 1087 2661 pratis,
1114 2573 1207 2640 terris
1229 2574 1412 2641 arabilibus

285 2690 318 2748 et
333 2681 460 2769 fenetis,
478 2683 539 2748 sub
555 2681 697 2764 antiquis
713 2682 809 2747 metis
825 2689 857 2748 et
872 2681 1025 2763 terminis,
1040 2681 1155 2764 quibus
1170 2681 1277 2768 ipsam
1293 2689 1417 2747 terram

284 2788 468 2856 babuerunt
482 2797 514 2856 et
529 2787 754 2874 possederunt,
787 2787 957 2875 dederunt,
984 2787 1186 2858 tradiderunt
1203 2795 1235 2856 et
1250 2789 1416 2856 irreuoca·

291 2896 401 2962 biliter
426 2896 651 2978 uendiderunt,
684 2896 800 2962 Oomiti
822 2897 966 2964 Johanni
989 2897 1060 2964 filio
1086 2896 1222 2964 Vrkund
1247 2893 1350 2963 nobili
1376 2895 1420 2962 de

287 3001 509 3088 Thordalalra,
525 3003 673 3071 similiter
690 3003 904 3087 personaliter
921 3003 1055 3090 astanti,
1072 3026 1132 3090 pro
1149 3003 1287 3089 triginta
1297 3003 1420 3069 marcis

289 3112 373 3177 bone
389 3110 526 3196 pecunie
544 3113 641 3196 plene
651 3111 767 3178 solutis
784 3117 816 3176 et
831 3111 979 3197 receptis,
997 3112 1030 3177 in
1047 3112 1133 3178 lilios
1149 3111 1300 3197 filiorum,
1323 3110 1418 3176 bere*

288 3217 427 3299 dumque
444 3237 585 3284 suorum
601 3218 841 3286 successoribus
874 3219 1046 3286 tenendam
1072 3217 1302 3304 possidendam
1327 3219 1420 3312 pari-

287 3331 337 3390 ter
353 3331 384 3390 et
403 3322 599 3393 habendam.
615 3324 698 3391 Item
714 3325 875 3410 predictas
891 3346 943 3393 res
959 3347 1017 3412 pro
1035 3323 1160 3392 Comitc
1176 3325 1336 3412 lohanne,
1364 3345 1420 3392 su·

288 3450 347 3515 per
355 3431 535 3517 predictam
551 3432 789 3518 possessionen,
800 3431 958 3517 persoluit
967 3433 1124 3516 Magister
1134 3431 1423 3502 Demetriusfilins

286 3535 450 3602 Herbarth
475 3538 595 3605 nobilis
610 3538 650 3605 de
666 3539 768 3624 Revd,
786 3541 893 3608 socius
909 3561 996 3628 suus,
1014 3541 1093 3626 ipsis
1110 3539 1272 3608 nobilibus
1298 3559 1417 3625 preno-

288 3646 376 3711 tatis.
395 3645 430 3710 ln
449 3647 540 3711 cuius
568 3647 613 3711 rei
640 3647 858 3714 testimonium
886 3655 1137 3732 perpetuamque
1161 3647 1346 3713 firmitatem
1374 3649 1423 3716 ad

286 3751 483 3836 peticionem
505 3759 537 3818 et
563 3754 761 3820 instanciam
779 3754 995 3838 predictorum
1005 3761 1173 3839 presentes
1199 3755 1426 3823 concessimus

288 3859 414 3925 litteras
442 3859 616 3926 munimine
642 3863 746 3928 nostri
771 3862 872 3947 sigilli
898 3863 1079 3929 roboratas.
1105 3863 1226 3929 Datum
1258 3861 1425 3944 Magistro

287 3967 455 4050 Mychaele
470 3969 648 4055 Preposito,
667 3971 824 4054 Gregorio
837 3970 987 4053 Cantorc,
999 3971 1101 4038 Paulo
1114 3971 1263 4054 Custode,
1281 3970 1356 4037 And
1371 4011 1421 4021 —-

287 4074 572 4164 -existentibus,
590 4099 675 4144 anno
687 4079 819 4146 Domini
837 4077 972 4144 M⁰O⁰O⁰
987 4080 1200 4164 nonagesimo
1210 4077 1362 4146 secundo.

289 4253 420 4316 (Teutscb
434 4253 462 4306 ds
488 4257 646 4319 Firnbaber,
674 4257 896 4330 Urknndenbucb
921 4273 968 4308 aur
992 4257 1154 4310 Gescbichtc
1186 4255 1414 4324 Siebenbdrgoua

716 4347 736 4396 1.
749 4347 804 4397 kot.
821 4347 879 4397 18⁴2.
893 4347 958 4413 lup.)

747 4507 956 4517 n—n--n-——u—
