<?xml version="1.0" encoding="UTF-8"?>
<!DOCTYPE html PUBLIC "-//W3C//DTD XHTML 1.0 Transitional//EN"
    "http://www.w3.org/TR/xhtml1/DTD/xhtml1-transitional.dtd">
<html xmlns="http://www.w3.org/1999/xhtml" xml:lang="en" lang="en">
 <head>
  <title>
</title>
<meta http-equiv="Content-Type" content="text/html;charset=utf-8" />
  <meta name='ocr-system' content='tesseract 3.04.00' />
  <meta name='ocr-capabilities' content='ocr_page ocr_carea ocr_par ocr_line ocrx_word'/>
</head>
<body>
  <div class='ocr_page' id='page_1' title='image "./codexdiplomatic19wenzgoog_0104.png"; bbox 0 0 3112 5158; ppageno 0'>
   <div class='ocr_carea' id='block_1_1' title="bbox 200 1147 1431 1446">
    <p class='ocr_par' dir='ltr' id='par_1_1' title="bbox 200 1147 1431 1446">
     <span class='ocr_line' id='line_1_1' title="bbox 312 1147 1429 1238; baseline -0.007 -21"><span class='ocrx_word' id='word_1_1' title='bbox 312 1151 344 1217; x_wconf 80' lang='lat' dir='ltr'><em>A</em></span> <span class='ocrx_word' id='word_1_2' title='bbox 356 1153 513 1236; x_wconf 81' lang='lat' dir='ltr'><strong>poasonyi</strong></span> <span class='ocrx_word' id='word_1_3' title='bbox 528 1149 756 1238; x_wconf 81' lang='lat' dir='ltr'><strong>kclptalacoak</strong></span> <span class='ocrx_word' id='word_1_4' title='bbox 772 1149 1045 1234; x_wconf 73' lang='lat' dir='ltr'><strong>bizocysoipleocde,</strong></span> <span class='ocrx_word' id='word_1_5' title='bbox 1062 1151 1145 1234; x_wconf 74' lang='lat' dir='ltr'><strong>boqy</strong></span> <span class='ocrx_word' id='word_1_6' title='bbox 1161 1148 1232 1212; x_wconf 76' lang='lat' dir='ltr'><strong>Boe</strong></span> <span class='ocrx_word' id='word_1_7' title='bbox 1239 1151 1288 1212; x_wconf 84' lang='lat' dir='ltr'><strong>ini</strong></span> <span class='ocrx_word' id='word_1_8' title='bbox 1313 1147 1429 1212; x_wconf 73' lang='lat' dir='ltr'><strong>Kozola</strong></span> 
     </span>
     <span class='ocr_line' id='line_1_2' title="bbox 200 1253 1431 1352; baseline -0.002 -31"><span class='ocrx_word' id='word_1_9' title='bbox 200 1339 202 1344; x_wconf 67' lang='lat'><strong>,</strong></span> <span class='ocrx_word' id='word_1_10' title='bbox 312 1280 411 1323; x_wconf 82' lang='lat' dir='ltr'><strong>comes</strong></span> <span class='ocrx_word' id='word_1_11' title='bbox 443 1255 609 1324; x_wconf 80' lang='lat' dir='ltr'><strong>Folioztor</strong></span> <span class='ocrx_word' id='word_1_12' title='bbox 634 1263 713 1318; x_wconf 79' lang='lat' dir='ltr'><strong>nevil</strong></span> <span class='ocrx_word' id='word_1_13' title='bbox 745 1256 882 1320; x_wconf 79' lang='lat' dir='ltr'><strong>birtokot</strong></span> <span class='ocrx_word' id='word_1_14' title='bbox 908 1257 1127 1352; x_wconf 20' lang='lat' dir='ltr'><strong>seroiercovenek</strong></span> <span class='ocrx_word' id='word_1_15' title='bbox 1154 1253 1334 1318; x_wconf 74' lang='lat' dir='ltr'><strong>Losalo&#39;aolr</strong></span> <span class='ocrx_word' id='word_1_16' title='bbox 1362 1253 1431 1318; x_wconf 85' lang='lat' dir='ltr'><strong>odo·</strong></span> 
     </span>
     <span class='ocr_line' id='line_1_3' title="bbox 725 1357 1026 1446; baseline 0.01 -22"><span class='ocrx_word' id='word_1_17' title='bbox 725 1365 901 1446; x_wconf 78' lang='lat' dir='ltr'><strong>mciuyoato.</strong></span> <span class='ocrx_word' id='word_1_18' title='bbox 931 1357 1026 1427; x_wconf 83' lang='grc'><em>1291.</em></span> 
     </span>
    </p>
   </div>
   <div class='ocr_carea' id='block_1_2' title="bbox 312 1552 1439 3344">
    <p class='ocr_par' dir='ltr' id='par_1_2' title="bbox 312 1552 1546 3356">
     <span class='ocr_line' id='line_1_4' title="bbox 420 1552 1433 1640; baseline -0.007 -18"><span class='ocrx_word' id='word_1_19' title='bbox 420 1555 588 1622; x_wconf 89' lang='lat' dir='ltr'><strong>Vniuersis</strong></span> <span class='ocrx_word' id='word_1_20' title='bbox 604 1553 725 1620; x_wconf 81' lang='lat' dir='ltr'><strong>Christi</strong></span> <span class='ocrx_word' id='word_1_21' title='bbox 746 1554 895 1621; x_wconf 86' lang='lat' dir='ltr'><strong>fidelibus</strong></span> <span class='ocrx_word' id='word_1_22' title='bbox 910 1561 1078 1640; x_wconf 78' lang='lat' dir='ltr'>presentes</span> <span class='ocrx_word' id='word_1_23' title='bbox 1095 1553 1223 1620; x_wconf 77' lang='lat' dir='ltr'><strong>litteras</strong></span> <span class='ocrx_word' id='word_1_24' title='bbox 1246 1552 1433 1638; x_wconf 88' lang='lat' dir='ltr'><strong>inspecturis</strong></span> 
     </span>
     <span class='ocr_line' id='line_1_5' title="bbox 315 1658 1433 1749; baseline -0.007 -19"><span class='ocrx_word' id='word_1_25' title='bbox 315 1663 497 1749; x_wconf 82' lang='lat' dir='ltr'><strong>Capitulum</strong></span> <span class='ocrx_word' id='word_1_26' title='bbox 514 1661 661 1728; x_wconf 86' lang='lat' dir='ltr'><strong>Ecclesia</strong></span> <span class='ocrx_word' id='word_1_27' title='bbox 677 1661 886 1728; x_wconf 88' lang='lat' dir='ltr'><strong>Posoniensis</strong></span> <span class='ocrx_word' id='word_1_28' title='bbox 902 1661 1040 1728; x_wconf 85' lang='lat' dir='ltr'><strong>salutem</strong></span> <span class='ocrx_word' id='word_1_29' title='bbox 1057 1662 1090 1728; x_wconf 89' lang='lat' dir='ltr'><strong>in</strong></span> <span class='ocrx_word' id='word_1_30' title='bbox 1117 1661 1267 1728; x_wconf 89' lang='lat' dir='ltr'><strong>Domino.</strong></span> <span class='ocrx_word' id='word_1_31' title='bbox 1294 1659 1346 1724; x_wconf 79' lang='lat' dir='ltr'><strong>nd</strong></span> <span class='ocrx_word' id='word_1_32' title='bbox 1370 1658 1433 1723; x_wconf 81' lang='lat' dir='ltr'><strong>vni-</strong></span> 
     </span>
     <span class='ocr_line' id='line_1_6' title="bbox 313 1765 1434 1853; baseline -0.01 -15"><span class='ocrx_word' id='word_1_33' title='bbox 313 1789 476 1839; x_wconf 89' lang='lat' dir='ltr'><strong>uersorum</strong></span> <span class='ocrx_word' id='word_1_34' title='bbox 508 1767 660 1836; x_wconf 80' lang='lat' dir='ltr'><strong>noticiam</strong></span> <span class='ocrx_word' id='word_1_35' title='bbox 692 1774 805 1833; x_wconf 89' lang='lat' dir='ltr'><strong>tenore</strong></span> <span class='ocrx_word' id='word_1_36' title='bbox 845 1769 1046 1853; x_wconf 88' lang='lat' dir='ltr'><strong>presencium</strong></span> <span class='ocrx_word' id='word_1_37' title='bbox 1081 1769 1229 1834; x_wconf 87' lang='lat' dir='ltr'><strong>volamus</strong></span> <span class='ocrx_word' id='word_1_38' title='bbox 1260 1765 1434 1852; x_wconf 89' lang='lat' dir='ltr'><strong>peruenire,</strong></span> 
     </span>
     <span class='ocr_line' id='line_1_7' title="bbox 312 1873 1435 1963; baseline -0.011 -19"><span class='ocrx_word' id='word_1_39' title='bbox 312 1875 398 1963; x_wconf 90' lang='lat' dir='ltr'><strong>quod</strong></span> <span class='ocrx_word' id='word_1_40' title='bbox 413 1875 597 1943; x_wconf 88' lang='lat' dir='ltr'><strong>constitutis</strong></span> <span class='ocrx_word' id='word_1_41' title='bbox 616 1873 830 1960; x_wconf 80' lang='lat' dir='ltr'><strong>personaliter</strong></span> <span class='ocrx_word' id='word_1_42' title='bbox 846 1894 953 1940; x_wconf 87' lang='lat' dir='ltr'><strong>coram</strong></span> <span class='ocrx_word' id='word_1_43' title='bbox 980 1874 1074 1940; x_wconf 90' lang='lat' dir='ltr'><strong>nobis</strong></span> <span class='ocrx_word' id='word_1_44' title='bbox 1098 1874 1200 1940; x_wconf 91' lang='lat' dir='ltr'><strong>nobili</strong></span> <span class='ocrx_word' id='word_1_45' title='bbox 1226 1874 1294 1940; x_wconf 82' lang='lat' dir='ltr'><strong>viro</strong></span> <span class='ocrx_word' id='word_1_46' title='bbox 1321 1873 1435 1938; x_wconf 82' lang='lat' dir='ltr'><strong>Corma</strong></span> 
     </span>
     <span class='ocr_line' id='line_1_8' title="bbox 314 1977 1436 2064; baseline -0.007 -16"><span class='ocrx_word' id='word_1_47' title='bbox 314 1982 436 2050; x_wconf 75' lang='lat' dir='ltr'><strong>(tomite</strong></span> <span class='ocrx_word' id='word_1_48' title='bbox 452 1983 519 2049; x_wconf 86' lang='lat' dir='ltr'><strong>lilio</strong></span> <span class='ocrx_word' id='word_1_49' title='bbox 536 1979 672 2047; x_wconf 78' lang='lat' dir='ltr'><strong>Comitis</strong></span> <span class='ocrx_word' id='word_1_50' title='bbox 689 1979 804 2046; x_wconf 83' lang='lat' dir='ltr'><strong>Cozme</strong></span> <span class='ocrx_word' id='word_1_51' title='bbox 821 1979 863 2045; x_wconf 90' lang='lat' dir='ltr'><strong>de</strong></span> <span class='ocrx_word' id='word_1_52' title='bbox 878 1982 1004 2064; x_wconf 86' lang='lat' dir='ltr'><strong>Bozyn,</strong></span> <span class='ocrx_word' id='word_1_53' title='bbox 1021 1989 1051 2046; x_wconf 86' lang='lat' dir='ltr'><strong>et</strong></span> <span class='ocrx_word' id='word_1_54' title='bbox 1068 1979 1208 2062; x_wconf 88' lang='lat' dir='ltr'><strong>quodam</strong></span> <span class='ocrx_word' id='word_1_55' title='bbox 1225 1981 1344 2046; x_wconf 87' lang='lat' dir='ltr'><strong>iuuene</strong></span> <span class='ocrx_word' id='word_1_56' title='bbox 1370 1977 1436 2042; x_wconf 79' lang='lat' dir='ltr'><strong>Gon</strong></span> 
     </span>
     <span class='ocr_line' id='line_1_9' title="bbox 312 2085 1437 2172; baseline -0.005 -18"><span class='ocrx_word' id='word_1_57' title='bbox 312 2091 444 2156; x_wconf 89' lang='lat' dir='ltr'><strong>nomine</strong></span> <span class='ocrx_word' id='word_1_58' title='bbox 460 2088 595 2154; x_wconf 87' lang='lat' dir='ltr'><strong>officiali</strong></span> <span class='ocrx_word' id='word_1_59' title='bbox 612 2088 745 2153; x_wconf 76' lang='lat' dir='ltr'><strong>Comitis</strong></span> <span class='ocrx_word' id='word_1_60' title='bbox 760 2087 854 2154; x_wconf 83' lang='lat' dir='ltr'><strong>Pauli</strong></span> <span class='ocrx_word' id='word_1_61' title='bbox 873 2085 984 2152; x_wconf 79' lang='lat' dir='ltr'><strong>fratris</strong></span> <span class='ocrx_word' id='word_1_62' title='bbox 999 2087 1138 2172; x_wconf 89' lang='lat' dir='ltr'><strong>predicti</strong></span> <span class='ocrx_word' id='word_1_63' title='bbox 1165 2087 1283 2152; x_wconf 79' lang='lat' dir='ltr'><strong>Oozme</strong></span> <span class='ocrx_word' id='word_1_64' title='bbox 1308 2105 1365 2172; x_wconf 93' lang='lat' dir='ltr'><strong>pro</strong></span> <span class='ocrx_word' id='word_1_65' title='bbox 1390 2103 1437 2149; x_wconf 87' lang='lat' dir='ltr'><strong>eo·</strong></span> 
     </span>
     <span class='ocr_line' id='line_1_10' title="bbox 313 2191 1437 2279; baseline -0.004 -19"><span class='ocrx_word' id='word_1_66' title='bbox 313 2197 387 2262; x_wconf 88' lang='lat' dir='ltr'><strong>dem</strong></span> <span class='ocrx_word' id='word_1_67' title='bbox 403 2197 506 2260; x_wconf 91' lang='lat' dir='ltr'><strong>Paulo</strong></span> <span class='ocrx_word' id='word_1_68' title='bbox 522 2192 653 2260; x_wconf 91' lang='lat' dir='ltr'><strong>domino</strong></span> <span class='ocrx_word' id='word_1_69' title='bbox 669 2213 727 2260; x_wconf 88' lang='lat' dir='ltr'><strong>suo</strong></span> <span class='ocrx_word' id='word_1_70' title='bbox 754 2196 795 2259; x_wconf 90' lang='lat' dir='ltr'><strong>ab</strong></span> <span class='ocrx_word' id='word_1_71' title='bbox 822 2213 887 2259; x_wconf 85' lang='lat' dir='ltr'><strong>una</strong></span> <span class='ocrx_word' id='word_1_72' title='bbox 911 2201 1013 2279; x_wconf 86' lang='lat' dir='ltr'><strong>parte,</strong></span> <span class='ocrx_word' id='word_1_73' title='bbox 1040 2200 1072 2260; x_wconf 85' lang='lat' dir='ltr'><strong>et</strong></span> <span class='ocrx_word' id='word_1_74' title='bbox 1097 2193 1253 2260; x_wconf 85' lang='lat' dir='ltr'><strong>Ladialao</strong></span> <span class='ocrx_word' id='word_1_75' title='bbox 1278 2193 1345 2258; x_wconf 88' lang='lat' dir='ltr'><strong>lilio</strong></span> <span class='ocrx_word' id='word_1_76' title='bbox 1370 2191 1437 2256; x_wconf 87' lang='lat' dir='ltr'><strong>Ste-</strong></span> 
     </span>
     <span class='ocr_line' id='line_1_11' title="bbox 314 2299 1435 2386; baseline -0.002 -21"><span class='ocrx_word' id='word_1_77' title='bbox 314 2300 415 2386; x_wconf 89' lang='lat' dir='ltr'><strong>phani</strong></span> <span class='ocrx_word' id='word_1_78' title='bbox 429 2305 592 2368; x_wconf 87' lang='lat' dir='ltr'><strong>seruiente</strong></span> <span class='ocrx_word' id='word_1_79' title='bbox 608 2301 752 2368; x_wconf 89' lang='lat' dir='ltr'><strong>eiusdem</strong></span> <span class='ocrx_word' id='word_1_80' title='bbox 770 2301 903 2368; x_wconf 81' lang='lat' dir='ltr'><strong>Comitis</strong></span> <span class='ocrx_word' id='word_1_81' title='bbox 920 2303 1039 2369; x_wconf 83' lang='lat' dir='ltr'><strong>Cozme</strong></span> <span class='ocrx_word' id='word_1_82' title='bbox 1054 2303 1097 2368; x_wconf 85' lang='lat' dir='ltr'><strong>ab</strong></span> <span class='ocrx_word' id='word_1_83' title='bbox 1114 2303 1238 2384; x_wconf 71' lang='lat' dir='ltr'><strong>altera,</strong></span> <span class='ocrx_word' id='word_1_84' title='bbox 1257 2301 1346 2366; x_wconf 92' lang='lat' dir='ltr'><strong>idem</strong></span> <span class='ocrx_word' id='word_1_85' title='bbox 1363 2299 1435 2366; x_wconf 79' lang='lat' dir='ltr'><strong>Con·</strong></span> 
     </span>
     <span class='ocr_line' id='line_1_12' title="bbox 316 2397 1437 2494; baseline -0.004 -20"><span class='ocrx_word' id='word_1_86' title='bbox 316 2426 387 2474; x_wconf 88' lang='lat' dir='ltr'><strong>mas</strong></span> <span class='ocrx_word' id='word_1_87' title='bbox 403 2413 450 2471; x_wconf 87' lang='lat' dir='ltr'><strong>est</strong></span> <span class='ocrx_word' id='word_1_88' title='bbox 468 2405 635 2474; x_wconf 84' lang='lat' dir='ltr'><strong>confessus</strong></span> <span class='ocrx_word' id='word_1_89' title='bbox 651 2407 728 2473; x_wconf 84' lang='lat' dir='ltr'><strong>uiua</strong></span> <span class='ocrx_word' id='word_1_90' title='bbox 743 2428 831 2492; x_wconf 87' lang='lat' dir='ltr'><strong>uoce,</strong></span> <span class='ocrx_word' id='word_1_91' title='bbox 850 2409 935 2490; x_wconf 88' lang='lat' dir='ltr'><strong>quod</strong></span> <span class='ocrx_word' id='word_1_92' title='bbox 948 2397 1095 2494; x_wconf 61' lang='lat' dir='ltr'><strong>⁴prefatus</strong></span> <span class='ocrx_word' id='word_1_93' title='bbox 1106 2407 1282 2474; x_wconf 87' lang='lat' dir='ltr'><strong>Ladizlaus</strong></span> <span class='ocrx_word' id='word_1_94' title='bbox 1293 2407 1437 2472; x_wconf 75' lang='lat' dir='ltr'><strong>sentiens</strong></span> 
     </span>
     <span class='ocr_line' id='line_1_13' title="bbox 313 2512 1437 2599; baseline -0.004 -18"><span class='ocrx_word' id='word_1_95' title='bbox 313 2532 390 2581; x_wconf 89' lang='lat' dir='ltr'><strong>suus</strong></span> <span class='ocrx_word' id='word_1_96' title='bbox 406 2513 468 2579; x_wconf 88' lang='lat' dir='ltr'><strong>sibi</strong></span> <span class='ocrx_word' id='word_1_97' title='bbox 484 2534 505 2579; x_wconf 88' lang='lat' dir='ltr'><strong>a</strong></span> <span class='ocrx_word' id='word_1_98' title='bbox 521 2512 630 2580; x_wconf 87' lang='lat' dir='ltr'><strong>multis</strong></span> <span class='ocrx_word' id='word_1_99' title='bbox 647 2515 846 2599; x_wconf 82' lang='lat' dir='ltr'><strong>temporibus</strong></span> <span class='ocrx_word' id='word_1_100' title='bbox 863 2517 1024 2582; x_wconf 77' lang='lat' dir='ltr'><strong>anteactis</strong></span> <span class='ocrx_word' id='word_1_101' title='bbox 1040 2515 1154 2582; x_wconf 87' lang='lat' dir='ltr'><strong>tidelia</strong></span> <span class='ocrx_word' id='word_1_102' title='bbox 1169 2513 1311 2581; x_wconf 87' lang='lat' dir='ltr'><strong>seruicia</strong></span> <span class='ocrx_word' id='word_1_103' title='bbox 1327 2521 1360 2578; x_wconf 89' lang='lat' dir='ltr'><strong>et</strong></span> <span class='ocrx_word' id='word_1_104' title='bbox 1375 2530 1437 2576; x_wconf 89' lang='lat' dir='ltr'><strong>me-</strong></span> 
     </span>
     <span class='ocr_line' id='line_1_14' title="bbox 314 2619 1434 2707; baseline -0.004 -22"><span class='ocrx_word' id='word_1_105' title='bbox 314 2620 426 2686; x_wconf 89' lang='lat' dir='ltr'><strong>ritoria</strong></span> <span class='ocrx_word' id='word_1_106' title='bbox 441 2621 605 2705; x_wconf 88' lang='lat' dir='ltr'><strong>obsequia,</strong></span> <span class='ocrx_word' id='word_1_107' title='bbox 623 2619 762 2687; x_wconf 89' lang='lat' dir='ltr'><strong>diuersis</strong></span> <span class='ocrx_word' id='word_1_108' title='bbox 779 2622 910 2688; x_wconf 89' lang='lat' dir='ltr'><strong>casibus</strong></span> <span class='ocrx_word' id='word_1_109' title='bbox 928 2621 1053 2688; x_wconf 85' lang='lat' dir='ltr'><strong>fortrrue</strong></span> <span class='ocrx_word' id='word_1_110' title='bbox 1070 2621 1260 2707; x_wconf 81' lang='lat' dir='ltr'><strong>exponendo</strong></span> <span class='ocrx_word' id='word_1_111' title='bbox 1287 2641 1333 2703; x_wconf 89' lang='lat' dir='ltr'><strong>sc,</strong></span> <span class='ocrx_word' id='word_1_112' title='bbox 1359 2625 1434 2683; x_wconf 86' lang='lat' dir='ltr'><strong>tem-</strong></span> 
     </span>
     <span class='ocr_line' id='line_1_15' title="bbox 315 2727 1435 2814; baseline -0.004 -22"><span class='ocrx_word' id='word_1_113' title='bbox 315 2727 445 2812; x_wconf 78' lang='lat' dir='ltr'><strong>poribus</strong></span> <span class='ocrx_word' id='word_1_114' title='bbox 460 2733 492 2794; x_wconf 91' lang='lat' dir='ltr'><strong>et</strong></span> <span class='ocrx_word' id='word_1_115' title='bbox 508 2727 588 2792; x_wconf 86' lang='lat' dir='ltr'><strong>locis</strong></span> <span class='ocrx_word' id='word_1_116' title='bbox 606 2728 772 2810; x_wconf 87' lang='lat' dir='ltr'><strong>oportunis</strong></span> <span class='ocrx_word' id='word_1_117' title='bbox 789 2748 918 2813; x_wconf 89' lang='lat' dir='ltr'><strong>semper</strong></span> <span class='ocrx_word' id='word_1_118' title='bbox 935 2737 965 2794; x_wconf 85' lang='lat' dir='ltr'><strong>et</strong></span> <span class='ocrx_word' id='word_1_119' title='bbox 982 2727 1144 2796; x_wconf 84' lang='lat' dir='ltr'><strong>indefesse</strong></span> <span class='ocrx_word' id='word_1_120' title='bbox 1160 2727 1378 2814; x_wconf 75' lang='lat' dir='ltr'><strong>inpendisset,</strong></span> <span class='ocrx_word' id='word_1_121' title='bbox 1403 2731 1435 2790; x_wconf 88' lang='lat' dir='ltr'><strong>et</strong></span> 
     </span>
     <span class='ocr_line' id='line_1_16' title="bbox 315 2833 1437 2920; baseline -0.002 -22"><span class='ocrx_word' id='word_1_122' title='bbox 315 2833 454 2900; x_wconf 85' lang='lat' dir='ltr'><strong>maxime</strong></span> <span class='ocrx_word' id='word_1_123' title='bbox 469 2835 571 2920; x_wconf 88' lang='lat' dir='ltr'><strong>ipsum</strong></span> <span class='ocrx_word' id='word_1_124' title='bbox 589 2837 737 2902; x_wconf 80' lang='lat' dir='ltr'><strong>Ooauram</strong></span> <span class='ocrx_word' id='word_1_125' title='bbox 756 2836 911 2902; x_wconf 83' lang='lat' dir='ltr'><strong>Comitem</strong></span> <span class='ocrx_word' id='word_1_126' title='bbox 936 2837 1102 2904; x_wconf 87' lang='lat' dir='ltr'><strong>dominum</strong></span> <span class='ocrx_word' id='word_1_127' title='bbox 1128 2855 1220 2903; x_wconf 87' lang='lat' dir='ltr'><strong>suum</strong></span> <span class='ocrx_word' id='word_1_128' title='bbox 1245 2855 1266 2900; x_wconf 87' lang='lat' dir='ltr'><strong>a</strong></span> <span class='ocrx_word' id='word_1_129' title='bbox 1291 2833 1437 2919; x_wconf 85' lang='lat' dir='ltr'><strong>periculo</strong></span> 
     </span>
     <span class='ocr_line' id='line_1_17' title="bbox 316 2941 1439 3030; baseline -0.003 -24"><span class='ocrx_word' id='word_1_130' title='bbox 316 2947 347 3006; x_wconf 88' lang='lat' dir='ltr'><strong>et</strong></span> <span class='ocrx_word' id='word_1_131' title='bbox 377 2961 462 3026; x_wconf 89' lang='lat' dir='ltr'><strong>pena</strong></span> <span class='ocrx_word' id='word_1_132' title='bbox 486 2942 599 3009; x_wconf 88' lang='lat' dir='ltr'><strong>mortis</strong></span> <span class='ocrx_word' id='word_1_133' title='bbox 624 2949 773 3028; x_wconf 88' lang='lat' dir='ltr'><strong>prompta</strong></span> <span class='ocrx_word' id='word_1_134' title='bbox 799 2950 830 3008; x_wconf 89' lang='lat' dir='ltr'><strong>et</strong></span> <span class='ocrx_word' id='word_1_135' title='bbox 855 2944 1005 3011; x_wconf 90' lang='lat' dir='ltr'><strong>ordinata</strong></span> <span class='ocrx_word' id='word_1_136' title='bbox 1030 2965 1087 3030; x_wconf 89' lang='lat' dir='ltr'><strong>per</strong></span> <span class='ocrx_word' id='word_1_137' title='bbox 1114 2941 1337 3010; x_wconf 81' lang='lat' dir='ltr'><strong>Eberhardum</strong></span> <span class='ocrx_word' id='word_1_138' title='bbox 1363 2946 1439 3004; x_wconf 89' lang='lat' dir='ltr'><strong>tunc</strong></span> 
     </span>
     <span class='ocr_line' id='line_1_18' title="bbox 317 3047 1437 3134; baseline -0.005 -20"><span class='ocrx_word' id='word_1_139' title='bbox 317 3047 472 3114; x_wconf 83' lang='lat' dir='ltr'><strong>Comitem</strong></span> <span class='ocrx_word' id='word_1_140' title='bbox 487 3049 729 3134; x_wconf 90' lang='lat' dir='ltr'><strong>Posoniensem‚</strong></span> <span class='ocrx_word' id='word_1_141' title='bbox 747 3069 805 3115; x_wconf 89' lang='lat' dir='ltr'><strong>suo</strong></span> <span class='ocrx_word' id='word_1_142' title='bbox 821 3049 943 3117; x_wconf 86' lang='lat' dir='ltr'><strong>auxilio</strong></span> <span class='ocrx_word' id='word_1_143' title='bbox 962 3059 993 3116; x_wconf 89' lang='lat' dir='ltr'><strong>ct</strong></span> <span class='ocrx_word' id='word_1_144' title='bbox 1007 3051 1082 3115; x_wconf 84' lang='lat' dir='ltr'><strong>fidoi</strong></span> <span class='ocrx_word' id='word_1_145' title='bbox 1100 3049 1235 3116; x_wconf 87' lang='lat' dir='ltr'><strong>oonsilio</strong></span> <span class='ocrx_word' id='word_1_146' title='bbox 1252 3048 1437 3113; x_wconf 77' lang='lat' dir='ltr'><strong>liberasset.</strong></span> 
     </span>
     <span class='ocr_line' id='line_1_19' title="bbox 317 3151 1435 3237; baseline -0.003 -18"><span class='ocrx_word' id='word_1_147' title='bbox 317 3155 378 3220; x_wconf 92' lang='lat' dir='ltr'><strong>Pro</strong></span> <span class='ocrx_word' id='word_1_148' title='bbox 394 3173 456 3237; x_wconf 87' lang='lat' dir='ltr'><strong>qno</strong></span> <span class='ocrx_word' id='word_1_149' title='bbox 474 3151 559 3220; x_wconf 86' lang='lat' dir='ltr'><strong>lacto</strong></span> <span class='ocrx_word' id='word_1_150' title='bbox 576 3152 662 3219; x_wconf 90' lang='lat' dir='ltr'><strong>idem</strong></span> <span class='ocrx_word' id='word_1_151' title='bbox 678 3153 853 3221; x_wconf 83' lang='lat' dir='ltr'><strong>Ladizlaus</strong></span> <span class='ocrx_word' id='word_1_152' title='bbox 870 3157 987 3222; x_wconf 87' lang='lat' dir='ltr'><strong>ablatis</strong></span> <span class='ocrx_word' id='word_1_153' title='bbox 1004 3157 1152 3220; x_wconf 89' lang='lat' dir='ltr'><strong>omnibus</strong></span> <span class='ocrx_word' id='word_1_154' title='bbox 1170 3154 1263 3220; x_wconf 91' lang='lat' dir='ltr'><strong>bouis</strong></span> <span class='ocrx_word' id='word_1_155' title='bbox 1279 3151 1347 3219; x_wconf 87' lang='lat' dir='ltr'><strong>suis</strong></span> <span class='ocrx_word' id='word_1_156' title='bbox 1365 3171 1435 3235; x_wconf 87' lang='lat' dir='ltr'><strong>pro·</strong></span> 
     </span>
     <span class='ocr_line' id='line_1_20' title="bbox 317 3258 1439 3344; baseline -0.003 -18"><span class='ocrx_word' id='word_1_157' title='bbox 317 3260 397 3344; x_wconf 88' lang='lat' dir='ltr'><strong>prijs</strong></span> <span class='ocrx_word' id='word_1_158' title='bbox 414 3266 445 3326; x_wconf 89' lang='lat' dir='ltr'><strong>et</strong></span> <span class='ocrx_word' id='word_1_159' title='bbox 459 3261 651 3344; x_wconf 88' lang='lat' dir='ltr'><strong>populomm</strong></span> <span class='ocrx_word' id='word_1_160' title='bbox 668 3281 798 3328; x_wconf 86' lang='lat' dir='ltr'><strong>suorum</strong></span> <span class='ocrx_word' id='word_1_161' title='bbox 815 3263 847 3327; x_wconf 91' lang='lat' dir='ltr'><strong>in</strong></span> <span class='ocrx_word' id='word_1_162' title='bbox 863 3261 944 3328; x_wconf 88' lang='lat' dir='ltr'><strong>uilla</strong></span> <span class='ocrx_word' id='word_1_163' title='bbox 960 3283 1021 3329; x_wconf 89' lang='lat' dir='ltr'><strong>sua</strong></span> <span class='ocrx_word' id='word_1_164' title='bbox 1036 3261 1122 3328; x_wconf 84' lang='lat' dir='ltr'><strong>cirea</strong></span> <span class='ocrx_word' id='word_1_165' title='bbox 1138 3261 1279 3326; x_wconf 88' lang='lat' dir='ltr'><strong>Humoro</strong></span> <span class='ocrx_word' id='word_1_166' title='bbox 1296 3258 1439 3323; x_wconf 83' lang='lat' dir='ltr'><strong>existen·</strong></span> 
     </span>
    </p>
   </div>
   <div class='ocr_carea' id='block_1_3' title="bbox 313 3363 1546 3772">
    <p class='ocr_par' dir='ltr' id='par_1_3' title="bbox 313 3363 1546 3772">
     <span class='ocr_line' id='line_1_21' title="bbox 316 3363 1546 3454; baseline 0.004 -23"><span class='ocrx_word' id='word_1_167' title='bbox 316 3365 411 3452; x_wconf 90' lang='lat' dir='ltr'><strong>olum,</strong></span> <span class='ocrx_word' id='word_1_168' title='bbox 428 3369 602 3432; x_wconf 84' lang='lat' dir='ltr'><strong>maximum</strong></span> <span class='ocrx_word' id='word_1_169' title='bbox 618 3367 791 3453; x_wconf 89' lang='lat' dir='ltr'><strong>dampnum</strong></span> <span class='ocrx_word' id='word_1_170' title='bbox 808 3377 839 3434; x_wconf 88' lang='lat' dir='ltr'><strong>ct</strong></span> <span class='ocrx_word' id='word_1_171' title='bbox 855 3369 1137 3454; x_wconf 89' lang='lat' dir='ltr'><strong>proscripoionem,</strong></span> <span class='ocrx_word' id='word_1_172' title='bbox 1155 3387 1194 3432; x_wconf 89' lang='lat' dir='ltr'><strong>ac</strong></span> <span class='ocrx_word' id='word_1_173' title='bbox 1211 3385 1328 3450; x_wconf 81' lang='lat' dir='ltr'><strong>graues</strong></span> <span class='ocrx_word' id='word_1_174' title='bbox 1357 3366 1440 3430; x_wconf 91' lang='lat' dir='ltr'><strong>iuui-</strong></span> <span class='ocrx_word' id='word_1_175' title='bbox 1545 3363 1546 3436; x_wconf 73' lang='lat' dir='ltr'><strong>i</strong></span> 
     </span>
     <span class='ocr_line' id='line_1_22' title="bbox 316 3470 1546 3558; baseline 0 -22"><span class='ocrx_word' id='word_1_176' title='bbox 316 3472 381 3536; x_wconf 88' lang='lat' dir='ltr'><strong>rias</strong></span> <span class='ocrx_word' id='word_1_177' title='bbox 397 3474 628 3555; x_wconf 86' lang='lat' dir='ltr'><strong>subportasset.</strong></span> <span class='ocrx_word' id='word_1_178' title='bbox 647 3476 709 3540; x_wconf 88' lang='lat' dir='ltr'><strong>Pro</strong></span> <span class='ocrx_word' id='word_1_179' title='bbox 725 3473 839 3558; x_wconf 86' lang='lat' dir='ltr'><strong>quibus</strong></span> <span class='ocrx_word' id='word_1_180' title='bbox 865 3482 911 3542; x_wconf 86' lang='lat' dir='ltr'><strong>tol</strong></span> <span class='ocrx_word' id='word_1_181' title='bbox 937 3482 969 3542; x_wconf 89' lang='lat' dir='ltr'><strong>ot</strong></span> <span class='ocrx_word' id='word_1_182' title='bbox 994 3476 1092 3542; x_wconf 86' lang='lat' dir='ltr'><strong>tantis</strong></span> <span class='ocrx_word' id='word_1_183' title='bbox 1115 3473 1262 3555; x_wconf 89' lang='lat' dir='ltr'><strong>seruioijs</strong></span> <span class='ocrx_word' id='word_1_184' title='bbox 1287 3470 1442 3536; x_wconf 86' lang='lat' dir='ltr'><strong>fidelibus</strong></span> <span class='ocrx_word' id='word_1_185' title='bbox 1545 3477 1546 3546; x_wconf 61' lang='grc' dir='ltr'>ἶ</span> 
     </span>
     <span class='ocr_line' id='line_1_23' title="bbox 315 3574 1546 3666; baseline -0.001 -24"><span class='ocrx_word' id='word_1_186' title='bbox 315 3583 348 3642; x_wconf 85' lang='lat' dir='ltr'><strong>ct</strong></span> <span class='ocrx_word' id='word_1_187' title='bbox 363 3574 536 3644; x_wconf 84' lang='lat' dir='ltr'><strong>admodum</strong></span> <span class='ocrx_word' id='word_1_188' title='bbox 554 3581 721 3663; x_wconf 88' lang='lat' dir='ltr'><strong>oportunis</strong></span> <span class='ocrx_word' id='word_1_189' title='bbox 738 3578 842 3646; x_wconf 87' lang='lat' dir='ltr'><strong>eidem</strong></span> <span class='ocrx_word' id='word_1_190' title='bbox 859 3581 1013 3647; x_wconf 84' lang='lat' dir='ltr'><strong>Ladialao</strong></span> <span class='ocrx_word' id='word_1_191' title='bbox 1042 3577 1380 3666; x_wconf 86' lang='lat' dir='ltr'><strong>recompensacionem</strong></span> <span class='ocrx_word' id='word_1_192' title='bbox 1397 3575 1443 3641; x_wconf 82' lang='lat' dir='ltr'><strong>la·</strong></span> <span class='ocrx_word' id='word_1_193' title='bbox 1545 3617 1546 3658; x_wconf 61' lang='lat'>3</span> 
     </span>
     <span class='ocr_line' id='line_1_24' title="bbox 313 3682 1546 3772; baseline 0.001 -25"><span class='ocrx_word' id='word_1_194' title='bbox 313 3700 387 3748; x_wconf 83' lang='lat' dir='ltr'><strong>carc</strong></span> <span class='ocrx_word' id='word_1_195' title='bbox 402 3682 534 3766; x_wconf 86' lang='lat' dir='ltr'><strong>cupiens</strong></span> <span class='ocrx_word' id='word_1_196' title='bbox 551 3685 737 3770; x_wconf 79' lang='lat' dir='ltr'><strong>aliqualem,</strong></span> <span class='ocrx_word' id='word_1_197' title='bbox 754 3688 828 3754; x_wconf 87' lang='lat' dir='ltr'><strong>licet</strong></span> <span class='ocrx_word' id='word_1_198' title='bbox 843 3689 993 3772; x_wconf 82' lang='lat' dir='ltr'><strong>exiguam</strong></span> <span class='ocrx_word' id='word_1_199' title='bbox 1011 3695 1043 3755; x_wconf 86' lang='lat' dir='ltr'><strong>et</strong></span> <span class='ocrx_word' id='word_1_200' title='bbox 1059 3688 1220 3754; x_wconf 85' lang='lat' dir='ltr'><strong>modicam</strong></span> <span class='ocrx_word' id='word_1_201' title='bbox 1236 3709 1243 3766; x_wconf 89' lang='lat'>;</span> <span class='ocrx_word' id='word_1_202' title='bbox 1260 3691 1370 3749; x_wconf 87' lang='lat' dir='ltr'><strong>tamen</strong></span> <span class='ocrx_word' id='word_1_203' title='bbox 1399 3682 1442 3748; x_wconf 88' lang='lat' dir='ltr'><strong>ad</strong></span> <span class='ocrx_word' id='word_1_204' title='bbox 1545 3689 1546 3698; x_wconf 49' lang='lat'>³</span> 
     </span>
    </p>
   </div>
   <div class='ocr_carea' id='block_1_4' title="bbox 316 3788 1445 4090">
    <p class='ocr_par' dir='ltr' id='par_1_4' title="bbox 316 3788 1445 4090">
     <span class='ocr_line' id='line_1_25' title="bbox 316 3788 1441 3874; baseline -0.004 -18"><span class='ocrx_word' id='word_1_205' title='bbox 316 3808 448 3874; x_wconf 84' lang='lat' dir='ltr'><strong>presens</strong></span> <span class='ocrx_word' id='word_1_206' title='bbox 463 3789 627 3871; x_wconf 81' lang='lat' dir='ltr'><strong>quandam</strong></span> <span class='ocrx_word' id='word_1_207' title='bbox 643 3794 878 3874; x_wconf 86' lang='lat' dir='ltr'><strong>possessionem</strong></span> <span class='ocrx_word' id='word_1_208' title='bbox 903 3815 995 3862; x_wconf 86' lang='lat' dir='ltr'><strong>suam</strong></span> <span class='ocrx_word' id='word_1_209' title='bbox 1021 3792 1250 3860; x_wconf 89' lang='lat' dir='ltr'><strong>hereditariam</strong></span> <span class='ocrx_word' id='word_1_210' title='bbox 1276 3788 1320 3854; x_wconf 92' lang='lat' dir='ltr'><strong>ad</strong></span> <span class='ocrx_word' id='word_1_211' title='bbox 1344 3807 1441 3855; x_wconf 90' lang='lat' dir='ltr'><strong>suam</strong></span> 
     </span>
     <span class='ocr_line' id='line_1_26' title="bbox 317 3894 1442 3985; baseline 0.001 -25"><span class='ocrx_word' id='word_1_212' title='bbox 317 3894 476 3979; x_wconf 87' lang='lat' dir='ltr'><strong>propriam</strong></span> <span class='ocrx_word' id='word_1_213' title='bbox 509 3895 692 3980; x_wconf 91' lang='lat' dir='ltr'><strong>porcionem</strong></span> <span class='ocrx_word' id='word_1_214' title='bbox 709 3899 933 3985; x_wconf 85' lang='lat' dir='ltr'><strong>pertinentem,</strong></span> <span class='ocrx_word' id='word_1_215' title='bbox 950 3899 1102 3967; x_wconf 86' lang='lat' dir='ltr'><strong>videlicet</strong></span> <span class='ocrx_word' id='word_1_216' title='bbox 1117 3895 1352 3964; x_wconf 81' lang='lat' dir='ltr'><strong>dimidietatem</strong></span> <span class='ocrx_word' id='word_1_217' title='bbox 1369 3915 1442 3979; x_wconf 89' lang='lat' dir='ltr'><strong>pos·</strong></span> 
     </span>
     <span class='ocr_line' id='line_1_27' title="bbox 318 4001 1445 4090; baseline 0 -24"><span class='ocrx_word' id='word_1_218' title='bbox 318 4003 471 4067; x_wconf 82' lang='lat' dir='ltr'><strong>sessionis</strong></span> <span class='ocrx_word' id='word_1_219' title='bbox 486 4001 634 4070; x_wconf 85' lang='lat' dir='ltr'><strong>Phalista</strong></span> <span class='ocrx_word' id='word_1_220' title='bbox 650 4012 764 4072; x_wconf 87' lang='lat' dir='ltr'><strong>uocate</strong></span> <span class='ocrx_word' id='word_1_221' title='bbox 774 4007 807 4071; x_wconf 91' lang='lat' dir='ltr'><strong>in</strong></span> <span class='ocrx_word' id='word_1_222' title='bbox 819 4006 991 4074; x_wconf 71' lang='lat' dir='ltr'><strong>(thollocun</strong></span> <span class='ocrx_word' id='word_1_223' title='bbox 1009 4005 1189 4090; x_wconf 86' lang='lat' dir='ltr'><strong>existentis,</strong></span> <span class='ocrx_word' id='word_1_224' title='bbox 1206 4023 1279 4068; x_wconf 92' lang='lat' dir='ltr'><strong>cum</strong></span> <span class='ocrx_word' id='word_1_225' title='bbox 1291 4001 1445 4068; x_wconf 87' lang='lat' dir='ltr'><strong>omnibus</strong></span> 
     </span>
    </p>
   </div>
   <div class='ocr_carea' id='block_1_5' title="bbox 319 4107 1546 4200">
    <p class='ocr_par' dir='ltr' id='par_1_5' title="bbox 319 4107 1546 4200">
     <span class='ocr_line' id='line_1_28' title="bbox 319 4107 1546 4200; baseline 0 -26"><span class='ocrx_word' id='word_1_226' title='bbox 319 4107 513 4176; x_wconf 78' lang='lat' dir='ltr'><strong>utilitatibus</strong></span> <span class='ocrx_word' id='word_1_227' title='bbox 538 4111 616 4196; x_wconf 88' lang='lat' dir='ltr'><strong>suis,</strong></span> <span class='ocrx_word' id='word_1_228' title='bbox 635 4113 758 4179; x_wconf 88' lang='lat' dir='ltr'><strong>scilicet</strong></span> <span class='ocrx_word' id='word_1_229' title='bbox 783 4113 875 4181; x_wconf 91' lang='lat' dir='ltr'><strong>terris</strong></span> <span class='ocrx_word' id='word_1_230' title='bbox 907 4114 1085 4182; x_wconf 86' lang='lat' dir='ltr'><strong>arabilibus</strong></span> <span class='ocrx_word' id='word_1_231' title='bbox 1113 4119 1145 4178; x_wconf 89' lang='lat' dir='ltr'><strong>et</strong></span> <span class='ocrx_word' id='word_1_232' title='bbox 1162 4132 1223 4178; x_wconf 89' lang='lat' dir='ltr'><strong>non</strong></span> <span class='ocrx_word' id='word_1_233' title='bbox 1250 4107 1447 4190; x_wconf 84' lang='lat' dir='ltr'><strong>arabilibus,</strong></span> <span class='ocrx_word' id='word_1_234' title='bbox 1545 4117 1546 4200; x_wconf 57' lang='lat' dir='ltr'>J</span> 
     </span>
    </p>
   </div>
   <div class='ocr_carea' id='block_1_6' title="bbox 318 4214 1447 4630">
    <p class='ocr_par' dir='ltr' id='par_1_6' title="bbox 318 4214 1447 4630">
     <span class='ocr_line' id='line_1_29' title="bbox 319 4214 1446 4306; baseline 0 -28"><span class='ocrx_word' id='word_1_235' title='bbox 319 4215 431 4300; x_wconf 86' lang='lat' dir='ltr'><strong>pratis,</strong></span> <span class='ocrx_word' id='word_1_236' title='bbox 449 4214 715 4302; x_wconf 86' lang='lat' dir='ltr'><strong>leuatis,pasouis</strong></span> <span class='ocrx_word' id='word_1_237' title='bbox 728 4239 889 4306; x_wconf 86' lang='lat' dir='ltr'><strong>pecorum,</strong></span> <span class='ocrx_word' id='word_1_238' title='bbox 908 4221 1002 4303; x_wconf 85' lang='lat' dir='ltr'><strong>aqrris</strong></span> <span class='ocrx_word' id='word_1_239' title='bbox 1019 4227 1050 4287; x_wconf 89' lang='lat' dir='ltr'><strong>et</strong></span> <span class='ocrx_word' id='word_1_240' title='bbox 1067 4216 1213 4304; x_wconf 79' lang='lat' dir='ltr'><strong>piscinis,</strong></span> <span class='ocrx_word' id='word_1_241' title='bbox 1230 4235 1269 4282; x_wconf 88' lang='lat' dir='ltr'><strong>ao</strong></span> <span class='ocrx_word' id='word_1_242' title='bbox 1285 4214 1355 4282; x_wconf 90' lang='lat' dir='ltr'><strong>suis</strong></span> <span class='ocrx_word' id='word_1_243' title='bbox 1373 4234 1446 4298; x_wconf 87' lang='lat' dir='ltr'><strong>pcr-</strong></span> 
     </span>
     <span class='ocr_line' id='line_1_30' title="bbox 318 4319 1447 4408; baseline 0.002 -24"><span class='ocrx_word' id='word_1_244' title='bbox 318 4319 466 4404; x_wconf 86' lang='lat' dir='ltr'><strong>tinenoijs</strong></span> <span class='ocrx_word' id='word_1_245' title='bbox 482 4323 652 4408; x_wconf 83' lang='lat' dir='ltr'><strong>uniuersis,</strong></span> <span class='ocrx_word' id='word_1_246' title='bbox 670 4345 741 4392; x_wconf 88' lang='lat' dir='ltr'><strong>oum</strong></span> <span class='ocrx_word' id='word_1_247' title='bbox 767 4329 852 4395; x_wconf 90' lang='lat' dir='ltr'><strong>bona</strong></span> <span class='ocrx_word' id='word_1_248' title='bbox 866 4329 1035 4396; x_wconf 84' lang='lat' dir='ltr'><strong>voluntate</strong></span> <span class='ocrx_word' id='word_1_249' title='bbox 1063 4325 1197 4394; x_wconf 76' lang='lat' dir='ltr'><strong>Comitis</strong></span> <span class='ocrx_word' id='word_1_250' title='bbox 1221 4321 1314 4389; x_wconf 89' lang='lat' dir='ltr'><strong>Pauli</strong></span> <span class='ocrx_word' id='word_1_251' title='bbox 1339 4319 1447 4388; x_wconf 83' lang='lat' dir='ltr'><strong>karis-</strong></span> 
     </span>
     <span class='ocr_line' id='line_1_31' title="bbox 319 4425 1447 4523; baseline -0.004 -29"><span class='ocrx_word' id='word_1_252' title='bbox 319 4426 392 4494; x_wconf 87' lang='lat' dir='ltr'><strong>simi</strong></span> <span class='ocrx_word' id='word_1_253' title='bbox 421 4425 530 4495; x_wconf 85' lang='lat' dir='ltr'><strong>iratris</strong></span> <span class='ocrx_word' id='word_1_254' title='bbox 556 4431 606 4499; x_wconf 90' lang='lat' dir='ltr'><strong>sui</strong></span> <span class='ocrx_word' id='word_1_255' title='bbox 631 4434 867 4502; x_wconf 88' lang='lat' dir='ltr'><strong>consencientis</strong></span> <span class='ocrx_word' id='word_1_256' title='bbox 893 4445 925 4503; x_wconf 91' lang='lat' dir='ltr'><strong>et</strong></span> <span class='ocrx_word' id='word_1_257' title='bbox 950 4433 1172 4523; x_wconf 85' lang='lat' dir='ltr'><strong>permittentis,</strong></span> <span class='ocrx_word' id='word_1_258' title='bbox 1199 4427 1383 4496; x_wconf 84' lang='lat' dir='ltr'><strong>liberaliter</strong></span> <span class='ocrx_word' id='word_1_259' title='bbox 1416 4435 1447 4494; x_wconf 88' lang='lat' dir='ltr'><strong>et</strong></span> 
     </span>
     <span class='ocr_line' id='line_1_32' title="bbox 318 4531 1447 4630; baseline -0.001 -30"><span class='ocrx_word' id='word_1_260' title='bbox 318 4531 463 4619; x_wconf 81' lang='lat' dir='ltr'><strong>libenter,</strong></span> <span class='ocrx_word' id='word_1_261' title='bbox 479 4535 561 4602; x_wconf 85' lang='lat' dir='ltr'><strong>sicut</strong></span> <span class='ocrx_word' id='word_1_262' title='bbox 577 4537 681 4606; x_wconf 87' lang='lat' dir='ltr'><strong>eciam</strong></span> <span class='ocrx_word' id='word_1_263' title='bbox 706 4539 767 4608; x_wconf 90' lang='lat' dir='ltr'><strong>hoc</strong></span> <span class='ocrx_word' id='word_1_264' title='bbox 791 4545 885 4611; x_wconf 92' lang='lat' dir='ltr'><strong>nobis</strong></span> <span class='ocrx_word' id='word_1_265' title='bbox 911 4545 1075 4630; x_wconf 85' lang='lat' dir='ltr'><strong>predictus</strong></span> <span class='ocrx_word' id='word_1_266' title='bbox 1103 4541 1174 4609; x_wconf 77' lang='lat' dir='ltr'><strong>aon</strong></span> <span class='ocrx_word' id='word_1_267' title='bbox 1201 4556 1241 4604; x_wconf 82' lang='lat' dir='ltr'><strong>ex</strong></span> <span class='ocrx_word' id='word_1_268' title='bbox 1266 4541 1359 4620; x_wconf 84' lang='lat' dir='ltr'><strong>parte</strong></span> <span class='ocrx_word' id='word_1_269' title='bbox 1390 4533 1447 4600; x_wconf 90' lang='lat' dir='ltr'><strong>do·</strong></span> 
     </span>
    </p>
   </div>
   <div class='ocr_carea' id='block_1_7' title="bbox 0 0 1571 5158">
    <p class='ocr_par' dir='ltr' id='par_1_7' title="bbox 0 0 1571 5158">
     <span class='ocr_line' id='line_1_33' title="bbox 0 0 1571 5158; baseline 0 0"><span class='ocrx_word' id='word_1_270' title='bbox 0 0 1571 5158; x_wconf 95' lang='lat' dir='ltr'><strong> </strong></span> 
     </span>
    </p>
   </div>
  </div>
 </body>
</html>
