3170 5166
641 1065 644 1070 Ι
684 973 760 1040 ass.

152 1173 189 1239 A
203 1174 338 1238 oamdri
353 1171 576 1256 ledptolaoaalc
591 1168 902 1257 br'zooysdplcocleoz
918 1173 1009 1237 Ebcd
1027 1175 1094 1282 fiai
1125 1177 1156 1239 ds
1188 1173 1292 1238 Kclcd
1381 1119 1383 1126 Ι

202 1282 286 1347 kasti
299 1280 417 1367 paracle
432 1278 600 1344 cdlaaziott
616 1276 708 1343 birola·
723 1280 819 1344 alcala·
833 1280 1024 1346 disciderat.
1043 1283 1092 1344 Eo
1109 1281 1229 1346 collat.

269 1474 338 1540 Nos
355 1473 542 1560 Capitulum
557 1473 703 1540 Ecclesie
719 1475 832 1542 Sancti
842 1473 1012 1542 Michaelis
1029 1475 1070 1542 de
1087 1476 1201 1542 Castro
1218 1477 1282 1540 Fer

168 1601 222 1646 reo
240 1576 327 1668 (per)
343 1586 511 1663 presentes
527 1581 656 1648 litteras
672 1579 788 1649 <lamus
804 1601 861 1666 pro
871 1581 1039 1669 memoria,
1057 1581 1141 1664 quod
1158 1601 1232 1647 cum
1247 1601 1295 1647 sc·

169 1686 308 1754 cundum
324 1692 468 1754 tenorem
483 1687 664 1754 litterarum
680 1687 785 1754 incliti
802 1687 923 1755 domini
939 1689 1038 1773 Regis
1054 1689 1088 1754 in
1120 1687 1296 1772 quindenis

153 1793 271 1862 vSancti
286 1793 517 1861 MartiniDecs
528 1791 645 1860 Oomes
656 1793 697 1860 de
713 1795 856 1861 Herman
873 1802 905 1860 et
914 1793 1065 1862 Andreas
1081 1793 1168 1862 filius
1185 1794 1292 1860 Ende-

161 1921 194 1968 re
211 1909 243 1968 et
258 1903 357 1968 ceteri
372 1902 405 1968 in
437 1900 573 1969 hiisdem
590 1901 708 1970 litteris
725 1903 768 1968 ad
793 1901 965 1969 arbitrium
982 1900 1167 1968 iaciendum
1196 1901 1295 1986 depu-

157 2010 222 2076 tati
238 2011 322 2075 inter
337 2009 422 2076 lilios
440 2007 575 2077 Comitis
592 2009 684 2078 Ebed
699 2029 738 2076 ae
753 2009 839 2076 inter
869 2009 972 2075 filium
1002 2009 1120 2077 Kelsd'
1140 2009 1292 2074 arbitrari

154 2117 348 2184 *debuissent
364 2136 473 2184 coram
489 2116 591 2201 nobis,
608 2117 803 2185 aduenientes
820 2117 956 2182 termino
973 2115 1119 2201 partibus
1151 2113 1288 2180 uolenti·

159 2223 220 2290 bus
237 2224 352 2289 arbitri
368 2223 539 2310 prescripti
555 2222 654 2290 talem
671 2222 941 2308 composicionem
957 2223 1104 2290 fecerunt
1120 2221 1203 2286 inter
1218 2238 1290 2304 par-

159 2336 227 2396 tes:
244 2329 331 2415 quod
348 2328 453 2397 dictus
470 2328 575 2397 Keled
602 2329 708 2396 soluat
739 2329 856 2414 viginti
888 2334 1028 2411 quatuor
1058 2347 1185 2394 marcas
1216 2325 1292 2410 filijs

153 2435 294 2504 Comitis
310 2436 403 2504 Ebed
418 2436 452 2501 in
483 2435 629 2505 terminis
661 2435 908 2522 subsequendis,
942 2439 988 2502 ita
1019 2433 1184 2520 uidelicet,
1201 2434 1288 2518 quod

157 2539 327 2612 duodecim
344 2564 473 2610 marcas
490 2543 597 2610 soluat
613 2543 647 2608 in
658 2545 784 2610 octauis
796 2542 1054 2630 Epiphaniamm
1066 2541 1206 2627 Domini,
1218 2561 1291 2626 par-

154 2653 214 2716 tim
225 2651 259 2718 in
280 2651 426 2736 denarijs
436 2651 687 2738 Viennensibus,
708 2651 829 2737 partim
847 2653 881 2718 in
898 2652 1109 2719 estimatione
1126 2649 1292 2733 condigna

156 2757 542 2846 singulisdecempensis
562 2779 619 2844 pro
640 2760 781 2842 singulis
797 2758 917 2824 marcis
933 2757 1162 2845 persoluendis
1184 2775 1292 2822 coram

157 2866 296 2952 nobis,et
306 2864 332 2934 si
342 2869 449 2951 ipsum
461 2867 631 2934 terminum
642 2865 874 2932 crastinanerit
884 2863 919 2929 in
930 2864 1098 2949 soluendo,
1111 2863 1209 2947 duplo
1220 2865 1293 2930 snb·

154 2972 385 3058 iaecbit3ilem
395 2971 545 3039 similiter
555 2971 726 3038 duodecim
736 2983 861 3036 marcas
871 2969 979 3038 soluat
990 2969 1086 3035 modo
1097 2966 1244 3052 predicto
1254 2969 1288 3033 in

154 3081 281 3150 octonis
292 3079 451 3162 Cincrum,
463 3078 646 3146 amittendo
657 3076 844 3162 peccuniam
855 3077 946 3162 prius
957 3075 1168 3161 persolutam,
1179 3074 1207 3139 si
1218 3079 1294 3140 tunc

153 3189 329 3273 negligens
340 3186 528 3254 extiteritin
538 3185 705 3272 soluendo,
715 3193 747 3250 ct
756 3184 890 3270 insuper
900 3183 997 3269 duplo
1007 3179 1237 3263 subiacebit3et
1246 3181 1294 3247 sio

153 3315 268 3364 omnes
285 3314 437 3362 rancores
454 3303 486 3360 et
502 3293 697 3379 questiones,
715 3313 777 3378 que
793 3300 926 3360 actenus
943 3292 1028 3358 inter
1053 3297 1162 3376 partes
1194 3307 1293 3356 emer-

153 3411 276 3488 serant,
289 3403 474 3470 uolentibus
491 3401 640 3489 partibus
658 3401 915 3486 conquieuerunt
930 3407 962 3466 et
979 3397 1295 3486 penitussuntanul-

156 3513 233 3579 late.
249 3509 320 3578 Nec
337 3511 399 3578 hoc
415 3511 692 3596 pretermittimus,
710 3509 796 3591 quod
813 3509 847 3573 in
865 3509 918 3574 dis
935 3508 1042 3576 medie
1074 3506 1196 3572 lib-ms
1226 3504 1291 3572 dic·

153 3623 207 3684 tus
223 3617 327 3685 Kelerl
343 3623 507 3685 construet
524 3615 654 3682 domum
679 3637 776 3702 super
802 3635 931 3682 carcere
964 3614 1075 3682 Ferroi
1108 3611 1227 3700 Casiri,
1261 3619 1293 3678 et

154 3726 228 3793 loco
244 3727 387 3792 carceris
403 3722 468 3810 ipsi
486 3724 597 3792 domui
613 3724 728 3791 eodsrn
746 3725 799 3790 die
815 3723 930 3807 viginti
957 3723 1099 3805 quinque
1130 3720 1292 3788 nobilibus

154 3831 338 3900 includetur
354 3833 440 3898 diem
451 3839 483 3900 et
493 3837 621 3899 noctem
638 3831 760 3898 durans
778 3831 811 3894 in
829 3830 944 3896 eadem
955 3854 963 3906 ;
975 3827 1110 3915 posthoc
1126 3834 1233 3894 autem
1250 3826 1292 3894 ab

154 3941 228 4027 ipso
246 3938 299 4006 die
314 3940 529 4026 computando
546 3957 605 4025 per
621 3938 758 4006 scidam
775 3935 882 4003 Koled
898 3935 1015 4019 viginti
1046 3936 1188 4018 quinque
1219 3933 1290 4000 dies

154 4046 288 4115 durabit
303 4047 337 4112 in
354 4049 427 4134 ipsa
444 4046 558 4131 domo;
577 4053 609 4112 et
626 4046 654 4114 si
671 4052 746 4112 anto
763 4045 847 4110 dlcm
864 4043 1023 4128 prefixum
1051 4043 1156 4110 dietus
1172 4039 1289 4122 Kaled,

154 4155 272 4222 nolens
289 4153 363 4221 huic
379 4153 607 4241 composicioni
624 4173 748 4238 parere,
766 4158 859 4217 extra
876 4150 1006 4216 domum
1022 4149 1177 4216 inuentus
1195 4147 1292 4215 fucrit

155 4269 190 4330 et
205 4263 267 4330 hoc
282 4263 375 4331 nobis
390 4261 573 4346 constabit,
589 4259 704 4348 perdet
721 4279 832 4326 omnes
847 4277 974 4326 marcas
991 4256 1081 4343 prins
1098 4254 1291 4342 persolutus,

152 4377 189 4438 et
204 4370 263 4456 filij
281 4369 373 4438 suco
389 4389 466 4438 suas
482 4389 598 4437 causas
614 4389 635 4436 a
651 4368 811 4456 principio
828 4372 964 4454 possunt
974 4363 1139 4446 inchoare,
1150 4361 1289 4430 iudicem

93 4535 95 4539 .
153 4484 269 4546 aduno
286 4484 318 4546 et
333 4477 526 4565 pristaldum
543 4478 577 4543 in
596 4477 721 4546 duabus
737 4475 886 4564 partibus
902 4471 1018 4560 Keled,
1035 4471 1070 4538 in
1086 4468 1189 4536 tercia
1213 4489 1289 4536 vero

155 4592 252 4674 parte
267 4586 325 4674 lilij
343 4585 477 4656 Comitis
493 4583 626 4653 llbedin
638 4583 722 4654 testo
732 4580 939 4653 Ascensionis
955 4577 1096 4659 Domini,
1107 4595 1170 4660 quo
1180 4593 1291 4641 coram
