3098 5172
829 906 904 974 148.

308 1111 438 1178 Menon
455 1132 552 1176 eomes
568 1107 854 1195 alorsadpbirdaale
880 1107 1023 1174 Kulclrea
1041 1108 1193 1192 belyedpet
1208 1104 1367 1188 tarpyczd
1379 1102 1431 1166 ec

462 1219 519 1283 lete
534 1214 665 1283 Audes·
679 1227 791 1280 mester
809 1217 841 1282 ds
864 1215 953 1282 Kale
970 1213 1078 1280 Jakab
1094 1210 1171 1280 leat.
1190 1212 1288 1276 1296.

416 1412 485 1478 Nos
502 1410 617 1480 (lomes
633 1412 790 1477 Martinus
806 1408 984 1475 Viceindex
999 1407 1096 1475 Ouric
1111 1404 1236 1474 domini
1250 1403 1350 1488 Regis
1372 1423 1434 1470 me·

311 1518 413 1586 morie
429 1519 694 1586 commendantes
710 1516 930 1602 significamus
957 1517 1073 1599 quibus
1091 1513 1222 1600 expedit
1236 1519 1351 1580 tenore
1365 1529 1435 1596 pre·

310 1625 454 1694 sencium
475 1612 654 1711 uniuersis,
685 1622 772 1710 quod
797 1623 953 1710 Magister
978 1621 1155 1690 Aladarius
1172 1621 1257 1688 tilius
1273 1620 1380 1687 Cheta
1394 1617 1437 1686 ad

310 1739 456 1801 nostram
488 1733 704 1819 personaliter
719 1733 877 1800 accedens
892 1729 1098 1817 presenciam
1115 1727 1261 1796 exhibuit
1276 1727 1371 1793 nobis
1386 1725 1436 1792 lit·

311 1846 399 1908 teras
414 1847 542 1908 nostras
559 1840 763 1908 memoriales
779 1839 983 1908 continentes
999 1839 1084 1905 hunc
1100 1826 1265 1904 tenorem:

420 1949 541 2014 Datum
556 1966 617 2032 pro
632 1945 800 2032 memoria,
817 1947 903 2030 quod
919 1965 1063 2033 cansam,
1080 1963 1178 2027 quam
1194 1941 1352 2025 Magister
1360 1940 1436 2008 Ala·

313 2055 425 2124 darius
441 2055 656 2140 personaliter
671 2061 785 2122 astons
808 2061 921 2121 contra
936 2052 1094 2122 Jacobnm
1110 2051 1231 2118 dictum
1245 2047 1344 2117 Kuhe
1352 2099 1363 2136 ,
1379 2067 1438 2134 pro

314 2182 377 2246 quo
394 2161 545 2228 Clemens
570 2161 612 2227 de
627 2163 715 2247 Bury
730 2162 878 2228 seruiens
893 2179 971 2228 snus
986 2179 1058 2228 cum
1075 2159 1305 2246 procuratoriis
1320 2155 1437 2222 litteris

313 2267 461 2355 Omodey
476 2267 620 2335 Palatini
635 2266 824 2354 comparuit,
841 2267 877 2334 in
893 2266 1019 2334 cctauis
1035 2266 1111 2353 diey
1128 2263 1279 2332 Cinerum
1296 2263 1440 2332 babebat

314 2395 422 2445 coram
437 2375 542 2461 nobis,
557 2374 599 2444 de
617 2377 787 2443 voluntate
810 2376 958 2460 parcium
974 2373 1223 2460 prorogauimus
1246 2371 1289 2438 ad
1305 2369 1441 2454 quinde-

315 2503 376 2552 nas
391 2483 503 2552 Sancti
518 2481 651 2570 Georgij
667 2484 711 2552 ad
735 2485 866 2570 plenam
881 2481 1124 2569 responsionem
1139 2481 1173 2546 in
1188 2500 1205 2547 s
1222 2516 1263 2528 —
1281 2516 1321 2527 —
1339 2475 1443 2564 priori

317 2591 347 2658 si
362 2588 445 2657 feria
459 2597 555 2658 sexta
570 2599 646 2658 ante
670 2595 802 2658 octonas
821 2589 941 2657 Passce
968 2587 1056 2674 apud
1081 2589 1252 2657 ecclesiam
1276 2586 1318 2652 do
1334 2586 1442 2675 Mysle

316 2715 374 2790 per
390 2697 556 2764 arbitrium
579 2695 716 2764 Comitis
731 2697 818 2765 Petri
844 2695 902 2784 filij
929 2697 1075 2783 Georgij,
1100 2701 1134 2762 et
1147 2695 1234 2763 Petri
1250 2693 1309 2779 filij
1327 2693 1444 2782 (Bene

317 2803 408 2892 dicti)
425 2806 467 2873 de
484 2813 575 2890 parte
589 2804 739 2890 Magistri
754 2803 922 2890 Aladarij3
948 2805 1027 2873 item
1041 2803 1192 2889 Magistri
1206 2801 1386 2871 Andronici
1402 2800 1444 2868 de

318 2911 470 3000 Terebes,
487 2918 519 2980 et
533 2913 621 2980 Petri
636 2912 694 2998 filij
713 2911 835 2981 lielecd
849 2912 892 2980 de
906 2921 1002 3000 parte
1017 2914 1158 2981 aduersa
1167 2965 1177 2998 ,
1204 2931 1270 2978 non
1294 2912 1447 2996 poterunt

317 3019 521 3088 concordare.
537 3019 579 3084 nt
594 3021 673 3102 quia
687 3019 762 3105 ipsa
788 3038 889 3088 causa
913 3018 1040 3086 diucius
1065 3019 1125 3086 luit
1149 3017 1331 3103 uentilata,
1357 3019 1445 3086 idem

317 3125 459 3195 lacobus
471 3179 480 3212 ,
507 3128 537 3193 si
552 3127 595 3194 ad
620 3127 727 3220 locum
742 3127 867 3213 arbitrii
894 3148 960 3194 non
982 3127 1158 3195 accesserit
1169 3180 1180 3215 ,
1204 3129 1258 3195 uel
1274 3125 1445 3194 arbitrium

317 3255 384 3302 non
412 3235 642 3322 assumpserit,
668 3234 825 3319 Magistro
851 3234 1009 3302 Aladario
1033 3236 1160 3304 soluere
1191 3234 1355 3301 tenebitur
1380 3239 1448 3301 tres

318 3363 446 3412 marcas
463 3351 539 3410 ante
553 3341 663 3428 litem,
688 3344 772 3410 sicut
786 3342 952 3429 predictus
973 3343 1125 3411 Clemens
1140 3343 1286 3410 seruiens
1302 3359 1383 3410 suus
1401 3340 1448 3424 ip·

319 3469 390 3518 sum
406 3449 597 3535 Magistrum
614 3450 772 3517 Jacobum
788 3450 832 3517 ad
847 3451 911 3518 hoc
926 3458 1045 3536 sponte
1061 3450 1242 3536 obligauit;
1257 3449 1382 3515 nullum
1399 3453 1449 3514 ta-

320 3576 394 3624 men
412 3575 589 3640 grauamen
604 3555 677 3641 ipse
692 3557 835 3624 lacobus
851 3556 1002 3625 habendo
1018 3559 1150 3627 racione
1165 3557 1268 3625 nostri
1278 3555 1400 3642 judieij
1414 3553 1449 3619 in

321 3663 382 3730 hoc
395 3663 501 3749 sacto;
519 3669 615 3749 prout
629 3662 663 3728 id
687 3683 748 3732 nos
764 3662 848 3732 inter
872 3672 984 3750 partes
1001 3665 1152 3733 duximus
1168 3661 1393 3732 ordinandum.
1410 3663 1452 3728 llt

321 3771 422 3839 series
438 3768 516 3838 facti
531 3771 565 3837 in
588 3769 704 3838 litteris
731 3769 896 3856 Prepositi
920 3771 962 3838 de
976 3775 1082 3860 Mysle
1106 3773 1202 3840 nobis
1218 3772 1316 3839 debet
1339 3788 1452 3858 repor-

321 3877 393 3947 tari.
410 3878 531 3944 Datum
547 3877 639 3944 Bude
655 3877 793 3963 septimo
810 3877 863 3946 die
878 3877 1007 3946 termini
1025 3879 1200 3966 prenotati.
1229 3929 1233 3932 -

429 3985 690 4053 Aduenientibus
700 3985 810 4070 itaque
823 3987 905 4071 ipsis
922 3986 1094 4072 quindenis
1109 3987 1205 4054 Beati
1223 3983 1355 4069 Georgij
1369 4004 1453 4052 mar·

322 4091 393 4158 tiris
409 4091 495 4159 idem
510 4091 668 4175 Magister
683 4090 860 4158 Aladarins
882 4093 1026 4161 exhibuit
1047 4093 1174 4161 litteras
1190 4091 1269 4160 dicti
1284 4092 1454 4176 Prepositi

321 4199 356 4265 in
372 4197 434 4264 hec
453 4200 569 4265 uerba:

429 4305 508 4373 Viro
524 4306 626 4374 nobili
650 4305 761 4373 Judici
790 4305 889 4376 Ourie
913 4309 1035 4375 domini
1059 4308 1159 4392 Regis
1176 4306 1315 4374 Michael
1334 4307 1456 4392 Prepo·
1542 4307 1544 4311 ’

322 4413 404 4480 situs
423 4411 463 4478 de
480 4411 575 4478 Misle
602 4411 850 4480 inclinaoionsm
867 4435 940 4482 cnm
965 4415 1096 4482 honore.
1124 4415 1225 4482 Vobis
1251 4419 1364 4481 Mnore
1380 4431 1457 4498 prc-

323 4521 468 4586 sencium
486 4520 702 4607 declaramus,
718 4519 804 4604 quod
819 4521 1013 4589 accedentes
1029 4519 1073 4589 ad
1087 4527 1231 4591 nostram
1246 4524 1457 4607 presenciam
