3098 5172
873 285 937 348 :233

333 482 445 548 raliter
463 487 495 547 et
511 479 666 562 libenter,
685 483 853 562 gratanter
864 483 895 544 et
912 477 1092 544 iocondeiu
1110 485 1310 563 perpetuum.
1326 478 1363 543 In
1374 479 1453 545 cuius

337 588 382 654 rei
415 587 603 652 memoriam
629 592 797 670 presentes
823 585 948 651 litteras
974 592 1083 652 nostro
1108 585 1219 670 sigillo
1246 587 1452 654 concessimus

333 696 512 762 roboratas.
545 693 660 760 Actum
691 713 778 760 anno
795 693 927 760 Domini
959 691 1134 758 millesimo
1167 691 1237 758 00⁰
1254 693 1450 778 nonagesimo

331 809 426 870 sexto
450 821 563 868 mense
593 798 732 878 Marci0;
760 798 927 886 Stephano
959 799 1123 888 Cantore,
1150 799 1287 868 Nicolao
1313 801 1451 884 Custode,

332 911 436 977 altero
452 908 586 974 Nicolao
603 909 746 994 Decano,
764 906 948 989 ceterisque
974 928 1073 992 quam
1098 907 1247 993 pluribus
1263 908 1381 974 ibidem
1396 908 1451 973 eri·

333 1015 501 1084 stantibus.
516 1017 636 1082 Datum
653 1034 713 1100 per
735 1034 850 1080 manus
866 1014 1015 1098 Magistri
1033 1015 1121 1082 Galli
1137 1013 1285 1082 Lectoris
1302 1013 1453 1098 Quinque—

333 1121 552 1190 ccclesiensis.

331 1299 468 1367 (Eredetie
481 1295 659 1364 bllrbdrtydn.
676 1295 788 1366 asdrga
811 1299 1041 1366 selysmnsiudrcn
1066 1302 1178 1367 tiiggbtt
1196 1299 1290 1368 peesdt
1313 1301 1452 1362 alsensem

635 1403 653 1438 a
665 1387 749 1439 bndai
764 1391 816 1441 kir.
831 1389 955 1444 kamarai
967 1388 1160 1454 lerdltdrban.)

796 1639 973 1650 ιι--ι-ψ--ηῡ-
986 1640 1003 1647 .-

330 2354 361 2420 Α
382 2357 474 2441 pe'csi
488 2355 712 2441 kdptalonuclt
727 2355 1007 2442 dizooysdpleucle,
1031 2354 1115 2441 luopy
1130 2356 1244 2422 Kletur
1260 2377 1356 2424 eomes
1369 2357 1449 2423 udd-

321 2465 401 2550 jai,
419 2465 513 2549 Zelyz
543 2462 649 2530 lentot
669 2485 764 2550 peres
798 2463 943 2528 birtolra
972 2463 1083 2547 ηέιυο,
1108 2461 1342 2551 bwdtsdqosaru
1356 2485 1448 2552 epycu-

783 2569 898 2636 ltedtelr.
914 2567 1014 2634 1296.

438 2729 595 2798 Nicolaus
613 2729 802 2815 Prepesitns
830 2735 863 2796 et
888 2727 1073 2814 Capitulum
1104 2726 1448 2814 Quinqueeoolesiensis

252 2917 255 2923 Α
331 2837 477 2906 Ecclesia
509 2837 658 2904 omnibus
688 2857 825 2923 presens
856 2837 1013 2922 scriptum
1045 2835 1255 2903 cernentibus
1271 2837 1448 2905 salutemin

330 2946 481 3014 Domino.
497 2944 550 3013 Ad
565 2946 789 3014 uniuersorum
810 2944 965 3013 noticiam
980 2943 1131 3012 uolumus
1162 2947 1349 3030 peruenire;
1373 2945 1448 3030 quod
1530 3013 1531 3028 ἦ

329 3054 456 3123 nobiles
471 3055 605 3122 iuuenes
629 3050 747 3121 iratres
762 3053 949 3137 patrueles,
974 3051 1129 3118 videlicet
1152 3051 1302 3136 Magistri
1319 3053 1448 3120 Lauren·

331 3161 401 3230 eius
416 3168 449 3228 et
463 3159 626 3247 Phylipus
636 3210 646 3244 ,
678 3178 718 3226 ao
733 3157 913 3224 Ladinlaus
945 3158 1029 3226 filius
1046 3160 1193 3244 Magistri
1221 3160 1382 3247 Phylipns
1394 3157 1446 3242 filij

330 3266 466 3336 Comitis
483 3265 581 3350 Glety
596 3268 639 3333 ab
655 3286 722 3334 una
738 3272 840 3352 parte,
858 3264 1018 3348 Magister
1027 3265 1206 3352 lohannes,
1221 3267 1377 3354 Phylpns,
1393 3268 1449 3332 De·

330 3373 473 3458 metrins,
489 3372 665 3440 Ladizlaus
682 3373 743 3460 filij
761 3371 895 3440 Comitis
924 3373 1073 3441 Ladizlai
1089 3374 1147 3458 tilij
1164 3373 1309 3442 eiusdem
1326 3375 1449 3443 Comitis

332 3480 425 3569 Glety
441 3481 483 3548 ab
500 3481 623 3566 altera,
655 3479 870 3566 personaliter
893 3483 926 3548 in
958 3481 1062 3549 nostri
1087 3483 1257 3569 presencia
1281 3480 1448 3564 constituti,

330 3592 551 3677 proponentes
583 3593 661 3654 sunt
685 3587 830 3655 confessi
855 3589 986 3666 oraculo
1003 3589 1187 3666 viuenocis3
1203 3589 1291 3673 quod
1306 3610 1378 3658 cum
1392 3589 1448 3675 ipsi
1528 3645 1529 3670 p

330 3715 428 3781 super
444 3693 540 3762 terris
557 3702 589 3761 et
614 3695 874 3780 possessionibus
901 3715 1012 3764 eorum
1028 3695 1068 3761 de
1083 3695 1227 3782 Zelyzyo
1244 3695 1277 3763 in
1296 3697 1448 3765 Comitatu

328 3802 507 3870 Tholnensi
523 3801 653 3870 situatis
670 3809 702 3868 et
718 3802 951 3890 existentibus,
977 3805 1125 3872 terminis
1151 3806 1224 3872 siue
1251 3807 1347 3874 metis
1364 3807 1448 3872 inter·

330 3909 446 3997 positis
463 3910 635 3977 limitando
653 3916 686 3976 et
702 3911 744 3977 ab
760 3911 901 3978 inuicem
918 3911 1112 3998 separando,
1123 3918 1221 3996 prout
1236 3911 1271 3978 in
1285 3911 1450 3998 priuilegio

329 4023 441 4086 nostro
467 4017 584 4086 exinde
619 4017 766 4086 coniecto
798 4017 958 4102 nobisque
986 4019 1129 4087 exhibito
1161 4019 1291 4106 plenius
1316 4020 1450 4088 uidimus

330 4126 506 4212 contineri3
534 4127 613 4194 item
644 4146 744 4214 super
773 4127 1034 4212 possessionibus
1060 4147 1171 4196 eorum
1204 4130 1295 4195 ultra
1324 4125 1448 4196 fluuium

329 4233 450 4302 Drauue
465 4235 596 4302 situatis
627 4242 661 4300 et
676 4234 890 4303 existentibus
915 4235 1064 4302 similiter
1087 4235 1237 4302 terminis
1267 4235 1338 4304 siue
1361 4235 1448 4301 metis

329 4341 529 4430 interpositis
544 4340 713 4410 limitando
730 4349 763 4410 et
777 4343 819 4410 ab
840 4342 978 4411 inuicem
988 4341 1182 4428 separando,
1194 4351 1291 4429 prout
1305 4344 1339 4410 in
1354 4343 1448 4410 altero

329 4449 503 4536 priuilegio
534 4457 644 4520 nostro
661 4449 781 4519 exinde
795 4449 942 4520 coniecto
977 4451 1137 4535 nobisque
1167 4450 1314 4519 exhibito
1329 4448 1449 4538 plenius

329 4557 471 4628 uidimus
486 4557 658 4645 contineri,
673 4557 869 4627 diuisionem
884 4559 970 4628 inter
988 4577 1025 4629 ss
1039 4557 1195 4629 iecissent
1214 4566 1249 4626 et
1264 4559 1449 4629 habuissent
