3120 5172
562 356 720 454 Q-
817 297 820 304 λ

82 549 194 615 dictam
213 543 410 634 particulam
427 553 523 631 terre,
541 565 614 613 curn
639 545 833 613 utilitatibus
849 553 882 613 et
896 545 1110 632 pertinenciis
1135 549 1220 616 suis-

80 653 235 722 rniuersis
250 653 312 721 sub
337 652 504 739 premissis
529 653 783 722 limitaoionibns
813 659 972 724 metarum
1004 651 1204 724 ettermino·

80 783 154 848 rum,
172 760 334 846 dedimus,
350 759 552 844 reliquimus,
567 766 603 827 et
618 761 837 846 contulimus,
864 761 988 829 eisdem
1005 763 1068 829 Jan
1085 767 1117 828 et
1131 761 1205 830 Bla-

83 871 136 957 sio,
151 890 192 938 ao
207 888 267 956 per
287 854 424 936 ¹eosdem
450 867 520 937 suis
544 867 720 938 heredibus
745 869 816 938 iure
847 875 1004 958 perpetuo
1021 869 1156 956 pacifice
1172 879 1204 941 et

80 977 343 1045 inreuooabiiiter
364 975 598 1064 possidendam
631 982 663 1045 et
689 975 884 1044 habendam.
901 975 940 1044 ln
966 976 1057 1045 cuius
1073 979 1122 1044 rei
1139 999 1204 1047 mo·

80 1085 211 1152 moriam
228 1090 483 1172 perpetuamque
508 1083 696 1152 firmitatem
730 1091 901 1170 presentes
918 1083 1134 1153 concessimus
1150 1085 1203 1152 lit·

79 1197 161 1259 teras
177 1190 342 1278 duppliois
359 1189 461 1275 sigilli
480 1193 583 1258 nostri
607 1191 786 1258 munimine
801 1194 979 1260 roboratas.
1010 1193 1128 1258 Datum
1145 1213 1220 1278 per·-

80 1317 191 1365 menns
207 1295 342 1364 discreti
366 1295 430 1363 viri
459 1298 610 1382 Magistri
627 1297 776 1384 Gregorij
793 1297 945 1366 Albensis
960 1299 1110 1365 Ecclesie
1125 1299 1201 1365 Pre

79 1405 172 1490 positi
204 1403 281 1472 aule
311 1409 422 1471 nostre
438 1401 750 1494 vicecancellarii,
783 1405 895 1472 dilecti
921 1412 954 1473 et
967 1403 1073 1473 fidelis
1090 1407 1203 1490 nostri,

80 1532 160 1579 anno
177 1511 309 1578 Domini
323 1511 498 1579 millesimo
514 1509 583 1578 00ο
599 1513 811 1598 nonagesimo
828 1519 955 1600 octauo,
970 1512 1076 1597 Regni
1092 1521 1201 1582 autem

79 1619 177 1686 nostri
193 1638 280 1686 anno
295 1618 432 1692 (lemme.

77 1812 215 1877 (iiredetie
227 1817 329 1868 nerives
337 1817 438 1884 helyen
450 1816 530 1870 sokei
538 1817 700 1885 mensores,
713 1815 822 1884 vikony
834 1815 994 1885 biiririrtys,
1007 1817 1134 1884 molynsk
1142 1819 1202 1871 elul

79 1905 215 1972 ieihajtott
226 1905 427 1959 hendekaibil
437 1905 516 1959 fener
529 1905 557 1958 is
570 1907 743 1974 iboiminti
752 1909 896 1974 selyemriii
910 1909 995 1976 siggo·
1009 1905 1098 1964 kettris
1108 1907 1203 1976 peori-

78 1994 154 2047 tinsir
168 1997 237 2048 essk
250 1993 380 2050 teredike
392 1997 498 2047 muradt
510 1996 582 2062 ienn,
602 2013 634 2048 ea
658 1997 812 2050 kilonbtrii
823 1996 900 2058 estol.
923 1999 996 2064 mely
1008 2000 1081 2064 Prsy
1094 1997 1147 2064 (De
1161 1998 1203 2050 Si·

78 2085 155 2150 gillis.
167 2086 237 2137 Tab.
247 2087 281 2136 X.
295 2087 341 2152 fig.
353 2085 390 2153 1.)
399 2082 588 2150 munkijiban
598 2083 713 2146 litiano,
728 2087 833 2138 Robert
845 2083 947 2152 Kiroly
957 2084 1214 2154 gycrupeesetevel..

41 2219 45 2226 .
79 2179 148 2226 sines
161 2173 355 2242 megeriisitve,
367 2176 437 2225 mint
449 2189 535 2228 amaa.
558 2171 840 2226 AHunt·Piznintol
869 2177 975 2227 eredeit
995 2175 1117 2242 Kubinyi
1129 2191 1205 2228 nern-

285 2261 377 2330 nststg
390 2259 578 2316 lereltiribil.
591 2263 706 2316 Kiatlte
718 2262 800 2317 nebai
812 2247 887 2331 irny
899 2259 1006 2332 sitnon.)

541 2547 754 2562 *ιιι-..-

71 3239 134 3305 ΙΙΙ.
150 3243 264 3307 Eodre
279 3242 469 3326 kiro'iynolr,
484 3239 636 3308 Pehoiron
650 3243 804 3328 helysepet
828 3245 998 3328 turqyozo,
1025 3267 1041 3309 s
1069 3243 1209 3308 Menoe

70 3347 695 3462 computrescet1295-diktfreiettre
710 3349 885 3414 ooootkozo
900 3347 1090 3413 triturante.
1102 3351 1203 3420 1298.

178 3543 328 3612 Andreas
342 3545 405 3610 Dei
422 3544 534 3628 gracia
551 3542 703 3626 Vngorio,
719 3541 903 3630 Dalmacie,
922 3543 1069 3632 Groucie,
1091 3547 1201 3633 Reme,

66 3651 194 3737 Seruie,
211 3649 365 3738 Gallicis,
382 3650 584 3734 Lodomerie,
601 3651 760 3717 Cumanie
777 3651 997 3734 Bulgarieque
1013 3653 1084 3719 Rex
1100 3654 1200 3720 omni·

64 3757 125 3825 bus
143 3757 266 3825 Christi
283 3757 446 3843 fidelibus,
464 3756 506 3823 ad
522 3777 603 3840 quos
619 3765 787 3842 presentes
803 3759 1021 3844 peremerint,
1039 3765 1106 3825 tam
1130 3779 1201 3845 pre-

64 3866 333 3949 sentibus-quam
349 3865 474 3948 futuris,
491 3867 632 3933 salutem
649 3865 682 3931 in
698 3865 840 3932 omnium
858 3867 1036 3933 saluatore.
1054 3866 1106 3932 Ad
1130 3867 1200 3934 vni·

63 3994 237 4041 mersorum
252 3973 408 4041 noticiam
425 3974 537 4039 harum
555 3973 641 4040 serie
656 3974 806 4040 volumus
823 3974 1013 4060 peruenire:
1041 3973 1127 4056 quod
1143 3974 1202 4042 Go-

63 4101 133 4148 mes
151 4079 299 4148 Thomas
316 4077 358 4146 de
373 4082 464 4145 Draa
480 4099 590 4146 coram
605 4079 700 4146 nobis
717 4079 934 4164 comparendo
950 4087 1061 4145 contra
1079 4080 1200 4148 Micha-

64 4189 149 4253 elem
168 4185 273 4254 filium
287 4186 424 4273 Folius,
455 4186 629 4269 Magistros
646 4185 823 4272 Symonem
848 4192 880 4254 et
895 4186 1052 4252 Thomam
1078 4207 1118 4252 ac
1144 4189 1202 4254 Pe·

62 4293 152 4362 tirew
170 4293 256 4362 filios
271 4293 417 4360 eiusdem
433 4293 650 4379 personaliter
666 4299 823 4378 astantes,
835 4295 901 4377 egit
915 4291 950 4358 in
966 4291 1069 4378 figura
1078 4291 1100 4359 J
1102 4292 1200 4376 udicij

61 4421 180 4467 coram
195 4399 308 4486 nobis,
323 4401 409 4485 quod
426 4401 527 4486 ijdem
545 4401 660 4468 Comes
675 4399 817 4468 Michael
832 4407 864 4466 et
879 4400 937 4486 filij
955 4399 1006 4467 sui
1023 4399 1201 4466 autredde·

58 4516 131 4575 rent
148 4511 185 4573 et
199 4506 397 4591 relinqueret
411 4507 654 4595 possessionem
670 4507 775 4595 ipsius
791 4507 1023 4576 hereditariam
1048 4505 1202 4574 Pehchan

59 4619 228 4702 uocatam,
245 4635 343 4699 quam
360 4615 523 4700 quondam
539 4615 689 4703 Nycolao
706 4613 945 4683 archidiacono
961 4611 1203 4700 Neugradiensi
