3170 5166
858 939 935 1008 281.

338 1135 407 1205 III.
423 1139 535 1203 Eudae
548 1140 724 1224 kirdiycale
736 1161 901 1226 paraccca
914 1161 936 1203 a
952 1139 1152 1227 aclcmcqycc'
1158 1141 1366 1229 fliiapdnhcz,
1381 1142 1475 1226 hcpy

342 1247 512 1312 Fcrnckac
526 1256 606 1313 cccii
613 1245 722 1333 felda
738 1247 857 1334 citedja
876 1245 998 1312 Olicc'cr
1028 1249 1182 1316 comeenclc
1214 1251 1246 1316 ca
1276 1249 1469 1315 teaivcrcrreic
1573 1273 1574 1324 1

693 1351 915 1420 Hercoccnaic
932 1334 983 1422 Ec
997 1355 1113 1423 celici.
1573 1331 1574 1350 Χ

452 1549 603 1616 Andreas
625 1549 686 1616 Dei
704 1548 817 1634 gracia
833 1549 902 1618 Rex
918 1549 1087 1634 Hungarie
1103 1549 1220 1618 dilecto
1237 1556 1270 1618 et
1291 1548 1379 1618 fideli
1411 1571 1472 1618 suo

341 1655 500 1740 Magistro
517 1656 547 1723 J.
565 1654 682 1724 comiti
696 1655 886 1724 Zaladiensi
917 1658 1056 1726 salutem
1088 1665 1120 1724 et
1151 1657 1294 1744 graciam
1325 1659 1472 1744 plenam.
1573 1645 1574 1716 i

349 1763 430 1830 Cum
446 1769 566 1830 terram
583 1761 688 1831 castri
704 1763 908 1833 Zaladieneia
924 1762 1095 1832 Femuiras
1118 1773 1278 1853 uocatam,
1309 1786 1373 1851 que
1406 1785 1472 1832 mo·

347 1870 422 1938 dica
438 1890 510 1939 ease
535 1871 661 1958 dicitur,
678 1871 759 1940 etin
775 1893 842 1958 qua
856 1873 1250 1942 tantumduemansicnee
1266 1893 1340 1941 esse
1355 1871 1472 1939 dicun-

346 1985 409 2060 tur,
427 1978 543 2046 (iomiti
561 1979 713 2066 Oliueric,
730 1987 763 2047 et
777 1981 945 2050 Herbcrdo
961 1982 1054 2050 fratri
1070 1981 1215 2050 eiusdem
1226 1980 1471 2064 contulerimua3

343 2085 494 2156 fidelitati
509 2097 562 2155 tue
576 2089 769 2156 mandamus
784 2089 1014 2177 precipientes,
1031 2095 1192 2176 quatenus
1217 2089 1323 2177 ipsam
1348 2097 1474 2156 terram

345 2195 467 2264 eicdem
484 2194 630 2266 Oliuerio
646 2195 764 2265 Comici
780 2204 813 2266 et
827 2197 997 2266 Herbordo
1013 2199 1114 2266 statui
1128 2197 1231 2266 facias
1245 2205 1279 2266 et
1295 2194 1473 2280 assignari,

328 2309 380 2392 ⁸et
394 2304 467 2374 aine
482 2305 563 2373 iuris
578 2301 756 2392 preiudicio
782 2305 932 2392 aliorum,
948 2305 977 2374 ai
993 2308 1037 2374 eit
1061 2305 1234 2394 modicum,
1264 2313 1297 2372 ct
1327 2300 1473 2371 conferri

345 2413 448 2494 possit
463 2414 534 2482 sine
548 2413 629 2481 iuris
643 2413 823 2500 preiudicio
838 2413 988 2499 aliorum,
1004 2417 1056 2482 uel
1072 2415 1102 2482 si
1130 2434 1195 2482 non
1212 2413 1311 2481 fuerit
1342 2417 1471 2507 contras

346 2518 480 2587 dictum.
498 2523 620 2588 Datum
635 2519 727 2589 Bude
741 2521 776 2588 in
793 2521 956 2593 dominica
971 2523 1101 2590 Letare.

454 2631 607 2697 Kivul:
623 2631 780 2717 Magistro
796 2631 825 2697 J.
840 2627 957 2698 Comici
982 2629 1170 2697 Zaladicnsi
1187 2647 1246 2714 pro
1263 2625 1419 2693 Olirerio.

347 2833 482 2898 (Eretictie
495 2827 670 2896 biirha'rrtyin,
694 2845 711 2879 a
724 2826 917 2894 cirpecsiirrek
929 2823 1059 2879 tiiradiire
1073 2823 1134 2893 mig
1158 2840 1220 2890 meg
1246 2840 1318 2887 van3
1344 2839 1361 2874 a
1382 2822 1474 2873 budai

705 2919 757 2971 lrir.
779 2918 902 2968 kamaraci
925 2912 1118 2979 leralcirban.)

803 3203 1016 3213 ..--—-——--

871 3646 948 3713 282.

349 3849 419 3915 III.
435 3847 545 3912 Endre
560 3845 668 3933 kirdly
685 3846 801 3913 idezeac'
812 3867 986 3932 percaeca
1002 3843 1091 3908 Bolro
1108 3843 1227 3908 Miklo's
1242 3841 1324 3909 ellac
1339 3865 1359 3906 a
1377 3845 1484 3908 eziac-

664 3953 739 4018 dorc‘
754 3951 949 4048 konccntiaez.
966 3929 1016 4017 iic
1032 3949 1151 4016 celici.

458 4147 605 4216 Andreas
621 4148 683 4215 Dei
700 4146 813 4231 gracia
828 4146 899 4214 Rex
914 4146 1084 4231 Hungarie
1099 4143 1252 4211 fidelibus
1269 4145 1337 4210 suis
1353 4143 1467 4211 Abbat

357 4261 390 4322 et
406 4255 586 4324 Conuentui
601 4252 642 4322 de
659 4253 815 4340 Opkador
829 4253 968 4323 salutem
984 4258 1016 4320 et
1031 4251 1186 4338 graciam.
1195 4249 1392 4318 prendamus
1407 4249 1488 4318 fide-

357 4363 431 4431 itati
447 4369 553 4432 vestre
570 4361 791 4450 precipiendo,
808 4367 967 4446 quatenus
993 4360 1114 4428 Petrus
1146 4356 1231 4446 (igy)
1263 4356 1305 4426 de
1332 4357 1484 4446 Hydaga

357 4469 481 4538 homini
496 4476 606 4539 nostro
621 4475 765 4539 restrum
781 4467 865 4539 detis
895 4469 1126 4556 testimonium,
1156 4485 1269 4537 coram
1301 4485 1365 4551 quc
1397 4463 1490 4532 idem
