3112 5158
673 245 677 254 ι

628 281 787 382 m.

139 473 181 540 ab
196 473 414 557 occupaeione
431 473 576 559 predicte
593 481 678 542 terre
696 480 821 562 hayna,
837 484 869 542 et
885 475 1033 560 Nyeolao
1065 477 1129 543 filio
1156 477 1265 564 Phyli-

143 601 217 665 pns,
235 583 277 648 ab
289 581 496 648 alienacione
512 583 643 667 publice
659 582 868 670 prohibendo,
880 590 911 650 et
922 604 1020 668 super
1031 583 1120 668 ipsas
1132 584 1273 651 destruc·

140 689 249 753 ciones
275 695 308 754 et
332 687 549 772 spoliaciones
575 691 693 756 iterato
720 711 813 757 suam
839 691 964 758 faciens
989 691 1271 776 protestaoionem.

142 797 261 861 Datum
276 795 311 859 in
327 792 410 860 festo
427 798 528 862 Pasce
544 816 631 863 anno
641 797 770 864 Domini
787 795 908 864 M⁰OO⁰
923 799 1138 882 nonagesimo
1155 798 1266 865 tercio.

247 901 404 968 Kivul:
422 903 485 968 Pro
503 903 597 970 Petro
614 904 681 970 filio
698 905 828 971 Andree
845 904 887 972 de
904 906 1020 991 Bayna
1036 913 1150 973 contra
1166 907 1273 972 Comi-

142 1017 207 1074 tem
222 1007 389 1074 Andream
405 1013 437 1075 et
453 1009 544 1076 Beke
560 1011 663 1078 filium
681 1031 774 1082 suum
791 1031 889 1096 super
905 1013 1147 1097 protestacione
1164 1033 1227 1080 sua
1241 1020 1272 1080 et

143 1113 369 1202 prohibicione
385 1122 471 1182 terre
487 1118 612 1203 Bayna.
661 1151 662 1154 ¹

146 1311 283 1376 (Ersdatie
297 1311 477 1379 bdrhsirtyin,
490 1329 507 1366 a
520 1311 660 1382 zdrpecsdt
673 1316 806 1370 olveenott
817 1335 825 1384 ;
838 1333 855 1368 a
868 1319 951 1370 hudai
973 1318 1023 1368 kir.
1047 1317 1171 1368 kamarai
1193 1317 1276 1372 lovel-

650 1401 772 1470 tsirhan.)

692 2227 738 2293 90

157 2423 329 2487 Atrirdczi
344 2424 536 2488 kotroentnek
552 2425 827 2512 hizoapsdpleoeio,
861 2426 945 2512 kopp
975 2427 1072 2493 Donk
1111 2429 1284 2514 Vydoonak

147 2531 197 2612 fla
213 2534 243 2598 c's
258 2534 439 2619 ypermekei
454 2556 512 2618 epy
528 2532 636 2618 ehdayi
643 2533 753 2618 fdldet
769 2532 859 2618 Gppe
868 2535 1001 2618 fiaiuak
1018 2536 1158 2601 elautus.
1186 2535 1282 2601 1293.

262 2745 436 2813 Vniuersis
463 2753 631 2830 presentes
648 2746 775 2814 litteras
793 2747 989 2834 inspecturis
1015 2748 1046 2814 J.
1072 2748 1286 2814 miseracione

155 2853 277 2918 Dinina
292 2853 484 2938 Propositus
502 2859 533 2918 et
559 2855 746 2922 Conuentus
773 2854 919 2922 Eooiesie
945 2857 1047 2922 Beate
1073 2856 1220 2938 Virginis
1245 2855 1286 2921 de

157 2961 264 3028 'Furoh
281 2960 416 3026 Ordinis
433 2963 746 3030 Premonstratensis
766 2965 906 3029 salutern
924 2964 957 3028 in
975 2965 1130 3046 largitore
1156 2964 1286 3028 salutis.

160 3069 207 3134 Ne
223 3076 392 3152 gestarum
409 3089 515 3134 rerum
532 3070 718 3137 memoriam
745 3072 886 3138 humane
912 3069 1162 3154 inperfeecionis
1190 3067 1286 3134 tollat

161 3177 292 3264 obliuio,
310 3177 487 3261 peritorum
503 3179 645 3244 virorum
671 3181 815 3265 repperit
841 3179 1010 3263 industria,
1036 3186 1072 3244 ut
1100 3197 1171 3242 eam
1197 3175 1286 3242 testi·

156 3285 261 3349 monio
280 3295 438 3368 perennet
454 3285 600 3350 litterali.
622 3286 671 3351 Ad
688 3288 911 3353 uniuersorum
939 3284 1040 3368 igitur
1064 3283 1218 3350 noticiam
1242 3290 1286 3348 te·

156 3410 233 3457 nore
249 3391 458 3476 presencium
474 3393 622 3458 volumus
639 3394 821 3478 peruenire,
838 3393 923 3477 quod
938 3392 1036 3459 Donk
1063 3392 1148 3457 fiiius
1173 3389 1286 3474 Vydas

155 3503 188 3562 et
203 3496 268 3563 dno
286 3497 345 3582 filij
364 3499 424 3581 sui,
443 3497 571 3564 Blasius
589 3506 622 3563 et
638 3499 778 3584 Beneeh,
795 3521 854 3584 pro
871 3519 907 3565 se
924 3506 956 3565 et
972 3521 1031 3586 pro
1061 3498 1162 3564 tercio
1187 3496 1288 3562 fratre

157 3605 301 3688 ipsorum
328 3605 441 3690 Paulo,
470 3605 514 3670 ad
544 3609 689 3670 nostram
720 3607 888 3671 venientes
916 3605 1120 3692 presenciam
1153 3603 1285 3670 oraculo

153 3711 229 3776 vine
245 3711 338 3779 vocis
355 3711 495 3777 confessi
512 3719 588 3777 sunt
604 3709 644 3776 de
661 3719 757 3796 terra,
776 3732 838 3795 que
854 3714 984 3778 nomine
1010 3711 1208 3778 hereditario
1234 3731 1289 3776 eos

152 3819 328 3905 contingit,
346 3839 507 3886 consensu
534 3821 674 3885 omnium
700 3827 911 3904 cognatorum
937 3826 970 3884 et
997 3825 1287 3885 commetaneorum

151 3947 289 3993 suorum
305 3934 427 3993 terram
444 3927 484 3991 ad
506 3947 603 3992 vnum
623 3933 766 3994 aratrum
791 3926 1028 4010 sufficientem,
1053 3926 1147 3990 iuxta
1172 3935 1289 3991 terram

151 4033 294 4098 tiliorum
322 4033 454 4116 Basyne
480 4033 697 4118 adiacentem,
714 4055 786 4100 oum
812 4033 959 4099 omnibus
989 4033 1186 4099 utilitatibus
1211 4033 1290 4115 suis,

149 4139 262 4205 Paulo
280 4147 311 4205 et
328 4139 421 4206 Boda
439 4137 517 4222 filijs
535 4139 638 4224 Gyge,
656 4146 687 4204 et
704 4141 846 4222 ipsorum
873 4140 1046 4206 heredibus
1072 4139 1290 4222 heredumque

151 4247 407 4314 successorihus
419 4267 476 4333 pro
488 4247 600 4313 decem
611 4247 727 4313 marcis
739 4250 844 4314 minus
855 4269 917 4314 vno
928 4248 1052 4314 fertone
1063 4246 1292 4314 vendidissent

145 4354 291 4422 dedisse
308 4357 379 4422 iure
396 4361 555 4440 perpetuo
571 4357 709 4442 pacifice
725 4355 966 4439 possidendam.
985 4357 1084 4422 Ouios
1104 4362 1189 4425 terre
1206 4359 1292 4420 meto

145 4461 346 4531 hoeordine
378 4461 619 4544 distinguntur:
645 4463 755 4528 Prima
779 4470 865 4528 meta
896 4463 1100 4549 progreditur·
1131 4462 1164 4527 in
1194 4459 1293 4527 fluuio

142 4571 356 4639 Serneunice
373 4569 470 4658 dicto,
490 4570 545 4639 uhi
563 4577 613 4638 est
630 4577 735 4636 terrea
750 4578 858 4658 mets3
886 4572 980 4639 etsie
1006 4591 1135 4656 semper
1161 4569 1206 4636 ad
1231 4568 1291 4634 ori-

1082 4677 1132 4748 9*
