3098 5172
784 263 945 362 Q

299 469 330 525 et
348 462 410 526 duo
429 464 480 526 sni
495 461 553 544 filij
571 461 723 525 Herrions
739 465 770 522 et
785 459 887 544 Mika,
900 467 932 524 et
947 461 1004 544 filij
1026 461 1134 524 fratris
1152 462 1203 525 sni
1220 461 1369 528 Mathcus
1397 468 1428 526 et
1448 443 1451 452 ¹

298 569 446 645 Inanka,
464 575 496 634 et
513 568 567 650 filij
585 566 708 650 nlikan,
726 566 825 651 Rode,
844 574 876 631 et
890 567 1041 634 Vrbanus
1058 566 1143 632 filius
1170 567 1270 649 Bode,
1301 567 1365 632 Jan
1395 575 1424 632 et

296 675 353 757 filij
373 675 507 760 Vrbem,
519 675 712 758 Stephanus,
729 681 760 738 el
787 674 941 739 Nieolans
958 675 1044 739 filius
1061 673 1188 758 Tyban,
1216 681 1248 738 et
1268 674 1366 760 Edus,
1395 683 1423 743 et

298 779 482 866 Radizlans‚
500 783 631 847 oraculo
649 783 724 848 uiue
748 782 837 846 uocis
864 801 972 848 eoram
999 780 1092 846 nohis
1120 783 1309 866 retulerunt,
1339 783 1423 866 qnod

296 889 496 973 empcionem
512 888 733 972 supradictam
750 888 904 953 beniuole
921 888 1167 972 concessissent,
1194 895 1226 954 et
1253 890 1421 956 Nicolaum

297 999 473 1080 Stoyaunm
490 998 522 1060 in
540 998 680 1060 vicinum
697 996 853 1078 eligerent
879 1003 911 1060 et
932 997 1082 1078 amicum,
1104 995 1242 1063 eandem
1260 996 1422 1063 heredita-

298 1109 362 1168 tem
379 1103 495 1170 sibiae
512 1103 579 1169 suis
597 1101 772 1167 heredibus
790 1103 1010 1186 heredumque
1027 1123 1158 1169 snorum
1184 1105 1422 1171 srrceessoribus

296 1217 451 1294 perpetue
467 1208 707 1293 possidendam.
724 1207 805 1273 Item
818 1209 932 1275 Comes
943 1210 1109 1295 Nyeolaus
1125 1212 1290 1297 Stoyanus
1309 1214 1422 1296 petiuit
1547 1229 1548 1252 ¹

295 1317 422 1382 litteras
439 1317 587 1398 Magistri
604 1317 673 1381 Aba
691 1337 790 1400 snper
806 1317 944 1382 eandem
961 1317 1173 1382 hereditatem
1196 1318 1300 1383 editas
1317 1325 1349 1383 et
1359 1340 1420 1385 ero·

296 1429 391 1506 gatas
408 1445 428 1488 a
445 1422 568 1489 Gemite
585 1423 748 1506 Stephano
766 1425 939 1505 antedicto,
957 1431 990 1488 ct
1006 1423 1091 1491 idem
1109 1425 1293 1506 Stephanus
1311 1427 1344 1490 in
1371 1447 1422 1491 no-

296 1538 364 1594 stra
380 1531 550 1612 presencia
567 1531 737 1612 fatebatur,
755 1529 884 1595 easdem
911 1533 1037 1596 litteras
1063 1551 1099 1597 se
1129 1537 1248 1596 temera
1274 1551 1334 1618 per
1360 1535 1421 1600 uio·

294 1637 434 1703 lanciam
451 1639 640 1721 perdidisse.
657 1637 694 1701 In
711 1638 803 1703 onius
816 1655 877 1724 'roy
894 1640 1115 1704 testimonium
1141 1647 1313 1723 presentes
1340 1643 1426 1709 litte·

296 1752 382 1810 teras
412 1745 514 1810 nostri
538 1744 637 1826 sigilli
670 1743 849 1809 munimine
877 1744 1030 1812 duximus
1056 1747 1267 1812 roborandas.
1301 1748 1420 1814 Datum

294 1873 379 1916 anno
395 1852 526 1918 Domini
542 1849 662 1916 ll⁰GC⁰
678 1853 892 1933 nonagesimo
912 1861 1037 1936 quarto.
1159 1847 1160 1852 ’

294 2045 327 2110 (ll
347 2046 777 2114 szepesilralptalnnnak1315-lri
799 2045 955 2108 dtiratr'rhol,
978 2050 1081 2113 melyet
1106 2051 1218 2116 „Cornea
1238 2053 1372 2102 Nicolaus
1391 2055 1421 2102 rla

293 2138 410 2202 Stoyan“
428 2136 495 2198 hert,
509 2155 521 2188 s
535 2139 636 2201 rnelyet
649 2139 836 2202 ngyanannalr
858 2137 983 2189 keresdre
995 2139 1096 2190 Robert
1118 2137 1329 2209 Karclylrirdly
1354 2143 1423 2190 1324

293 2227 413 2278 secundo
426 2226 558 2277 kalendas
573 2225 715 2288 Februarij
730 2223 912 2292 privilagidlis
936 2227 1056 2279 alakban
1079 2227 1282 2294 megaro'sitett3
1297 2245 1312 2279 a
1325 2232 1422 2298 ’budai

665 2315 716 2365 hir.
731 2316 852 2366 hamarai
866 2313 1054 2383 lavdltdrban.)
1149 2305 1153 2311 ¹

750 2603 963 2613 ——n

811 3177 890 3244 llo.

287 3377 320 3443 Α
336 3377 546 3463 aopyoc‘radc'
561 3377 719 3461 tapiolas
734 3377 839 3461 stipa
863 3377 887 3440 I
889 3374 925 3440 V.
951 3375 1069 3441 La'szld
1093 3375 1273 3459 kira'lyaok
1290 3375 1413 3442 Ber-tea

287 3482 461 3562 &anhelata
482 3482 618 3569 Thelapd
635 3485 665 3548 ds
683 3483 815 3547 Zalrolcs
832 3481 1054 3567 helyadqelcnclc
1069 3483 1210 3547 birtolcdt
1227 3491 1425 3568 asparso-tto
1547 3499 1548 3554 l

288 3591 463 3676 olcmciaydt
478 3587 618 3688 Chanod
633 3590 865 3674 uemaacpoett
886 3589 1002 3656 Taruda
1024 3613 1120 3656 comcs
1139 3592 1418 3656 azdmoira.1294.

394 3784 579 3870 Capitulum
596 3783 740 3851 Ecclesia
766 3781 988 3849 Waradiensis
1016 3783 1175 3867 omnibns,
1203 3784 1320 3866 quihus
1346 3806 1422 3872 pra·

287 3899 396 3958 sentes
412 3893 589 3977 patuerint,
606 3892 745 3960 salutem
755 3889 790 3955 in
806 3891 944 3956 Domino
960 3889 1202 3974 sempiternam.
1218 3889 1271 3955 Ad
1286 3891 1421 3960 rniner·
1547 3897 1548 3982 l

285 4017 392 4064 sorum
410 4001 563 4066 noticiam
579 4000 693 4064 harum
710 3997 794 4064 serie
809 3999 961 4064 volumus
978 3998 1160 4083 peruenire,
1189 3996 1276 4080 quod
1302 3998 1424 4066 Comes
1547 4003 1548 4076 l

285 4103 428 4174 Thomas
444 4106 531 4172 filins
547 4103 717 4188 Paugraoij
736 4102 777 4168 de
791 4123 912 4187 genere
928 4102 1065 4170 Chanad
1081 4103 1122 4168 ad
1139 4108 1282 4169 nostram
1308 4105 1421 4187 pe'rso·
1547 4113 1548 4188 t

284 4209 405 4278 naliter
420 4212 606 4280 accedendo
631 4209 836 4298 presenciam
859 4211 984 4279 litteras
1010 4211 1131 4278 domini
1157 4209 1259 4278 noshi
1284 4211 1422 4280 Andree
1547 4203 1548 4280 ἦ

284 4316 424 4386 Illustris
439 4319 540 4402 Regis
557 4319 722 4402 Hnngarie
739 4316 952 4406 exhibentia
968 4318 1086 4403 quibus
1102 4316 1196 4384 nobis
1212 4315 1355 4384 dabatur
1386 4321 1421 4388 in
1484 4333 1486 4337 ‘

278 4415 460 4516 'mandatis
476 4431 511 4492 vt
526 4424 664 4493 formam
678 4423 844 4510 priuilcglj
862 4424 985 4494 domini
1008 4424 1159 4492 Ladizlai
1184 4425 1284 4512 Regis
1310 4444 1420 4514 super

278 4531 372 4606 ,raon
389 4531 500 4600 tributi
517 4533 557 4600 de
567 4533 707 4602 Berthen
723 4539 756 4600 ct
770 4533 909 4600 aliorum
918 4532 1127 4600 articulorum
1144 4531 1422 4602 conlectinostris
1547 4569 1548 4594 r
