3112 5158
831 257 989 360 ’‘ee-

344 457 433 517 sent:
451 447 536 532 qnod
551 447 660 516 dictus
679 448 848 519 Jobannes
865 471 923 536 pro
938 449 1164 536 redempcione
1180 448 1393 517 dimidietatis
1412 467 1463 514 me·

347 567 469 626 morato
485 565 569 624 terre
585 559 663 645 Byr,
680 579 778 642 quam
796 559 860 644 ipsi
879 558 1054 642 Gregorius
1071 565 1104 626 et
1120 558 1241 624 Paulus
1266 558 1394 624 nomine
1418 555 1459 622 sui

345 666 424 731 iuris
456 665 498 731 ab
534 665 646 732 eodem
672 667 875 752 repetebant,
900 673 935 731 ut
959 664 1168 751 prediximus,
1198 663 1310 732 decem
1342 673 1373 732 et
1403 669 1463 730 octo

346 792 482 860 marcas,
500 773 670 859 partimin
688 772 832 860 denarijs
858 793 916 859 pro
942 781 1086 859 tempore
1112 771 1325 859 currentibus,
1352 771 1460 859 partin

344 900 422 948 uero
438 881 472 946 in
489 880 706 948 extimacione
723 882 895 968 condigna,
912 881 1049 966 prelatis
1075 881 1230 964 Gregorio
1254 886 1286 946 et
1311 878 1413 947 Panlo
1436 879 1464 943 ln

345 989 470 1054 octenis
486 987 580 1054 Beati
594 988 722 1056 Nicolai
740 988 936 1056 confessoris
961 1009 1046 1054 nunc
1072 987 1217 1055 uenturis
1242 1008 1353 1054 coram
1378 985 1465 1053 nobis

343 1093 472 1161 soluere
487 1099 651 1160 teneretur
661 1101 692 1161 et
703 1095 844 1180 deberet,
856 1115 928 1162 enm
940 1095 1048 1182 duple,
1059 1095 1088 1161 si
1097 1096 1269 1162 terminum
1286 1093 1461 1161 obmitteret

341 1200 376 1266 in
395 1199 571 1283 soluendo;
588 1199 677 1266 laeta
694 1209 800 1268 autem
816 1203 908 1268 totali
925 1202 1091 1269 solucione
1107 1199 1266 1286 sepedicti
1292 1199 1459 1284 Gregorius

344 1315 377 1372 et
391 1307 515 1374 Paulus
532 1308 658 1374 litteras
674 1317 805 1376 nostras
822 1310 958 1376 stabiles
974 1329 1069 1396 super
1084 1311 1173 1377 facto
1190 1305 1335 1395 predicte
1350 1307 1456 1375 medie·

342 1416 419 1482 tatis
436 1421 518 1482 terre
534 1415 600 1500 Byr
615 1416 678 1501 ipsi
694 1417 836 1483 Johanni
860 1417 930 1484 tilio
957 1417 1093 1502 Gregori
1118 1417 1190 1483 dari
1215 1415 1322 1484 iacere
1348 1435 1462 1482 amum-

341 1529 452 1588 scrunt
468 1533 501 1590 et
516 1521 663 1591 conferri.
681 1526 802 1591 Datum
819 1533 934 1608 quarto
951 1524 1004 1593 die
1032 1523 1268 1608 quindenarum
1295 1525 1386 1592 Beati
1411 1522 1460 1588 lli-

341 1629 463 1698 eheelis
480 1630 679 1714 Archangeli
696 1653 783 1699 anno
800 1633 929 1700 Domini
947 1632 1059 1699 ΜΟΟΟ0
1075 1635 1288 1718 nonagesimo
1305 1631 1420 1718 primo.

346 1843 528 1912 (Bhrhirtyin
542 1847 601 1898 kelt
614 1843 673 1898 airt
686 1846 766 1909 levet,
792 1847 920 1913 melynek
934 1844 1033 1898 bdthra
1054 1851 1192 1898 saintszon
1215 1845 1265 1898 ken
1285 1849 1380 1898 enelret
1399 1851 1448 1897 irta

345 1951 441 2002 ‚super
454 1935 546 1987 decem
560 1943 586 1988 et
599 1943 658 1988 octo
672 1940 769 1988 mercis
781 1938 971 2003 persoluendls
984 1939 1019 1988 ad
1032 1945 1144 1990 octenas
1159 1939 1238 1988 Beati
1264 1937 1386 1988 Niehclei
1402 1951 1469 1996 cen·t

348 2025 520 2091 fessorirpro
548 2028 674 2092 Jobanue
700 2027 755 2079 lilio
778 2023 917 2094 Gregori.'‘
941 2025 1058 2080 blieolte
1077 2025 1185 2080 Horvdt
1212 2025 1304 2079 Ista-dn
1331 2043 1346 2080 a
1372 2024 1467 2088 Killey

704 2115 858 2184 nemuetseg
882 2114 1083 2182 iarelttrtbel.)

800 2409 1012 2426 m

875 2835 931 2936 Tru.

344 3069 376 3132 A
392 3070 524 3134 caevcirr'
539 3065 765 3150 kdptalannok
781 3067 1060 3150 bizonyerr'qlecelc,
1077 3067 1158 3151 hoyy
1174 3090 1194 3128 α
1212 3065 1324 3151 Hrrlrrq
1340 3068 1372 3131 e's
1406 3066 1477 3130 To't·

343 3175 398 3240 lult
414 3175 602 3260 helysdpcleot
619 3177 775 3259 tctrpyazd
787 3196 847 3259 per
863 3175 1062 3240 alkalrrrcivul
1078 3197 1098 3236 a
1123 3173 1291 3257 perlelredb'
1312 3173 1402 3256 ⁸felci·
1421 3174 1477 3236 bu-

638 3287 828 3367 rcitsriqoecrr
847 3283 1062 3366 eyyrzkedtek.
1081 3282 1177 3346 1291.

452 3475 636 3561 Capitulum
654 3477 799 3544 Ecclesie
816 3477 927 3542 Sancti
945 3476 1114 3542 Michaelis
1141 3475 1182 3542 de
1208 3475 1323 3541 Castro
1350 3478 1482 3543 Ferreo

344 3591 454 3649 notum
471 3583 609 3649 facimus
625 3590 735 3652 tenore
750 3584 952 3670 presencium
969 3585 1139 3667 uniuersis,
1156 3584 1241 3665 quod
1268 3585 1386 3649 Petrus
1421 3585 1483 3650 Co-

345 3711 413 3756 mes
430 3691 514 3757 lilius
529 3691 705 3779 Vyteineri,
732 3692 871 3758 Michael
899 3691 984 3757 lilius
1010 3691 1176 3778 Jebannis,
1202 3711 1262 3776 pro
1288 3711 1322 3757 se
1354 3699 1389 3756 et
1427 3715 1489 3779 pro

348 3797 505 3864 Ladlzlao
523 3796 622 3866 tratre
638 3819 696 3866 suo
725 3819 832 3865 coram
857 3799 951 3865 nobis
977 3798 1141 3864 constituti
1168 3799 1360 3863 recitarunt:
1390 3801 1491 3881 quod

349 3929 420 3974 cnm
447 3905 603 3973 Comitem
629 3907 829 3992 Ladizlaum‚
854 3907 1068 3974 Laurencium
1094 3913 1126 3972 ct
1152 3905 1364 3972 Vencenlaum
1396 3909 1495 3974 filios

345 4015 478 4100 Barlay,
505 4013 705 4098 Stephanum
730 4014 830 4080 filium
856 4014 1014 4101 Ladizlai,
1048 4013 1229 4080 Emericnm
1257 4012 1359 4080 filium
1387 4015 1490 4082 Vite-

344 4125 434 4210 meri,
451 4129 483 4188 et
499 4122 702 4188 Dominicum
718 4121 817 4187 filium
836 4122 907 4189 elus
925 4121 968 4188 ad
984 4119 1188 4208 presenciam
1205 4117 1328 4187 domini
1345 4121 1389 4186 N.
1426 4124 1494 4189 Pa-

343 4229 436 4298 latini
453 4239 687 4315 preuocassent
704 4251 800 4316 snper
816 4230 904 4297 facto
921 4237 1007 4296 terre
1032 4229 1144 4312 Hnlug
1169 4235 1200 4295 et
1226 4227 1404 4295 Touthlak
1437 4254 1500 4300 uo·

342 4346 506 4423 catarum;
523 4337 654 4405 tandem
681 4345 814 4424 propter
838 4341 957 4406 bonum
983 4337 1072 4422 pacis
1085 4335 1144 4425 (ad
1169 4337 1268 4402 talem
1280 4333 1496 4421 anticulum

343 4445 590 4531 composicionis
621 4445 839 4513 denenerunt:
865 4447 949 4531 quod
968 4445 1085 4512 Comes
1110 4445 1227 4510 Petrus
1259 4449 1292 4509 et
1318 4442 1501 4526 Mychael

344 4559 508 4621 cesserunt
524 4553 575 4622 liti
592 4559 624 4620 et
638 4553 764 4621 accioni
790 4555 1039 4642 prescriptamm
1056 4551 1310 4640 possessionum,
1338 4555 1503 4624 easdem
