3170 5166
862 909 943 978 242.

333 1109 399 1175 III.
416 1109 523 1172 Eudre
539 1109 648 1194 discip
664 1109 749 1191 cjhot
764 1109 879 1191 kiadja
895 1095 1133 1188 sajett'1293-ti
1151 1107 1327 1178 Chersone
1351 1114 1468 1200 helyod-

378 1225 426 1300 pet
442 1217 601 1300 tdrpyazc'
616 1215 811 1300 odomdrsydt
827 1213 956 1299 Milclds,
974 1213 1132 1302 Stspkfio
1147 1222 1304 1282 uadnsdro.
1323 1221 1420 1286 1300.

442 1411 590 1478 Andreas
607 1410 668 1476 Dei
684 1409 798 1494 gracia
812 1410 991 1497 Hungarie,
1003 1412 1184 1500 Dalmacie,
1194 1411 1465 1502 crocataltnme,

332 1516 456 1604 Sernie,
474 1515 623 1602 Gallicie,
638 1515 839 1598 Lodomerie,
857 1518 1014 1584 Cumanie
1030 1517 1248 1602 Bulgarieque
1265 1519 1335 1587 Rex
1360 1523 1462 1588 omni·

332 1626 392 1692 bus
422 1622 541 1690 Christi
565 1623 714 1691 fidelibus
739 1635 806 1690 tam
832 1625 1037 1709 presentibus
1062 1645 1158 1710 quam
1184 1627 1301 1692 futuris
1328 1648 1464 1714 presens

333 1733 488 1818 seriptum
505 1731 699 1818 inspecturis
716 1733 854 1798 salutem
873 1731 906 1798 in
923 1734 1064 1799 omnium
1081 1735 1257 1802 saluatore.
1282 1737 1375 1803 Licet
1399 1735 1461 1802 Rc-

331 1843 388 1924 gia
404 1843 511 1925 pietas
527 1859 656 1906 manum
673 1836 790 1906 debeat
806 1841 970 1924 porrigere
986 1840 1146 1907 uniuersis
1163 1841 1348 1907 munificam
1360 1867 1368 1926 ;
1382 1841 1460 1909 illos

332 1960 601 2034 tamen‚quorum
617 1955 753 2031 experta
769 1947 918 2031 probitas
944 1947 1080 2014 laudata
1104 1955 1155 2014 est
1178 1947 1212 2014 in
1237 1952 1402 2036 prosperis
1431 1959 1465 2017 et

332 2057 491 2140 aduersis,
509 2056 664 2141 prosequi
681 2053 777 2121 debet
793 2055 1018 2121 munificencia
1034 2056 1178 2142 largiori,
1197 2065 1231 2123 vt
1258 2059 1315 2142 alij
1342 2077 1457 2124 eorum

333 2165 489 2251 exemplis
505 2164 633 2230 inuitati
665 2161 707 2228 ad
738 2161 904 2231 fidelitatis
929 2185 1031 2248 opera
1061 2165 1190 2232 facilius
1221 2169 1458 2234 accendantur.

333 2271 473 2338 Proinde
489 2273 531 2336 ad
551 2271 771 2338 uniuersorum
787 2271 942 2337 noticiam
960 2279 1072 2338 tenore
1087 2274 1290 2358 presencium
1305 2274 1460 2340 volumus

332 2379 513 2464 peruenire,
532 2378 618 2462 quod
635 2381 791 2463 Magister·
807 2378 963 2446 Nicolaus
979 2380 1065 2444 lilius
1084 2379 1206 2465 Stepok
1223 2380 1327 2446 tidelis
1345 2387 1463 2446 noster
1578 2423 1579 2486 ,

327 2485 370 2554 ad
385 2495 529 2552 nostram
546 2485 705 2551 accedens
722 2485 923 2570 presencium
939 2485 1085 2551 exhibuit
1111 2487 1203 2554 nobis
1229 2493 1377 2571 patentes
1402 2487 1460 2553 lit-

327 2604 415 2662 teras
430 2602 561 2660 ncstras
578 2614 675 2679 super
691 2593 874 2660 donacione
890 2599 977 2660 terre
993 2593 1157 2660 Ohrmona
1173 2603 1288 2661 vocate
1303 2595 1457 2681 inLypto

328 2703 497 2771 existentis
515 2701 688 2782 confectas,
705 2711 820 2786 petens
836 2723 857 2769 a
871 2701 964 2770 nobis
980 2722 1052 2768 cunr
1070 2702 1240 2786 instancia,
1258 2709 1293 2768 vt
1325 2701 1466 2769 easdem
1577 2735 1578 2740 κ

327 2811 453 2877 litteras
468 2817 558 2878 ratas
574 2809 696 2876 habere
714 2818 745 2876 et
761 2815 924 2894 acceptas,
942 2815 1117 2894 nostroque
1133 2810 1308 2896 priuilegio
1332 2810 1373 2875 de
1398 2811 1458 2876 be·
1577 2819 1578 2828 ²

329 2919 487 3004 nignitate
502 2919 608 3002 Regia
624 2915 814 2983 confirmare
830 2915 1048 3001 dignaremur.
1077 2917 1219 2994 Quarum
1245 2917 1374 3001 quidem
1399 2937 1463 3001 pa·

329 3029 468 3096 tenuium
484 3027 663 3094 litterarum
679 3031 864 3092 nostrarum
879 3029 971 3091 tenor
986 3023 1063 3090 talis
1081 3031 1148 3092 ost:

435 3137 502 3202 Nos
520 3136 668 3202 Andreas
684 3137 724 3199 D.
743 3155 790 3218 gr.
807 3133 974 3218 Hungarie
990 3135 1050 3198 stb.
1068 3133 1138 3198 Rex
1153 3131 1214 3199 stb.
1241 3131 1463 3220 (klivetkezik

328 3241 388 3311 111.
405 3243 516 3310 Endre
541 3243 719 3328 kirtlynak
747 3242 885 3310 lacu-ki
910 3239 1191 3328 udomdnylevele,
1217 3241 1297 3306 mint
1322 3241 1462 3308 fentebb
1576 3277 1577 3288 ι

351 3356 382 3419 3.
416 3373 475 3419 aa.

330 3357 347 3421 7
397 3372 414 3420 8
435 3351 505 3526 Nds
520 3460 632 3543 itaque
647 3455 862 3525 consideratis
877 3456 1090 3525 fidelitatibus
1106 3463 1138 3523 et
1167 3456 1338 3540 meritoriis
1363 3457 1464 3524 obse-

327 3569 412 3654 qnijs
437 3568 540 3654 ipsius
565 3565 708 3652 Nicolai,
737 3584 799 3650 que
831 3566 925 3630 nobis
949 3565 983 3632 in
1014 3563 1153 3632 diuersis
1185 3563 1460 3648 expedicionibns

326 3678 430 3763 Regni
446 3677 558 3759 nostri,
575 3681 642 3740 tam
660 3673 870 3757 generalibus
885 3692 982 3755 qoam
1000 3675 1103 3739 eciam
1114 3672 1382 3758 particularibus,
1391 3679 1464 3738 stu·
1575 3721 1576 3746 ,

325 3785 397 3852 duit
412 3784 544 3851 exibere
561 3787 594 3850 st
609 3783 744 3849 fideliter
759 3783 808 3850 sic
823 3780 951 3868 deuote,
968 3789 1000 3846 et
1027 3782 1168 3848 maxime
1184 3789 1259 3846 tnnc
1284 3779 1360 3847 dnm
1379 3799 1461 3845 con-

325 3903 379 3962 tra
393 3891 557 3958 dominum
575 3890 741 3958 Alberturn
758 3897 836 3956 tunc
852 3891 975 3956 Dnccm
991 3888 1119 3955 Austris
1136 3895 1168 3953 et
1183 3889 1302 3974 Styrie,
1328 3887 1457 3972 capita-

327 4004 389 4069 lem
405 3999 572 4067 inimicum
588 3999 693 4081 Regni
720 3997 833 4082 nostri,
859 4016 944 4062 nunc
974 4015 1051 4062 voro
1081 3995 1204 4078 Regem
1236 3995 1461 4060 Romanorum

325 4111 462 4194 Semper
479 4107 662 4192 Angustum
678 4113 805 4193 patrem
821 4112 967 4171 nostrum
983 4103 1208 4190 predilectnm,
1226 4100 1270 4168 ad
1289 4109 1457 4168 conteren-
1574 4167 1575 4180 ,

327 4217 401 4285 dam
418 4215 654 4284 contumaciam
681 4224 713 4280 et
740 4215 905 4282 maliciam
930 4211 1073 4280 eiusdem
1100 4213 1277 4280 exereitum
1304 4209 1460 4276 mouisse-

326 4348 397 4394 mus
414 4326 609 4410 generalem,
627 4330 659 4388 et
674 4323 819 4406 Regnum
835 4319 938 4404 ipsius
955 4319 1150 4404 adissemus,
1166 4315 1331 4402 prediatus
1358 4315 1460 4382 Nico-

326 4436 399 4502 lans
416 4433 449 4498 in
467 4431 712 4518 expugnaeione
728 4435 908 4495 castrorum
924 4425 1172 4492 Teutonicorum
1190 4431 1302 4490 eontra
1328 4431 1457 4508 partem

327 4543 499 4610 mucram
522 4535 846 4604 viriliterdimicans
872 4539 1027 4616 unquam
1054 4532 1106 4599 leo
1133 4531 1226 4600 tortis
1252 4550 1311 4616 per
1342 4532 1461 4598 lancee
1573 4571 1574 4628 ,
