3170 5166
644 248 805 348 202-

155 441 297 507 duarum
314 439 466 508 villarum
483 439 672 526 Ketpeolren
688 449 878 509 vocatarum
894 445 929 511 in
944 444 1093 512 terminis
1108 447 1291 530 suprascri·

154 549 224 632 ptis
241 545 339 614 modo
356 552 388 614 et
412 547 524 616 ordine
550 547 721 634 prehabito
735 549 882 634 predicto
899 551 1017 620 comiti
1037 551 1146 620 Erdeu
1163 553 1197 619 in
1212 574 1289 640 quo-

158 643 238 724 libet
255 653 392 722 termino
408 654 584 723 solucionis
604 675 714 724 coram
732 657 828 725 nobis
851 659 1065 745 personaliter
1089 664 1290 748 comparenti

155 769 191 830 et
206 760 379 848 recipienti
395 763 543 847 plenarie
558 764 714 850 persoluit
739 770 772 834 et
787 765 878 832 dedit
894 785 1004 834 coram
1023 768 1135 855 nobis;
1153 774 1185 835 et
1201 767 1287 837 idem

157 874 273 940 Comes
290 871 400 939 Erdeu
425 873 460 939 in
485 872 621 939 termino
652 872 766 940 ultime
796 874 974 942 solucionis
1004 875 1100 943 modo
1123 882 1157 942 et
1173 877 1288 944 ordine

159 982 340 1047 litterarum
367 979 689 1066 composicionalium
709 979 833 1047 domini
858 979 990 1048 Andree
1015 982 1115 1066 Regis
1131 982 1288 1066 predicta·

158 1109 250 1172 rum,
265 1087 376 1154 omnia
391 1087 586 1172 priuilegia,
611 1087 766 1155 videlicet
790 1087 913 1154 domini
937 1087 1096 1174 Ladizlay
1121 1090 1287 1174 quondam

157 1197 262 1282 Regis
278 1195 447 1279 Hungarie
462 1194 546 1261 bone
562 1201 596 1259 et
612 1195 699 1262 clare
723 1197 877 1262 memorie
886 1245 895 1279 ,
926 1194 1046 1262 nobilis
1062 1196 1124 1262 viri
1140 1199 1289 1282 Magistri

157 1303 284 1390 Vgrini,
301 1303 447 1388 Capituli
471 1301 619 1369 Ecclesia
643 1301 803 1370 Budensis
814 1353 825 1390 ,
852 1309 885 1370 et
900 1309 1044 1371 nostrum
1064 1304 1288 1392 priuilegium,

156 1412 276 1494 qulbus
292 1409 512 1478 mediantibus
530 1409 616 1478 dicte
632 1410 858 1496 possessiones
874 1411 1087 1498 Kethpcchen
1103 1432 1176 1478 cum
1193 1413 1289 1480 terris

156 1518 221 1585 sibi
237 1517 387 1604 annexis,
403 1517 534 1583 racione
554 1514 644 1582 mille
668 1537 852 1584 marcarum
877 1515 981 1584 eidem
998 1516 1115 1584 Oomiti
1131 1517 1240 1585 ldrdeu
1256 1527 1288 1584 et

155 1626 226 1694 suis
242 1625 416 1692 heredibus
441 1643 501 1709 per
525 1620 648 1692 dictum
676 1622 868 1709 Magistrum
890 1623 1047 1708 Vgrinum
1066 1624 1142 1692 date
1157 1624 1288 1694 fuorunt

156 1738 190 1800 et
216 1731 348 1814 collate,
364 1730 446 1797 sicut
461 1730 494 1794 in
511 1729 634 1797 eisdem
651 1729 836 1818 priuilegijs
852 1733 948 1817 plene
963 1730 1103 1799 vidimus
1119 1733 1288 1819 contineri,

112 1835 114 1838 ’
157 1861 269 1908 coram
285 1839 379 1906 nobis
393 1837 534 1905 restituit
549 1837 582 1904 in
597 1856 714 1904 manus
730 1837 880 1924 Magistri
897 1839 1047 1926 Dyonisij
1065 1840 1239 1924 prenotati,
1256 1850 1288 1907 et

154 1950 290 2035 insuper
306 1945 415 2013 omnia
435 1945 649 2010 instrumenta
674 1963 733 2012 seu
749 1945 875 2013 litteras
891 1946 1108 2031 calescunque
1117 1997 1127 2032 ,
1143 1952 1211 2013 tam
1226 1949 1289 2015 Re·

155 2057 229 2142 glas
246 2075 345 2140 quarn
361 2035 466 2136 alias,
483 2059 514 2119 et
539 2051 726 2136 specialiter
746 2053 913 2138 predictas
944 2052 1070 2122 litteras
1086 2051 1208 2120 domini
1224 2054 1288 2120 An-

153 2167 235 2232 dree
249 2161 349 2247 Regis
366 2159 664 2246 composicionales,
679 2159 766 2227 idern
796 2161 910 2230 Comes
935 2162 1043 2231 Erdeu
1068 2182 1178 2230 coram
1194 2162 1289 2230 nobis

153 2271 298 2340 restituit
314 2270 357 2336 ad
372 2268 570 2335 cassandum
579 2318 588 2352 ,
618 2275 651 2336 ct
666 2268 713 2335 sio
738 2267 903 2354 predictas
929 2270 1154 2357 possessiones
1169 2271 1288 2357 Ketpe-

155 2381 241 2448 chen
257 2385 403 2460 vocatas,
420 2396 492 2444 oum
508 2377 602 2444 terris
612 2377 806 2462 arabilibus,
825 2375 930 2465 siluis,
946 2379 1060 2466 pratis,
1079 2398 1119 2446 ac
1135 2379 1209 2464 alijs
1219 2379 1286 2446 suis

154 2486 365 2573 utilitatibus,
381 2491 477 2570 prout
493 2484 557 2552 sibi
573 2483 650 2550 dete
665 2485 798 2551 fuerunt
806 2537 816 2572 ,
837 2492 871 2553 et
885 2485 1062 2553 secundum
1078 2484 1164 2571 quod
1179 2485 1286 2572 ipsum

150 2595 348 2679 tangebant,
365 2598 397 2660 et
413 2587 498 2658 idom
515 2591 673 2678 possedit,
690 2590 794 2659 dictus
811 2593 925 2661 Comes
940 2591 1048 2661 Erdeu
1073 2592 1163 2660 dedit
1177 2611 1288 2660 coram

152 2702 251 2770 nobis
269 2698 420 2786 astando,
437 2698 570 2786 dimisit,
596 2695 732 2765 tradidit
749 2705 782 2766 et
798 2700 935 2767 contulit
965 2698 1112 2786 predicto
1127 2700 1287 2785 Magistro

152 2807 318 2896 Dyonisio
334 2813 366 2876 et
381 2807 450 2874 suis
466 2804 640 2875 heredibus
656 2805 874 2892 heredumque
883 2828 1017 2875 suorum
1032 2807 1288 2890 irrecessoriunr„

147 2917 228 3004 jure
242 2913 449 3003 hereditario,
465 2913 729 2984 inreuocabiliter
737 2967 747 3002 ,
764 2921 942 3002 perpetuo,
968 2915 1102 3001 pacifice
1117 2912 1288 3000 possiden-

152 3027 227 3112 das,
244 3023 403 3094 tenendas
427 3029 459 3090 et
483 3021 673 3110 habendas,
710 3022 799 3090 nullo
811 3022 885 3108 jure
915 3021 1050 3106 dominij
1066 3022 1153 3088 idem
1170 3021 1287 3088 Oomes

151 3131 265 3201 Erdeu
281 3129 344 3200 sibi
361 3135 393 3198 et
408 3129 476 3198 suis
493 3129 633 3214 posteris
648 3129 683 3196 in
699 3129 822 3197 eisdem
847 3129 937 3197 uillis
953 3149 1012 3198 seu
1027 3127 1287 3214 possessionibus

151 3239 348 3328 Ketpeclren
364 3256 404 3303 ac
418 3235 572 3304 atinentis
590 3234 677 3324 (lgy)
695 3236 870 3305 earundem
888 3245 1064 3307 reseruato.
1081 3237 1119 3303 In
1136 3237 1287 3304 ouiusrei

149 3346 345 3418 memoriam
361 3349 529 3431 presentes
546 3346 767 3413 concessimus
783 3347 911 3414 litteras
927 3345 1031 3432 sigilli
1055 3344 1158 3424 nostri
1185 3344 1288 3411 muni·

149 3457 243 3526 mine
258 3456 438 3522 roboratas.
457 3452 578 3519 Datum
594 3472 653 3538 per
674 3474 788 3523 manus
804 3453 939 3522 discreti
963 3453 1026 3522 viri
1042 3453 1191 3538 Magistri
1206 3453 1287 3521 Her·

148 3565 214 3633 rici
230 3563 375 3632 Ecclesia
390 3567 500 3629 nostre
516 3560 682 3648 hectoris,
714 3582 801 3630 anno
831 3561 964 3628 Domini
987 3563 1033 3630 M⁰
1048 3561 1286 3630 trecentesimo.

147 3675 311 3759 Magistro
326 3669 497 3738 Dominioo
512 3669 694 3757 Proposito,
710 3669 868 3755 Magistro
884 3667 1036 3738 iohanne
1052 3667 1203 3753 (lantone,
1229 3667 1286 3735 Oe·

145 3802 243 3871 pano
258 3776 413 3859 Custode,
432 3775 579 3846 Oliuerio
597 3777 763 3845 Waciensi
772 3829 782 3865 ,
807 3777 944 3846 Nicolao
959 3776 1132 3862 Pestiensi,
1148 3776 1287 3844 Nicolao

145 3883 427 3971 (lhangradiensi,
443 3883 603 3968 Agustlno
619 3883 661 3952 de
675 3883 844 3971 Zigetfeu,
871 3883 1010 3952 (leblino
1027 3882 1068 3951 de
1083 3883 1211 3952 Zolnnk
1226 3885 1286 3951 Ar·

140 3993 387 4083 chydiaconis,
420 3993 597 4076 ceterisque
623 3992 770 4079 pluribus
805 3993 978 4062 Canonicis
1009 3991 1224 4061 existentibus
1249 3993 1285 4059 in

141 4101 305 4172 Ecclesia
319 4100 421 4170 Beate
437 4099 591 4185 Virginis,
608 4101 679 4170 Deo
694 4101 858 4169 humiliter
868 4099 1100 4169 famulantibus
1118 4099 1301 4170 etdeuote..

137 4268 188 4334 (A
202 4261 282 4316 adcai
293 4259 484 4330 lrdptalannalr
498 4265 577 4316 1331.
590 4263 705 4326 „nobilis
717 4269 746 4318 et
755 4265 881 4316 honestus
891 4267 934 4316 vir
946 4263 1079 4334 Magister
1091 4264 1198 4316 Arnaoh
1212 4263 1284 4316 iilius

142 4341 274 4426 Dyonisi
286 4355 334 4421 filij
356 4355 470 4408 condam
483 4355 596 4409 Comitis
617 4355 743 4408 Arneeffl
767 4354 891 4409 adrestas
909 4371 942 4409 aa
964 4353 1129 4422 uu'pecsdtje
1141 4355 1211 4409 alatt
1225 4355 1285 4409 kia-

136 4451 214 4503 -dott
225 4443 393 4511 dtiratdb613
407 4447 533 4512 melyben
556 4448 651 4500 ezelret
663 4447 806 4511 olrassulrr
826 4447 913 4516 „quod
938 4461 1000 4496 eum
1022 4445 1145 4512 sigillum
1159 4450 1283 4498 nostrum

140 4541 230 4609 prius
240 4543 267 4590 st
280 4539 422 4604 antiquum
434 4553 484 4605 per
496 4538 619 4607 iniquam
632 4539 865 4591 machinacionem
874 4540 1104 4604 ingenuosamque
1122 4537 1284 4589 labrlcacio·

1050 4625 1122 4696 26⁸
