3098 5172
638 276 699 336 ltili

103 483 213 551 litteris
230 477 496 566 priuilegialibus
514 484 709 548 inseramus.
727 481 872 558 erarom
898 481 1028 562 quidem
1044 483 1243 550 litterarum·

103 589 272 675 Regianum
289 595 383 654 tenor
399 589 475 655 talis
493 597 562 655 est:

206 695 354 760 Andreas
370 696 410 758 D.
429 715 477 778 gr.
494 698 560 761 Rex
580 697 748 779 Hnugarie
767 697 830 762 stb.
853 697 1050 763 lovetkezik
1076 700 1134 764 Ill.
1167 703 1229 768 En-

19 803 22 812 ’
105 809 154 872 dre
170 803 285 888 kirtly
301 803 465 870 ker-estete
496 825 657 887 parancsa
673 805 754 870 mint
770 805 902 870 lentebb
919 809 959 872 ol
978 826 1021 874 sz.
1039 805 1083 893 a)

204 913 325 976 Forma
341 920 448 978 autem
466 912 629 998 priuilegij
648 912 770 978 domini
788 912 933 978 Ludizlai
949 915 1049 996 Regis
1075 914 1135 981 hcc
1161 923 1228 983 est:

207 1017 381 1086 Ladizlans
398 1020 438 1082 D.
455 1039 503 1101 gr.
521 1020 688 1102 Hungarie
705 1019 764 1084 stb.
793 1020 1004 1104 (kbvetkezik
1030 1022 1084 1086 IV.
1111 1015 1230 1090 Lbszlo

107 1125 281 1208 liralynak
318 1126 455 1196 12842ki
488 1127 717 1211 priuilegiuma
747 1127 828 1190 mint
858 1129 1140 1214 gytljtemenybnk
1171 1130 1230 1194 IX.

106 1233 213 1318 ragyis
226 1254 251 1297 a
267 1234 417 1299 melsodilr
433 1234 554 1319 lolyam
572 1234 623 1298 IV.
640 1235 818 1300 koteteben
835 1236 911 1302 383.
928 1234 951 1298 l.
969 1239 1045 1302 273.
1064 1257 1107 1302 sz.
1125 1235 1171 1316 a.)
1227 1219 1235 1228 ¹

206 1341 274 1407 Nos
290 1342 400 1424 itaque
416 1341 570 1408 mandato
580 1341 682 1425 Regio
699 1342 968 1427 obtemperantes,
987 1351 1020 1407 vt
1030 1342 1185 1410 debemus
1197 1352 1230 1410 et

108 1456 255 1531 tenemur,
272 1450 388 1514 seriem
404 1449 542 1533 predicti
558 1448 722 1533 priuilegij
741 1447 860 1513 domini
876 1448 975 1531 Regis
1000 1449 1146 1515 Ladizlai
1172 1472 1231 1535 per

106 1577 157 1622 nos
172 1553 349 1639 diligenter
366 1557 502 1640 inspecti
519 1563 552 1620 et
569 1556 713 1640 perlecti,
728 1576 793 1620 non
809 1557 930 1638 abrasi,
956 1576 1021 1620 uon
1047 1557 1228 1640 cancellati,
1274 1625 1283 1654 ἱ

106 1663 204 1730 necin
223 1665 335 1746 aliqua
351 1664 399 1730 sui
415 1669 507 1747 parte
522 1663 643 1746 viciati,
661 1663 748 1744 quod
764 1663 894 1747 quidem
910 1662 1011 1728 nostri
1022 1663 1184 1750 priuilegij
1197 1673 1229 1730 et

108 1769 282 1836 litterarum
299 1790 337 1834 ae
355 1769 599 1854 priuilegiorum
627 1769 747 1836 domini
773 1769 994 1835 Bartholomei
1018 1771 1171 1856 Episcopi
1196 1779 1229 1837 et

107 1877 244 1944 Roranrli
262 1876 424 1960 Wajuode
440 1875 576 1942 formem
593 1877 628 1942 in
644 1897 679 1942 se
691 1879 857 1943 redactam
868 1876 1065 1962 continebat,
1077 1879 1118 1943 de
1128 1881 1228 1944 uerbo

105 1985 143 2048 ad
158 1988 292 2050 terbum
309 1985 516 2069 presentibus
533 1984 724 2050 transscribi
740 1983 875 2049 fecimus
892 1985 987 2050 modo
1013 1985 1160 2070 superios
1173 2005 1229 2050 an-

106 2099 218 2158 notato.
235 2094 358 2158 Datum
374 2100 488 2176 quarto
515 2093 568 2158 die
593 2091 780 2158 festiuitatis
806 2092 900 2157 Beati
924 2092 1055 2158 Andrec
1080 2094 1229 2177 Apostoli

105 2220 183 2267 anno
201 2203 333 2268 Domini
350 2201 522 2269 millesimo
540 2201 762 2268 ducentesimn
780 2201 991 2282 nonagesimo
1016 2208 1139 2289 quarto,
1166 2209 1229 2268 ler-

105 2307 149 2372 cio
163 2330 267 2376 nonas
283 2309 482 2396 Decembris,
501 2308 690 2376 Indiocione
706 2308 854 2396 septima.
872 2309 1036 2375 Demetrio
1046 2309 1227 2393 Proposito.

105 2415 238 2482 lwanka
249 2418 393 2505 Lectum,
410 2419 502 2485 Iwan
513 2415 653 2483 Gantore
669 2415 818 2482 Ecclesia
833 2423 942 2482 nostre
959 2418 1183 2484 existentibus.

106 2597 232 2664 lBrlthory
248 2596 345 2650 rsrvtn
368 2595 473 2662 erdelyi
497 2597 580 2661 vajda
594 2597 704 2646 lora-kt
728 2591 841 2646 okttvts
863 2593 1029 2659 terremotu
1053 2597 1165 2647 abudai
1178 2595 1225 2645 lnir

509 2686 633 2736 kamarai
651 2681 842 2751 leveltttban.)

634 3377 710 3442 lll.

97 3573 322 3639 Alemone
336 3576 522 3659 coaterpocri
535 3575 760 3660 boocootje'nek
784 3574 1057 3659 bizonyadqlcoelr,
1074 3531 1157 3659 bopy
1173 3575 1243 3639 Le·

98 3679 185 3767 bodi,
210 3682 337 3748 Venczol
352 3681 518 3767 Hidepktt
535 3682 690 3767 helyseqet
706 3683 796 3747 Peter
811 3681 975 3747 mesternek
990 3681 1109 3746 eladta.
1127 3680 1226 3745 1294.

221 3875 409 3943 Gonnentos
442 3876 677 3942 Cruoilerorum
711 3877 834 3942 Domus
872 3875 1052 3960 Hospitalis
1086 3873 1231 3941 Ecclesia

94 3983 208 4066 Sanctj
226 3984 328 4067 Regis
340 3983 498 4067 Stephanj
516 3981 557 4049 de
573 3983 739 4067 Strigonio
755 3981 915 4049 uniuersis
925 3985 1093 4068 presentes
1103 3982 1230 4050 litteras

94 4091 294 4178 inspectoris
311 4091 450 4158 salutem
474 4091 509 4156 in
534 4091 599 4158 filio
626 4092 772 4176 Virginis
798 4089 955 4157 Glorioso.
984 4088 1152 4166 Quomodo
1179 4110 1230 4180 ea,

96 4221 157 4282 qne
174 4200 399 4287 temporaliter
414 4207 567 4287 aguntur,
584 4220 626 4266 ne
644 4221 716 4266 cum
733 4206 877 4284 tempore
894 4197 1090 4285 dilabantur,
1123 4199 1231 4265 solent

93 4315 124 4372 et
166 4307 294 4375 debent
320 4307 416 4393 scipti
441 4308 623 4392 patrocinio
650 4306 852 4376 communiri.
879 4307 964 4373 Hine
989 4311 1049 4392 est,
1075 4304 1160 4388 quod
1185 4304 1231 4370 ad

92 4413 324 4484 minersorum
334 4413 497 4499 noticiam,
514 4421 581 4480 tam
592 4413 795 4500 presencium
805 4432 901 4495 quam
912 4413 1098 4495 futororum,
1111 4409 1229 4478 harum

93 4525 179 4590 serie
196 4521 353 4589 uolumus
370 4521 560 4608 peruenire5
578 4519 663 4604 quod
679 4519 822 4588 Wenche
846 4519 932 4586 tilius
945 4516 1168 4604 christophori
1185 4517 1240 4585 de.
