3098 5172
589 324 748 424 ..3⁹2

99 521 338 608 strigoniensis
353 539 414 607 per
430 519 611 588 Arnoldiun
636 517 677 584 de
704 515 783 603 Eeb,
808 515 911 582 filium
929 513 1064 602 Comitis
1088 513 1236 598 Abrabe,

100 631 298 700 lamiumcm
314 630 464 696 iuuenem
479 628 603 696 Domus
620 633 732 694 nostre
759 622 961 693 decreuimus
980 631 1147 712 perpetuo,
1164 625 1236 712 ple-

101 741 195 807 narie
211 747 244 805 et
261 737 397 828 pacifice
413 735 631 818 statuendam,
647 741 742 821 prout
758 736 792 802 in
809 739 919 802 nostro
934 732 1108 820 priuilegio
1133 735 1232 802 conti·

101 855 217 934 nctur3
235 867 333 934 super
350 865 389 912 eo
405 843 513 912 eidem
529 843 665 912 Nicolao
682 849 715 910 et
730 843 800 910 suis
815 841 956 928 posteris
972 849 1162 929 perpetuum
1188 844 1230 909 si-

104 955 247 1024 leneium
264 954 489 1040 imponentes,
507 970 580 1018 cum
596 951 681 1020 idem
697 950 854 1018 Nicolaus
869 947 1001 1018 racione
1027 948 1123 1018 unias
1148 954 1237 1016 terre

104 1062 204 1128 aliam
217 1069 336 1128 terram
352 1058 520 1126 maliciose
530 1059 621 1126 nisru
638 1057 735 1126 fuerit
747 1077 916 1144 occupare,
934 1065 966 1125 et
977 1056 1046 1126 cius
1057 1057 1232 1143 priuilegia

105 1189 170 1236 non
181 1171 373 1236 contineant
383 1173 621 1236 commetaueos
632 1165 819 1252 etvicinos3
831 1163 1009 1250 priuilegia
1024 1185 1102 1234 nero
1117 1185 1232 1234 eorun-

106 1275 178 1343 dem
195 1276 333 1345 fratrum
348 1294 422 1343 suos
440 1272 690 1342 conterminales
707 1275 897 1342 contineant
913 1280 945 1340 et
969 1275 1139 1340 nominent
1168 1294 1235 1340 ma·

106 1375 234 1451 nifaste.
250 1384 404 1450 Preterea
418 1384 520 1449 tercio
537 1379 589 1448 dic
605 1387 794 1448 octauarum
806 1381 990 1467 Epiphania
999 1379 1131 1448 Domini
1148 1380 1237 1464 apud

106 1491 307 1576 Strigoninm
322 1491 355 1557 in
372 1497 483 1557 nostra
499 1489 641 1574 capella,
658 1490 752 1556 iuxta
768 1509 905 1556 examen
922 1488 1024 1556 nostri
1039 1488 1164 1576 iudicij,
1176 1490 1239 1556 Pe·

105 1605 173 1666 trus
189 1599 353 1680 Deoanus,
370 1598 422 1662 uel
439 1595 605 1662 lohannes
623 1594 748 1680 Comes,
766 1603 823 1662 aut
847 1615 931 1662 unus
957 1595 1055 1663 trium
1081 1614 1229 1680 procura-

105 1713 211 1772 torum
228 1704 373 1772 eiusdem
390 1701 546 1787 Capituli,
563 1710 675 1768 contra
691 1701 830 1770 eundem
846 1702 1017 1770 Nicolaum
1034 1704 1062 1770 si
1078 1701 1239 1770 iurauerit

105 1833 203 1900 super
220 1832 270 1898 eo,
286 1820 322 1878 ut
336 1813 423 1878 idem
440 1813 594 1879 Nicolaus
611 1811 800 1894 pensionem
817 1819 898 1877 terre
914 1809 1088 1877 eorundem
1098 1812 1234 1878 fratrum

105 1930 299 2002 nosucrum,
316 1921 401 1986 inter
416 1919 571 1986 minorem
582 1920 779 2001 Danubium,
795 1929 827 1986 et
843 1919 929 1985 inter
945 1920 1128 1985 clausuram
1149 1939 1232 2001 aque

107 2029 280 2114 Taplucba
297 2027 482 2113 constitute,
498 2027 621 2093 eisdem
637 2025 791 2092 fratribus
808 2025 927 2092 nostris
943 2033 975 2091 et
991 2045 1100 2091 eorum
1117 2047 1232 2111 procu-

106 2135 269 2202 ratoribus
284 2155 306 2201 a
321 2132 535 2218 quadriennio
552 2133 755 2218 negligenter
773 2141 805 2201 et
831 2136 1063 2200 contumaciter
1090 2153 1156 2199 non
1182 2133 1239 2199 de·

107 2241 218 2327 disset,
236 2241 391 2308 uidelicet
407 2241 536 2307 unciam
553 2243 714 2324 regalium
731 2249 763 2308 ct
778 2241 940 2308 usualium
966 2249 1166 2308 monetarum
1181 2265 1188 2326 ;
1206 2249 1238 2309 et

106 2349 190 2430 quod
208 2348 334 2414 eisdem
350 2348 504 2414 fratribus
520 2349 640 2415 nostris
657 2347 963 2429 contradicentibus,
976 2349 1234 2416 reclamantibus

107 2465 137 2522 ct
152 2455 278 2542 inuitis,
296 2457 330 2520 in
348 2457 464 2522 eadem
480 2465 569 2521 terra
585 2477 694 2522 corum
711 2457 795 2522 inter
811 2457 967 2523 minorem
992 2457 1176 2524 Danubium
1202 2464 1236 2524 et

107 2563 291 2630 clausuram
308 2584 391 2648 aque
407 2565 578 2649 Tcplycha
593 2563 756 2648 quoddam
773 2585 925 2648 magnum
942 2573 1104 2652 stagnum,
1115 2570 1155 2650 ‚et
1172 2565 1236 2630 duo

107 2671 229 2738 fossata
245 2691 366 2753 magna
384 2679 415 2737 et
431 2673 562 2738 inutilia
578 2672 720 2758 fecisset,
737 2691 794 2756 per
809 2693 873 2756 quc
889 2673 962 2740 uias
986 2674 1176 2740 balneorum
1203 2680 1236 2737 et

107 2779 366 2844 molendinorum
382 2799 515 2845 suorum
531 2779 767 2866 impediuisset,
779 2781 962 2846 clausuram
974 2779 1231 2847 molendinorum

108 2905 162 2968 per
178 2907 219 2952 <a
234 2884 465 2952 nichilominus
481 2887 684 2974 infirmando,
704 2888 758 2952 ubi
775 2885 859 2954 idem
886 2887 1041 2953 Nicolaus
1068 2887 1233 2970 quoddam

108 2994 211 3060 minus
228 2995 348 3060 bonum
367 3001 398 3060 et
414 2995 529 3061 inutile
546 3026 569 3059 n„
580 2995 661 3061 cisse
678 2996 882 3079 dignoscitur
897 2993 1136 3078 molendinum
1166 3015 1232 3060 non

108 3101 318 3168 considerans
335 3121 393 3168 seu
410 3101 591 3190 attendens,
609 3105 694 3187 quod
711 3103 802 3170 iuxta
817 3109 962 3167 tenorem
976 3099 1143 3187 priuilegij
1172 3103 1229 3167 Oa-

110 3208 201 3290 pituli
218 3208 387 3276 memorati
403 3210 514 3277 ecdem
533 3212 585 3276 uic
596 3210 852 3277 molendinorum
864 3215 896 3274 et
907 3209 1095 3274 balneorum
1106 3229 1148 3274 ax
1159 3231 1232 3275 con-

108 3317 264 3384 uencione
280 3335 354 3382 esse
370 3315 495 3401 absque
527 3316 758 3402 impedimento
775 3315 883 3400 aliquo
900 3315 1003 3381 libere
1029 3315 1230 3404 debuissent,

108 3441 166 3488 nec
182 3421 271 3488 idem
287 3422 444 3491 Nicolaus
460 3442 558 3507 super
574 3424 689 3491 eadem
714 3431 801 3490 terra
826 3429 941 3509 ortum,
959 3425 1012 3488 uel
1039 3424 1150 3491 domos
1176 3425 1233 3492 ali-

106 3549 188 3611 quas
201 3531 447 3616 construxisset,
464 3539 558 3617 prout
573 3533 608 3597 in
625 3531 796 3616 priuilegio
814 3531 957 3598 ciusdem
974 3530 1120 3615 Capituli
1147 3539 1236 3599 tene·

106 3637 221 3703 batur:
240 3657 304 3719 qno
330 3638 510 3704 iuramento
526 3639 662 3724 prestito
694 3647 727 3706 et
751 3640 903 3722 legaliter
919 3639 1093 3726 expedito,
1124 3641 1232 3722 ipsum

107 3743 281 3812 Nicolaum
297 3751 330 3812 et
346 3748 415 3812 eins
431 3753 580 3832 posteros
604 3767 699 3832 super
719 3748 790 3815 iure
808 3747 980 3816 locationis
998 3747 1142 3816 eiusdem
1175 3757 1237 3816 ter-

107 3875 141 3920 re
171 3873 232 3939 per
257 3853 444 3923 huiusmodi
468 3856 675 3943 insolencias,
699 3856 924 3941 negligencias
954 3864 987 3923 et
1018 3856 1151 3923 illicitas
1170 3855 1236 3924 iac-

106 3960 217 4027 ciones
242 3959 453 4030 decernemus
479 3963 594 4030 meritc
609 3963 780 4048 cecidisse,
807 3971 840 4031 et
863 3963 934 4052 ius,
960 3964 989 4030 si
1020 3965 1106 4048 quod
1141 3965 1234 4032 habe·

107 4065 174 4153 bat,
207 4066 312 4134 eciam
343 4067 506 4136 amisisse.
534 4069 637 4156 Super
660 4070 747 4137 facto
772 4077 880 4139 autem
906 4071 1075 4138 uerberum
1106 4077 1139 4139 et
1164 4073 1237 4140 uul-

19 4233 21 4264 ,
107 4193 222 4243 nerum
247 4181 315 4240 tam
341 4176 485 4242 uirorum
512 4197 610 4262 quam
636 4178 817 4267 mulierum,
844 4187 876 4246 et
901 4178 1082 4246 uerbalium
1102 4179 1236 4248 iniuria-

21 4355 22 4364 ,
106 4301 188 4369 runa,
204 4289 239 4349 et
254 4299 353 4368 super
368 4282 456 4352 facto
482 4285 710 4371 oceupacionis
726 4293 810 4352 terre
826 4286 1001 4354 eorundem
1016 4287 1152 4354 fratrum
1180 4308 1234 4352 no-

21 4371 23 4462 }
107 4396 257 4476 utrorum,
273 4389 360 4458 inter
376 4391 506 4460 mnsam
522 4393 648 4460 Pentclr
665 4402 698 4461 et
726 4394 812 4461 inter
836 4395 1006 4463 eeclesiam
1033 4393 1146 4462 Sancti
1172 4395 1235 4460 Do

106 4496 219 4564 minici
233 4496 364 4588 situata,
381 4505 413 4567 et
429 4520 488 4586 per
504 4501 748 4586 plantacionem
763 4503 1043 4590 vinccperipsum
1053 4503 1236 4590 Nicolaum,

106 4609 143 4670 ut
159 4603 287 4693 dicitnr,
304 4615 479 4693 occupate;
497 4612 592 4693 prout
606 4607 642 4674 in
657 4615 766 4676 nostro
781 4609 955 4694 priuilegio
971 4609 1090 4679 exinde
1105 4629 1237 4680 conoes-

154 4738 258 4778 rrorurr.
274 4739 359 4778 turo.
376 4741 446 4778 mar.
465 4755 503 4766 «-
522 4743 594 4780 orrn.
614 4737 651 4782 ru.
1034 4721 1074 4784 13
