3120 5172
845 317 1006 418 ..222—

362 513 473 598 elesia,
489 514 559 578 Deo
591 511 732 596 favente,
749 511 894 594 proficiet
918 514 952 578 in
968 508 1130 595 utrisque:
1157 511 1392 580 deliberatione
1415 534 1471 580 oum

362 620 516 688 iratribus
531 619 649 686 nostris
670 637 768 702 super
792 619 854 686 boe
877 619 991 686 habita
1014 619 1175 704 diligenti,
1201 625 1235 685 te
1261 619 1396 690 Ordinis
1418 623 1470 688 lra-

363 736 445 796 trum
461 728 620 794 Minorem
646 723 864 810 professorem
888 727 955 792 iem
980 725 1068 792 diete
1092 721 1246 792 taurensi
1271 727 1419 795 Eoelesie
1442 728 1472 795 do

362 836 497 905 fratrum
514 834 729 922 predictorum
748 834 893 923 oonsilio,
911 842 943 900 et
958 834 1146 919 Apostolioe
1171 833 1376 918 plenitudine
1399 841 1472 921 pote-

361 945 455 1013 statis
472 941 654 1030 prefieimus
670 942 704 1008 in
720 942 1006 1030 Arebiepisoopum
1023 948 1056 1008 et
1071 948 1248 1030 pastorem,
1265 942 1469 1009 ourametad·

361 1055 629 1124 ministrationem
661 1053 762 1140 ipsius
787 1053 847 1120 tibi
871 1054 906 1126 ln
937 1052 1161 1138 spiritualibus
1193 1060 1225 1118 et
1255 1053 1471 1138 temporalibus

359 1163 607 1247 committentes,
622 1161 717 1226 firma
732 1168 890 1246 eonoepta
905 1156 1039 1244 liduoia,
1056 1159 1143 1243 quod
1158 1159 1320 1245 dirigente
1345 1163 1468 1228 Domino

361 1281 453 1340 eolus
469 1278 541 1338 tuos
557 1268 660 1337 eidem
676 1268 829 1337 Jadrensi
845 1268 993 1336 Eeolesie
1008 1289 1066 1354 per
1089 1275 1178 1335 tuam
1203 1269 1367 1336 euriomm
1392 1269 1471 1336 soler·

361 1381 451 1464 tiam,
468 1384 621 1461 tuumque
639 1376 852 1445 ministerium
868 1376 1049 1445 studiosum
1066 1377 1197 1444 honoris
1215 1375 1469 1463 etprosperitatis

360 1485 559 1571 multiplicis,
575 1485 648 1552 Deo
665 1485 806 1572 propitio
817 1537 826 1572 ,
852 1485 1038 1554 desiderata
1061 1483 1252 1571 provenient
1275 1485 1469 1552 incrementa.

358 1593 503 1677 Ideoque
533 1591 721 1660 discretioni
754 1601 807 1660 tue
832 1612 889 1677 per
915 1592 1107 1678 Apostolioa
1132 1593 1256 1677 soripta
1281 1593 1470 1677 mandamus,

358 1709 518 1788 quatenus
533 1700 653 1768 nostris
669 1705 701 1766 et
716 1700 905 1787 Apostolioe
921 1698 1016 1767 Sedis
1032 1699 1244 1784 beneplaoitis
1261 1702 1322 1767 sub
1338 1705 1469 1788 prompte

357 1809 552 1877 humilitatis
568 1808 675 1874 officio
685 1815 717 1874 te
727 1815 894 1894 coaptans,
912 1815 945 1873 et
959 1814 1144 1875 reverenter
1159 1806 1340 1893 suscipiens
1366 1807 1470 1892 inposi-

358 1925 427 1986 tum
442 1935 463 1983 a
478 1915 619 1983 Domino
634 1914 693 1982 tibi
719 1935 812 2002 onus,
830 1914 976 1982 eiusdem
1003 1913 1173 1983 ledrensis
1200 1915 1352 1983 Eoelesie
1377 1933 1470 1982 ouran

358 2023 532 2093 sollicitam
549 2042 662 2107 gerere
678 2022 822 2110 studeas,
834 2023 967 2108 eiusque
977 2042 1097 2090 vaeare
1108 2021 1307 2108 profectibus
1317 2043 1385 2090 non
1396 2023 1470 2090 omit·

357 2141 419 2218 tas,
435 2151 567 2217 gregem
583 2129 779 2196 dominicum
795 2137 850 2198 tue
865 2132 898 2196 in
915 2131 974 2197 illa
991 2128 1178 2197 discretioni
1194 2131 1401 2199 commissum
1425 2131 1468 2196 do·

358 2222 463 2307 dt'riua
479 2237 570 2306 verbi
586 2245 618 2304 et
633 2239 741 2324 operis
758 2236 984 2322 informand03
1001 2237 1049 2304 ita
1063 2237 1151 2322 quod
1176 2237 1327 2305 Eeolesia
1352 2257 1406 2325 per
1428 2244 1470 2301 luo

358 2345 526 2431 diligentie
542 2344 685 2414 studium
701 2345 929 2414 laudabilibus
953 2345 988 2411 in
1012 2343 1239 2430 spiritualibus
1264 2352 1296 2412 et
1320 2353 1468 2431 tempora·

356 2449 445 2522 libus
461 2454 504 2521 ad
520 2454 629 2520 Diuini
646 2453 793 2522 Nominis
809 2455 949 2538 gloriam
964 2453 1112 2540 proficiat
1127 2451 1352 2522 incrementis.
1364 2456 1468 2520 Datum

357 2562 453 2653 Apud
470 2559 734 2631 Urbemveterem
751 2563 839 2630 XIV.
856 2561 1016 2630 kalendas
1039 2563 1132 2650 Julij,
1148 2561 1358 2631 Pontifioatus
1383 2560 1470 2629 nostri

356 2691 445 2739 anno
467 2671 570 2739 tertio.

463 2779 511 2845 In.
528 2799 555 2844 e.
566 2798 608 2844 m.
626 2777 797 2844 Patrieohe
812 2777 985 2865 Gradensi,
1001 2777 1163 2844 uniuersis
1180 2777 1352 2846 dadrensis
1367 2776 1465 2843 Eeele-

356 2887 405 2955 sie
422 2885 655 2971 Suffrageneis,
672 2882 819 2972 Capitulo
835 2884 982 2953 Eoolesie
998 2885 1177 2970 Jadrensis,
1194 2887 1282 2952 olero
1299 2893 1330 2952 et
1357 2883 1467 2971 populo

357 2993 510 3060 Ciuitatis
526 2999 557 3058 et
575 2991 722 3060 Dioeesis
740 2989 920 3070 ledrensis
948 2990 1052 3058 nobili
1070 2991 1140 3058 viro
1166 2990 1249 3058 Duoi
1275 2993 1468 3072 Venetorum,

358 3108 391 3169 et
406 3099 565 3167 uniuersis
581 3099 753 3168 ledrensis
769 3099 917 3168 Eeelesie
935 3099 1095 3166 Vassalis.

357 3297 493 3364 (Theiner,
506 3297 609 3352 Vetera
619 3299 795 3350 Monumenta
806 3297 949 3350 slavorum
958 3296 1179 3350 Meridionnlium
1189 3297 1327 3349 historiain
1338 3295 1469 3347 illustram·

780 3389 829 3440 tis.
841 3388 865 3440 1.
879 3389 934 3440 ket
957 3385 1060 3453 1141.)
