3112 5158
657 957 709 1024 tt.

101 1153 165 1219 III.
183 1153 295 1216 Endre
314 1153 424 1236 kirtly
459 1101 703 1240 kelybmhaqua
722 1155 866 1240 Zttyomt
890 1156 1033 1220 Demeter
1058 1157 1230 1222 maternae

101 1257 273 1328 Chememte
290 1268 369 1327 neve
379 1261 491 1345 felda
515 1261 671 1348 tdrpyaed
695 1262 893 1347 edomdrtydt
918 1261 1035 1328 mittes
1062 1261 1230 1349 Stepeterwk

493 1367 542 1452 fia
557 1369 715 1434 szdmdra.
735 1367 831 1433 1293.

207 1565 276 1631 Nos
292 1562 440 1630 Andreas
451 1563 515 1630 Dei
525 1563 637 1646 gratia
648 1565 716 1629 Rex
727 1563 895 1646 Hungarie
905 1563 1058 1631 memorie
1069 1583 1230 1631 tommen-

102 1670 217 1738 dantes
235 1671 454 1754 significamus
471 1672 588 1753 quibus
605 1670 738 1758 expedit
763 1671 933 1755 vninereis,
961 1671 1046 1756 quod
1072 1671 1229 1755 Magister

103 1779 288 1846 Demetrius
304 1781 389 1845 filins
414 1777 545 1845 Nieolai
572 1778 612 1844 de
628 1777 741 1844 Zolom
768 1777 904 1846 dilectus
932 1785 964 1844 et
988 1776 1093 1844 fidelis
1121 1787 1230 1846 noster

104 1905 208 1952 eorem
235 1887 329 1953 nobis
353 1885 567 1969 personaliter
584 1885 800 1969 comperendo
818 1885 980 1968 quandam
1007 1891 1124 1954 terram
1152 1886 1248 1952 Che

102 2012 212 2058 merna
228 1999 389 2074 vocatam,
405 1992 601 2060 vicinantem
619 1999 702 2059 terre
718 1992 844 2058 Nicolai
855 1993 913 2076 filij
926 1991 1047 2076 Stepek
1058 1991 1229 2060 seruientie

103 2098 152 2163 sni
174 2099 324 2166 similiter
346 2099 523 2167 Chememe
540 2099 717 2186 nominate,
733 2100 767 2164 in
784 2100 891 2184 Lypto
912 2098 1113 2182 existentem,
1131 2118 1231 2182 quea

105 2204 344 2292 Stephanofilio
355 2243 399 2256 -
411 2243 450 2254 -
467 2248 505 2259 -
517 2216 549 2274 et
561 2244 599 2254 —
615 2243 653 2256 —-
667 2209 734 2274 tilio
744 2209 855 2274 Benne
867 2210 994 2275 ratione
1004 2207 1116 2274 mortis
1127 2207 1232 2274 Petris

106 2312 144 2378 de
160 2312 344 2381 Chonanka
360 2336 416 2402 par
434 2314 565 2382 eosdem
582 2314 743 2382 interfecti
760 2315 912 2382 extiterat
926 2314 969 2381 ad
980 2312 1118 2380 eundem
1129 2316 1231 2400 Magi-

116 2428 216 2488 strum
232 2425 431 2491 Demetrium
450 2423 610 2510 deuolute,
632 2424 723 2491 dedit
740 2431 771 2490 et
788 2423 1235 2509 eontulitexnostrapermis-

106 2530 193 2598 siene
211 2549 269 2596 een
284 2531 452 2600 voluntate
485 2530 588 2598 eidem
605 2531 744 2599 Nieolao
760 2553 818 2618 pro
842 2533 990 2616 seruitiis
1017 2538 1049 2597 et
1073 2530 1233 2599 famulati-

106 2635 163 2703 bus
179 2637 323 2704 eiusdem
341 2638 405 2705 sibi
422 2638 577 2725 impensis
594 2639 828 2726 perpetualiter
844 2637 1084 2724 possidendam.
1102 2638 1231 2704 Etcum

107 2752 268 2826 presentes
283 2744 378 2812 nobis
394 2752 558 2832 reportata
573 2746 702 2834 fuerint,
729 2753 876 2813 nestrum
902 2767 999 2832 super
1023 2745 1082 2812 hoe
1108 2745 1234 2828 priuile-

111 2851 195 2932 gium
211 2850 316 2918 eidem
333 2852 542 2919 conferemus.
561 2855 679 2918 Datum
698 2855 731 2920 in
748 2854 868 2938 Seepes
886 2854 919 2918 in
938 2852 1020 2920 festo
1038 2851 1232 2918 decollatio-

112 2956 160 3023 nis
175 2959 268 3024 Beati
285 2957 447 3026 Jehannis
462 2960 610 3046 Baptiste
627 2982 711 3028 anno
730 2961 859 3027 Domini
876 2959 996 3029 ΜὈΟ0
1022 2961 1233 3043 nonagesimo

111 3065 216 3130 tertio.

113 3257 221 3325 (Ugyan
232 3263 286 3314 111.
301 3261 393 3314 Endrs
407 3259 553 3328 kirdtynak
575 3264 692 3317 tanoni
711 3266 874 3330 megerb'sitd
899 3259 1141 3329 priviltgiurndbdi
1167 3265 1236 3315 mint

335 3348 417 3403 sltbb
435 3367 485 3414 ςιι
499 3349 665 3418 Okolesdnyi
679 3348 771 3405 nseitd
785 3348 996 3418 reverentem.)

566 3641 779 3650 n—--a—-u--n
