3112 5158
801 339 962 443 ..2⁶9-

319 531 457 603 beredes
473 533 649 603 eorundem
665 535 825 604 tenebitur
839 537 907 604 suis
924 531 1067 622 proprijs
1081 534 1248 604 laboribus
1265 540 1298 600 et
1324 547 1443 618 expen-

321 642 374 710 sis
390 641 429 708 In
446 641 536 710 cuius
551 643 599 709 rei
625 643 813 712 memoriam
838 651 1091 730 perpetuamque
1117 642 1301 709 firmitatem
1326 640 1371 732 ort
1396 639 1442 704 in·

322 747 481 815 stanciam
498 755 529 814 et
555 750 744 834 peticionem
771 749 914 818 ciusdem
939 749 1060 816 domini
1086 747 1444 818 Lectorismemorstis

323 854 454 923 domino
469 857 636 942 Prepesito
654 864 686 924 et
703 859 857 926 iratribus
875 857 1019 925 eiusdem
1037 865 1201 944 presentes
1228 854 1444 923 concessimus

323 961 450 1030 litteras
468 963 569 1048 sigilli
586 965 687 1032 nostri
704 965 878 1031 munimine
893 966 1073 1032 roboratos.
1101 967 1220 1032 Datum
1246 983 1307 1049 per
1332 981 1444 1031 munus

326 1069 469 1137 eiusdem
494 1069 614 1134 domini
641 1071 787 1137 Lectoris
812 1091 899 1137 anno
924 1070 1055 1138 Domini
1086 1067 1207 1135 M000⁶
1236 1069 1445 1151 nonagesimo

326 1183 452 1261 quarto.
465 1175 620 1256 Magistro
637 1176 793 1260 Gregorio
805 1175 956 1261 Custode,
967 1176 1116 1244 Jobannc
1128 1177 1271 1259 Decano,
1281 1173 1445 1259 Stepbnno

326 1289 360 1348 et
375 1282 497 1350 Jacobo
508 1279 691 1366 biugistris;
717 1283 872 1369 Nycolao,
886 1283 1023 1350 Lueusio
1033 1290 1066 1350 et
1082 1279 1446 1350 Andreosecerdotibus

329 1395 361 1455 et
375 1389 492 1456 ceteris
508 1387 680 1454 Garronicis
691 1389 915 1458 existentibus.

329 1585 469 1650 (Eredctis
478 1579 735 1649 biirbtirtysimrbrso
746 1589 821 1636 szicii
835 1583 1065 1651 selyomzsinbron
1080 1586 1162 1651 tuggo
1174 1581 1266 1652 peccet
1277 1583 1348 1635 niutt
1359 1603 1366 1649 ;
1376 1601 1391 1634 s
1402 1583 1447 1634 bn·

605 1669 652 1721 dni
666 1673 707 1722 trir
720 1672 843 1722 kunrnrui
855 1671 1035 1724 iovblts'rrbnn.
1049 1673 1182 1740 Gyenos.)

787 1957 867 1970 finnt—-
875 1957 998 1969 na*

862 2493 938 2564 tot.

335 2695 383 2762 Au
399 2696 466 2781 eprc'
490 2694 713 2780 bo'ptubrouck
738 2695 1023 2781 bizouysripieuole,
1048 2695 1131 2782 bopy
1155 2695 1277 2780 Roteqi
1308 2689 1459 2760 ibmtotu

336 2803 508 2867 Bctkribuu
524 2803 590 2867 Ie'ub
606 2801 747 2868 birtoku‘t
762 2802 830 2866 tb'bb
853 2803 1081 2870 serviens-coetu
1103 2801 1345 2888 adomb'nyoztc.
1363 2803 1459 2866 1294.

444 2995 602 3064 Omnibus
620 2997 739 3064 Christi
757 2996 906 3064 fidelibus
923 3004 989 3064 turn
1014 2997 1218 3083 presentibus
1234 3016 1331 3082 quum
1347 2995 1462 3064 suturis

336 3123 469 3190 presens
500 3105 654 3192 scriptum
681 3103 874 3190 inspecturis
906 3104 974 3191 Cap
1000 3137 1463 3154 --------

338 3247 381 3293 ·.·
397 3247 677 3261 -----
694 3211 727 3276 in
745 3212 886 3278 omnium
911 3212 1088 3280 salutatore.
1104 3210 1154 3278 Ao
1171 3211 1390 3278 uniuersorum
1407 3231 1465 3275 no-
1543 3291 1544 3294 Ἴ

338 3319 448 3386 tioium
465 3325 576 3385 tenore
593 3318 793 3405 presencium
810 3317 958 3386 nolumus
975 3321 1162 3405 peruenirc3
1180 3319 1264 3402 quod
1280 3314 1465 3384 Tumboldo
1543 3339 1544 3346 ¹

339 3425 404 3493 tilio
420 3423 591 3492 Tumbotdi
609 3427 650 3494 de
666 3425 770 3508 Bolug
786 3445 826 3490 ex
842 3445 905 3492 vna
920 3433 1034 3512 pcrtc;
1061 3427 1104 3492 ob
1123 3463 1161 3474 -
1182 3459 1222 3476 -
1239 3460 1283 3472 --
1303 3460 1340 3470 -
1360 3459 1402 3471 -
1425 3459 1464 3470 -

340 3567 829 3582 --------
854 3533 1016 3601 serviente
1043 3532 1188 3601 eiusdem
1204 3552 1262 3616 pro
1284 3513 1330 3619 se,
1349 3539 1382 3600 et
1405 3550 1469 3615 pro

339 3640 411 3726 ipso
427 3646 519 3725 putre
535 3659 604 3728 suo,
620 3660 727 3725 acpro
738 3641 843 3724 Petro,
855 3639 996 3728 Andreu,
1008 3647 1041 3708 et
1052 3641 1193 3727 Symonc
1209 3639 1366 3706 frutribus
1376 3637 1469 3719 suis;

339 3745 415 3814 item
432 3767 490 3833 pro
507 3745 655 3814 Jobunne
670 3745 738 3812 filio
754 3745 890 3832 predicti
918 3749 1002 3816 Petri
1030 3748 1139 3814 fratris
1165 3748 1215 3814 sui
1240 3781 1284 3794 -·
1303 3778 1342 3803 .-
1364 3781 1401 3792 -
1422 3779 1470 3791 -

342 3889 922 3904 ----------
948 3877 963 3922 s
989 3857 1136 3942 prefatus
1161 3851 1365 3920 Tumboldus
1391 3869 1468 3937 pro·

339 3961 449 4046 posuit
464 3961 540 4030 viva
555 3980 646 4048 voce,
664 3959 750 4046 qnod
765 3962 951 4048 porcionem
969 3983 1070 4048 snum,
1087 3981 1183 4046 qnam
1200 3961 1297 4029 babet
1322 3961 1356 4026 in
1378 3965 1472 4025 terro

341 4066 451 4136 Batlra
466 4087 525 4155 per
540 4067 646 4155 ipsum
657 4075 782 4156 patrem
800 4089 892 4137 suum
909 4067 1092 4156 requisitam,
1110 4087 1181 4136 cum
1193 4065 1355 4137 uniuersis
1370 4101 1406 4115 -
1423 4099 1471 4113 -
1542 4075 1543 4136 ἶ

342 4209 1278 4233 ----------------
1290 4176 1333 4241 nb
1344 4170 1476 4242 eisdem

341 4281 440 4352 certis
457 4283 549 4351 metis
580 4291 613 4350 et
638 4283 790 4371 antiquis,
816 4284 933 4370 quibus
959 4284 1029 4372 ipse
1056 4282 1261 4370 possedisset,
1284 4281 1326 4349 ob
1352 4279 1477 4350 moritu

341 4389 548 4459 sernioiornm
567 4389 671 4477 ipsius
686 4391 824 4477 Crispyn
840 4397 872 4459 et
887 4390 1028 4460 tiliorum
1045 4411 1176 4460 suorum
1186 4388 1399 4478 predictorum
1415 4387 1478 4456 de·

341 4495 454 4583 disset,
469 4505 502 4566 et
517 4497 705 4567 contulisset
731 4498 864 4585 eisdem,
882 4504 914 4566 et
929 4499 981 4568 sui
1009 4531 1408 4551 -------
1429 4531 1480 4546 -

348 4643 388 4655 -
411 4641 447 4656 ·-
471 4641 508 4654 -
538 4641 570 4653 —
605 4615 637 4676 et
662 4606 918 4676 irreuoenbiliter
943 4607 1077 4694 pacifico
1101 4603 1333 4695 possidendum
1357 4609 1387 4670 et
1416 4601 1482 4670 bu-
