3170 5166
815 329 976 428 jao

329 533 420 598 mina
436 529 551 597 relicta
566 527 716 613 Magistri
741 525 892 594 Ladizlai
917 529 1159 609 comparentes,
1193 523 1373 611 predictam
1392 545 1461 609 pos-

329 641 509 710 sessionem
525 639 656 706 Olmera
672 639 764 703 iuxta
774 635 1011 701 continenciam
1027 631 1278 720 priuilegiorum
1296 643 1329 700 et
1344 633 1458 699 instru-

329 755 512 816 mentorum
528 746 739 827 diucrsorum,
756 743 873 827 quibus
890 741 1111 807 mediantibus
1128 739 1264 807 candem
1283 743 1462 826 possessio-

328 877 402 923 nem
418 854 482 942 ipsi
493 854 648 935 Magistro
659 851 704 918 st.
720 848 909 932 deNogach
920 869 978 933 pro
995 848 1063 914 suis
1080 849 1227 933 seruicijs
1245 869 1305 933 per
1321 851 1459 919 eundem

328 964 522 1048 Magistrum
541 961 731 1026 Ladiziaurn
747 959 813 1024 iam
829 957 950 1024 dudum
967 957 1121 1024 collatam
1141 964 1173 1024 ct
1189 957 1343 1024 donatam
1361 960 1459 1027 fnisse

329 1069 531 1154 asserebant,
552 1068 612 1134 sub
627 1067 751 1133 eisdem
777 1066 873 1132 metis
889 1072 920 1131 et
937 1065 1105 1150 torminis,
1134 1066 1195 1132 sub
1212 1067 1330 1148 quihus
1346 1067 1457 1134 eadem

332 1179 495 1267 possessio
511 1197 568 1262 per
584 1175 722 1241 eundem
754 1174 945 1252 Magistrum
970 1171 1159 1239 Ladizlaum
1176 1180 1301 1258 patrem
1314 1173 1459 1244 diruto-

329 1285 447 1352 hannis
463 1282 577 1350 habita
593 1281 694 1348 fuisse
710 1279 889 1348 dinoscitur
915 1285 946 1345 et
961 1299 1126 1364 possessa,
1149 1280 1348 1364 reliquerunt
1364 1289 1397 1346 et
1413 1281 1458 1346 ds.

329 1395 487 1460 miserunt
502 1395 583 1476 'pure
595 1395 627 1454 et
637 1388 830 1474 simpliciter
842 1386 1007 1473 sepedicto
1024 1388 1179 1471 Magistro
1195 1389 1253 1473 St,
1271 1394 1303 1454 ct
1319 1409 1458 1472 percum

330 1500 398 1568 suis
414 1497 589 1565 heredibus
609 1495 830 1578 heredumque
855 1514 986 1561 suorum
1001 1495 1243 1563 successoribus
1255 1497 1331 1580 jure
1347 1517 1458 1582 perpe·

331 1617 387 1673 tuo
405 1603 639 1691 possidendam
654 1609 686 1668 ct
711 1601 914 1680 habendam
946 1603 994 1669 ita
1010 1609 1045 1670 vt
1061 1603 1184 1669 nullum
1206 1605 1263 1687 jhs
1279 1605 1332 1669 uel
1356 1601 1458 1670 domi-

332 1715 421 1780 nium
443 1711 527 1778 idern
539 1711 705 1778 Johannes
715 1728 774 1794 pro
785 1729 822 1776 se
838 1715 870 1775 et
886 1709 1017 1776 domina
1032 1715 1136 1776 matre
1151 1711 1185 1776 in
1203 1710 1317 1776 eadem
1333 1709 1397 1776 sibi
1414 1733 1458 1777 rc·

330 1819 482 1887 seruauit.
500 1821 719 1886 Instrumenta
735 1817 996 1904 nichylominus,
1023 1817 1140 1902 quibus
1157 1806 1378 1888 mediantibus
1394 1841 1457 1887 me-

330 1935 456 1995 morata
471 1927 639 2012 possessio
656 1925 782 2012 prefate
798 1923 926 1994 dominc
952 1947 1010 2012 pro
1035 1926 1112 1993 dote
1132 1947 1192 1993 sua
1207 1933 1240 1993 et
1255 1930 1350 1996 rebus
1367 1949 1458 2014 para·

330 2036 515 2103 farnalibus
531 2055 590 2121 per
602 2036 709 2120 ipsum
740 2035 932 2118 Magistrum
963 2033 1154 2102 Ladislaum
1186 2035 1335 2102 maritum
1367 2057 1458 2104 suum

331 2146 504 2229 assignata
520 2151 552 2212 et
567 2148 690 2210 statuta
705 2143 808 2210 fuisse
832 2141 1012 2229 dicebatur,
1029 2144 1063 2208 in
1079 2151 1235 2227 quantum
1251 2144 1324 2231 ipsa
1342 2145 1457 2212 instra·

330 2261 438 2320 menta
455 2251 634 2337 predictam
650 2251 888 2336 possessionem
913 2257 1072 2336 tangunt,
1104 2259 1257 2338 tanquam
1284 2273 1389 2340 cassa,
1408 2253 1457 2319 fri·

332 2361 407 2428 uota
423 2367 455 2426 et
471 2360 594 2444 inanya
609 2359 721 2426 haberi
738 2359 925 2437 uoluerant3
945 2359 991 2426 ita
1007 2367 1042 2427 rt
1057 2360 1240 2444 ubicunque
1256 2361 1330 2446 ipsa
1346 2362 1458 2429 instru-

331 2471 440 2532 mcnta
455 2487 512 2552 per
528 2469 634 2552 ipsam
660 2466 824 2534 dominam
850 2469 883 2534 in
901 2468 987 2535 facto
1020 2467 1104 2536 dotis
1121 2487 1177 2535 sne
1194 2474 1308 2535 contra
1324 2470 1456 2535 eundem

329 2575 522 2658 Magistrum
538 2575 736 2660 Stephanum
761 2575 961 2660 superfacto
988 2575 1073 2643 dicte
1098 2577 1314 2662 possessionis
1331 2575 1458 2644 Olmcra

331 2681 571 2769 exhiberentur,
588 2684 692 2751 lucem
709 2703 775 2749 non
792 2684 934 2750 habeant
943 2737 952 2772 ,
987 2692 1019 2750 et
1035 2685 1103 2753 suis
1128 2707 1186 2771 per
1201 2687 1311 2752 omnia
1327 2689 1457 2751 careant

330 2789 454 2857 viribus
472 2790 650 2874 firmitatis,
671 2799 704 2858 et
719 2791 853 2876 insuper
869 2791 982 2860 ecdem
999 2801 1106 2880 partes
1124 2815 1235 2863 omnes
1251 2797 1392 2881 litteras,
1408 2814 1458 2862 su-

331 2915 390 2982 per
406 2917 562 2981 processu
573 2897 734 2984 presentis
751 2919 848 2966 cause
864 2907 977 2968 contra
992 2903 1130 2969 inuicem
1147 2924 1249 2988 usquc
1265 2904 1309 2970 ad
1325 2920 1457 2990 presens

330 3004 488 3090 obtentas,
521 3027 580 3091 pro
604 3006 717 3091 sopitis
744 3012 777 3072 et
801 3007 953 3076 inanibus
986 3009 1199 3095 reliquerunt.
1231 3013 1354 3079 Datum
1369 3009 1456 3076 Bude

329 3111 466 3201 septimo
482 3112 537 3179 die
553 3113 788 3196 quindenarum
814 3115 908 3183 Beati
924 3117 1037 3186 Jacobi
1062 3121 1208 3206 Apostoli
1224 3141 1313 3188 anno
1329 3117 1458 3188 Domini

330 3219 504 3288 millesimo
524 3226 758 3291 trecentesimo.

330 3413 470 3484 (Eredetic
482 3417 658 3484 bb'rhrirtydn,
683 3438 701 3472 a
712 3419 895 3489 barna-strga
907 3423 1136 3488 selyamzsindron
1149 3421 1259 3492 tuggon
1280 3426 1372 3492 peccet
1384 3425 1455 3478 elva

579 3515 665 3577 suott;
679 3526 697 3562 a
709 3511 793 3563 budai
807 3513 858 3564 kir.
871 3514 995 3565 hamarai
1014 3513 1205 3582 lertlttrban.)
