3098 5172
116 1134 181 1206 ΙΙΙ.
199 1137 312 1204 Endre
341 1135 454 1226 cisely
487 1141 663 1225 nepotata·
693 1139 755 1206 IV.
786 1139 902 1207 Msslti
932 1141 962 1208 ὅσ
994 1140 1028 1212 V.
1054 1141 1168 1210 [storto
1193 1144 1242 1210 ki-

115 1245 295 1330 retyobnok
312 1247 536 1332 anystiszipeti
554 1246 777 1333 apdczoerirdo
792 1249 943 1334 cepetoelc
954 1251 1239 1337 adementastqtre

408 1355 580 1421 oouatkozt
599 1355 839 1423 stobodalmoit.
858 1356 955 1426 1295.

223 1547 374 1616 Andreas
391 1549 452 1616 Dei
467 1552 582 1636 gracia
596 1549 764 1636 Hungarie
779 1550 1244 1642 balnaeie,croaeie,1tane,

116 1655 239 1745 Seruis,
256 1656 406 1746 Gallicis,
421 1658 624 1748 Lodomerie,
641 1661 795 1728 Cumanis
819 1659 1037 1745 Bulgarieqne
1049 1663 1119 1727 Rex
1144 1661 1244 1728 omui·

117 1763 175 1831 bus
187 1762 307 1831 Christi
327 1763 474 1833 fidelibus
488 1773 655 1852 presentes
665 1767 791 1835 litteras
801 1767 998 1854 inspecturis
1009 1769 1146 1835 salutem
1162 1767 1196 1833 in
1208 1787 1246 1834 eo

117 1871 171 1954 qui
196 1870 341 1955 Regibus
366 1869 423 1938 dat
446 1873 595 1940 salutem.
622 1872 675 1939 Ao
700 1873 922 1942 uniuersorum
938 1865 1015 1940 'tam
1041 1875 1245 1958 presencium

117 1997 213 2062 qnam
245 1977 422 2046 futurorum
454 1981 608 2048 noticiam
634 1980 749 2048 harum
775 1981 858 2048 serie
882 1980 1029 2048 volumus
1054 1980 1245 2068 peruenire;

117 2083 202 2168 qnod
217 2083 279 2152 viri
297 2085 444 2171 religiosi
461 2085 562 2156 irater
577 2087 767 2156 Dominicus
783 2088 876 2155 Prior
891 2086 932 2155 (le
949 2085 1070 2156 Ordine
1094 2089 1245 2156 Fratrum

116 2191 366 2282 Predieatorum,
383 2203 414 2263 et
430 2194 532 2264 frater
546 2197 714 2266 Johauncs
730 2195 913 2264 Conuersus
929 2195 971 2265 de
987 2195 1101 2264 eodem
1117 2195 1242 2268 Ordine
1270 2267 1273 2272 ,

116 2307 305 2387 procurator
321 2302 509 2388 blonasterij
528 2302 570 2370 oe
585 2303 697 2372 Insula
714 2304 858 2390 Virginis
876 2304 1025 2372 Glorioso
1040 2302 1084 2371 ad
1099 2310 1245 2372 nostram

115 2407 309 2477 accedentes
325 2413 527 2496 presenciam
544 2411 759 2481 exhibuerunt
773 2411 868 2480 nobis
885 2409 1095 2500 priuilegium
1121 2411 1244 2480 domini

114 2514 266 2582 Ladialai
281 2517 422 2586 illustris
438 2521 539 2604 Regis
554 2519 700 2605 Vngaric
726 2519 838 2588 fratrir
863 2519 965 2589 nostri
995 2519 1163 2590 karissimi
1188 2540 1245 2606 pa·

113 2625 235 2708 eruatis,
252 2626 459 2710 priuilegium
477 2627 746 2696 confirmatorium
762 2627 886 2695 domini
901 2626 1060 2716 Stephani
1087 2629 1148 2696 Dei
1173 2649 1246 2712 gra·

113 2729 165 2797 eia
180 2733 282 2816 Regia
298 2733 465 2819 Hungarie
481 2736 650 2821 patrissui
673 2736 840 2804 karissimi
858 2736 964 2803 felicis
990 2734 1242 2821 recordacionis,

113 2856 211 2924 anper
226 2840 436 2909 relaxatione
452 2843 660 2912 collectarum
677 2845 899 2913 uniuersorum
911 2845 1101 2931 populorum
1112 2845 1242 2910 blonas·

112 2947 186 3033 terij
204 2947 351 3016 eiusdem
366 2949 511 3036 Virginis
529 2951 675 3020 Glorioso
693 2951 733 3022 de
752 2954 866 3020 Insula
890 2951 1010 3020 Sancte
1036 2951 1139 3017 Marie
1164 2969 1241 3016 eon·

110 3055 242 3143 lectum,
273 3062 423 3143 petentes
439 3078 460 3124 a
476 3059 570 3127 nobis
602 3081 675 3126 oum
706 3060 878 3142 instancia,
903 3067 938 3127 rt
961 3079 1022 3126 nos
1048 3060 1155 3146 ipsum
1181 3058 1245 3144 pri·

111 3163 269 3250 uileginm
301 3167 424 3237 domini
462 3169 562 3255 Regis
593 3168 742 3237 Ladizlai
768 3175 874 3236 ratum
906 3165 1046 3253 habere,
1072 3173 1104 3235 et
1132 3170 1242 3234 nostm

110 3272 324 3359 dignaremur
339 3277 515 3364 priuilegio
531 3279 732 3346 confirmare.
751 3277 849 3346 Ouios
865 3275 995 3363 quidem
1012 3273 1175 3362 priuilegij
1197 3280 1246 3341 te-

109 3401 174 3449 nor
188 3382 264 3452 talis
281 3391 350 3451 est:

221 3491 397 3560 Ladinlaus
413 3491 476 3562 Dei
492 3494 604 3579 grama
620 3491 788 3578 HungarIe
798 3492 860 3561 stb.
875 3491 946 3560 Rex
955 3491 1017 3560 eth.
1031 3488 1243 3582 (ktretkeaik

106 3597 166 3668 lv.
182 3600 298 3668 Lbszlb
313 3600 494 3686 kirtlynak
521 3600 657 3680 lare-‚ki
674 3599 913 3688 privilegiuma,
938 3599 1020 3668 mint
1042 3599 1140 3686 Fejbr
1162 3599 1244 3671 eoo.

106 3706 203 3795 Dipl.
220 3709 259 3776 V.
274 3708 343 3776 kot
361 3712 392 3776 2.
409 3729 435 3777 r.
450 3711 527 3778 443.
545 3705 582 3796 l.)

221 3814 290 3885 Nos
306 3817 407 3902 igitur
422 3819 573 3905 precihus
589 3818 748 3886 dictarum
773 3837 919 3886 sororum
944 3815 986 3884 de
1012 3815 1126 3886 Insula
1149 3814 1244 3886 nobis

103 3939 171 4007 per
187 3924 309 3992 dictum
326 3925 461 3994 fratrem
477 3925 684 3996 Dominicum
698 3925 846 3994 Priorem
863 3930 895 3994 et
910 3922 1042 3992 fratrem
1058 3923 1244 3994 iohannem

101 4051 304 4102 conuersum
314 4033 484 4123 porrectis,
494 4034 599 4122 iustis,
611 4033 764 4121 legitimis
773 4041 805 4102 et
813 4032 972 4102 modestis
981 4029 1243 4103 condescenden-

101 4147 158 4208 tes
171 4143 276 4228 Regio
292 4163 365 4214 com
382 4141 507 4232 fauore,
524 4143 646 4212 dietum
661 4143 870 4231 priuilegium
886 4139 1007 4210 domini
1025 4139 1171 4209 Ladinlai
1184 4143 1245 4210 Ite·

101 4249 159 4334 gis
177 4255 284 4318 ratum
300 4251 459 4322 habentes
476 4259 509 4320 et
525 4258 704 4340 acceptum,
720 4271 785 4320 non
801 4271 923 4339 rasum,
938 4269 1003 4318 non
1015 4249 1245 4334 cancellatum,

99 4377 169 4425 nec
189 4361 223 4427 in
241 4360 354 4448 aliqua
370 4361 420 4430 sui
436 4367 529 4449 parte
545 4361 711 4449 viciatum,
726 4359 770 4428 de
786 4361 885 4429 uerbo
901 4357 946 4427 ad
960 4357 1095 4426 uerbum
1110 4375 1245 4444 presen-

98 4469 198 4536 tibus
213 4467 350 4540 lecimos
367 4471 531 4558 annotari,
549 4475 581 4538 et
597 4491 654 4557 per
684 4469 929 4559 opposicionem
954 4464 1116 4556 dupplicis
1141 4463 1246 4551 sigilli

98 4583 211 4646 nostri
226 4575 377 4648 duximus
392 4578 628 4647 inuooaudum.
639 4579 760 4648 Datum
770 4597 828 4665 per
837 4595 954 4646 manus
967 4570 1168 4645 venerabilis
1186 4593 1243 4662 pa·

156 4715 228 4756 uror.
242 4715 327 4757 snus.
342 4717 419 4760 ner.
435 4725 479 4742 ···
494 4715 568 4756 nuru.
586 4709 625 4758 ta.
1038 4687 1079 4756 12
