3132 5162
107 1149 147 1215 Aa
161 1155 351 1238 scater-pomi
377 1153 605 1238 kdptaluucalc
634 1175 821 1241 opyouazoo
849 1155 1042 1238 epyeakadc'et
1072 1137 1253 1240 ἰαίνῃιακόΙ
1339 1207 1342 1211 .

465 1259 737 1346 bizmayedqleoele.
754 1261 851 1324 1291.

206 1433 373 1501 Uniuersis
388 1441 554 1531 presentes
580 1435 706 1504 litteras
732 1436 926 1522 inspecturis
958 1435 1142 1521 Capitulum
1168 1437 1222 1502 Ec·

105 1539 195 1606 clesie
212 1540 447 1623 strigoniensis
462 1545 601 1609 salutem
616 1543 652 1610 in
667 1545 806 1610 Domino
824 1544 1063 1630 sempiternam.
1080 1541 1133 1607 Ad
1157 1543 1225 1609 vni-

104 1665 262 1712 uersorum
303 1648 458 1715 noticiam
489 1657 600 1717 tenore
631 1649 832 1736 presencium
865 1651 1012 1717 volumus
1044 1649 1225 1734 peruenire,

103 1752 319 1836 significantes
335 1755 495 1822 uniuersis
521 1758 722 1841 presencium
750 1755 901 1823 noticiam
928 1755 1106 1836 habitune,
1138 1753 1223 1838 quod

102 1879 167 1925 oum
197 1861 280 1928 inter
309 1863 527 1929 venerabilem
546 1872 671 1947 patrem
697 1864 862 1931 dominum
888 1872 1031 1931 nostrum
1057 1863 1223 1930 dominum

99 1965 320 2032 lodomerium
338 1967 550 2036 miseracione
567 1971 689 2036 Diuina
715 1971 1002 2055 Archiepisoopum
1028 1971 1223 2053 Strigonien·

98 2093 163 2139 sem
179 2075 309 2139 nomine
325 2074 471 2158 Magistri
488 2076 608 2142 Thorne
624 2077 782 2161 Prcpositi
801 2077 913 2143 Sancti
929 2077 1051 2144 Thomu
1078 2077 1221 2145 Martiris

96 2178 135 2245 de
152 2181 378 2247 Promontorio
389 2181 615 2264 Strigoniensi,
627 2185 762 2249 scolaris
778 2183 936 2268 Paduani,
956 2190 987 2248 et
1004 2183 1148 2270 Capituli
1160 2185 1224 2250 loci

8 2328 10 2335 ,
96 2287 240 2353 eiusdem
258 2309 298 2353 ex
315 2309 380 2353 una
396 2295 499 2372 parte,
531 2297 562 2354 et
590 2289 790 2356 Conuentum
815 2289 1041 2373 religiosarum
1067 2311 1222 2378 persona·

93 2413 161 2459 rum
178 2413 326 2461 sororum
342 2393 529 2476 lllonasterij
548 2395 668 2461 Sancto
684 2396 784 2461 Marie
800 2395 841 2462 de
856 2397 969 2462 Insula
986 2397 1077 2461 iuxta
1094 2395 1219 2463 Budam

93 2518 132 2562 ex
150 2501 269 2582 altera,
285 2519 383 2586 super
399 2501 573 2566 medietate
600 2500 711 2566 tributi
735 2503 798 2568 fori
824 2501 864 2568 de
889 2503 996 2568 Veteri
1021 2504 1107 2589 Pest,
1126 2523 1221 2585 qoam

90 2625 130 2669 ex
157 2605 344 2672 collacione
368 2606 472 2674 felicis
497 2607 735 2676 recordacionis
763 2611 924 2692 quondam
950 2608 1090 2676 Emerioi
1123 2609 1222 2691 Regis

89 2712 264 2796 Hungarie
280 2721 466 2797 competere
496 2715 559 2782 sibi
587 2716 725 2799 dicebat,
758 2717 903 2801 predicte
936 2717 1080 2782 Ecclesie
1111 2715 1223 2781 Sancti

89 2818 232 2904 Thome,
248 2821 340 2886 ouius
359 2821 501 2888 [loclesie
517 2821 560 2885 cd
576 2821 678 2907 ipsius
706 2821 828 2889 domini
853 2823 952 2888 nostri
979 2819 1223 2906 Archiepisoopi

88 2924 353 2991 sollicitudinem
395 2927 585 3010 pertinentis
612 2931 875 3011 procuracionem
901 2929 971 3012 ipse
999 2929 1082 3011 gerit
1115 2927 1223 3010 quoad

86 3051 242 3117 presens,
259 3033 398 3116 primum
415 3051 523 3098 coram
540 3035 629 3118 Rege
645 3034 800 3102 Ladizlao
820 3036 975 3118 Vegetio,
1004 3041 1034 3098 et
1063 3053 1148 3099 nuno
1174 3053 1221 3098 co-

83 3157 155 3202 ram
175 3137 320 3205 Andrea
337 3139 397 3206 Dei
414 3140 527 3222 gracia
544 3143 645 3224 Regni
674 3143 840 3227 [longerie
865 3144 953 3224 Rege
977 3139 1107 3228 illustri,
1132 3145 1222 3206 mota

83 3244 208 3312 fuisset
227 3245 368 3312 materia
383 3247 572 3332 questionis,
590 3255 621 3314 et
637 3249 710 3333 ipsa
726 3251 852 3334 questio
878 3249 994 3315 luisset
1019 3247 1221 3330 aliquamdiu

78 3355 265 3440 uentilata,
283 3363 314 3420 et
331 3353 532 3440 postmodum
549 3376 608 3442 per·
634 3358 772 3422 cundem
801 3357 964 3422 dominum
991 3362 1136 3422 nostrum
1163 3355 1221 3420 Ar-

79 3461 355 3548 chiepiseopum,
372 3469 404 3528 ct
419 3463 537 3527 fratres
564 3463 720 3545 Vgrinum
745 3461 847 3529 filium
873 3463 1013 3530 Parasth
1040 3453 1222 3547 degenere

74 3567 192 3655 Chak,
217 3569 416 3652 Gregorium
435 3569 613 3655 Lectorem,
630 3569 767 3636 Paulum
793 3577 825 3636 et
850 3568 1011 3636 Bricoium
1037 3569 1076 3636 de
1102 3571 1223 3639 Ordine

74 3671 246 3742 Fratrum
261 3675 514 3760 Predicatorum,
530 3676 674 3761 ipsarum
690 3677 917 3759 religiosarum
935 3696 1081 3742 sororum
1109 3697 1222 3761 procu·

71 3791 220 3850 ratores
257 3783 413 3865 legaliter
444 3785 629 3865 institutos,
660 3791 692 3850 et
717 3785 757 3851 de
790 3783 1023 3850 ratihabioionc
1050 3780 1223 3850 earundem

65 3892 391 3961 sanctimonialium
423 3893 575 3960 mandato
602 3893 775 3981 sufficienti
803 3893 962 3978 munitos,
995 3892 1029 3956 in
1055 3908 1223 3976 personam

66 3999 242 4067 ciusdem
263 4000 386 4066 domini
403 4001 505 4066 nostri
522 4001 654 4068 Andree
680 4003 790 4087 Regis,
818 4003 876 4066 sub
903 3999 1112 4085 apposicione
1138 4005 1223 4064 certe

63 4131 155 4196 pene
176 4108 397 4196 pecuniaria,
424 4129 520 4191 quarn
547 4130 624 4194 pars
648 4131 713 4176 non
739 4114 914 4192 acceptans
939 4107 1066 4174 soluere
1092 4103 1224 4172 deberet

61 4221 159 4303 parti
180 4215 371 4283 arbitrium
388 4217 580 4302 acceptanti,
610 4237 649 4281 ex
676 4223 814 4299 utraque
841 4223 934 4300 parte
959 4212 1223 4299 compromissum

57 4325 217 4410 fuisset3
243 4322 381 4388 tandem
400 4323 688 4408 utriusquepartis
707 4322 931 4389 instrumentis
942 4341 1049 4388 eoram
1061 4319 1225 4405 deputatis

57 4457 77 4498 a
93 4432 267 4498 domino
283 4435 392 4496 nostro
409 4431 498 4513 Rege
513 4428 652 4496 Prelatis
669 4437 700 4496 et
717 4429 910 4514 Beronibus,
927 4428 1053 4494 iusticie
1079 4427 1223 4494 zelatori-

54 4543 131 4627 bus,
152 4541 261 4606 hino
278 4533 356 4602 inde
373 4535 526 4604 exhibitis
542 4538 639 4621 plene
656 4536 818 4620 perlectis,
844 4534 1017 4619 diligenter
1028 4533 1225 4600 examinatis

51 4655 84 4716 et
101 4647 275 4736 plenius
291 4640 476 4727 intellectis,
503 4650 579 4710 ante
605 4649 755 4708 euentum
780 4641 905 4725 arbitrij
934 4639 1005 4706 siue
1035 4637 1128 4706 laudi
1153 4659 1224 4723 pro·

96 4783 233 4823 nomn.
258 4777 348 4815 ause.
366 4775 435 4812 erun.
455 4789 492 4800 -
512 4777 583 4812 orer..
603 4770 641 4814 le.
1096 4747 1117 4812 4
