3132 5162
802 205 960 304 *ea-

318 399 439 466 obitum
456 401 542 466 bone
558 397 710 466 memorie
726 398 762 463 L.
780 396 951 466 Jadrensis
967 396 1213 483 Archiepiscopi
1237 397 1381 482 pastoris
1398 417 1443 464 so·
1540 469 1541 475 ,

316 503 396 570 latio
413 502 578 587 destituta,
593 502 778 588 Capitulum
794 503 897 588 ipsius
912 505 1057 570 Ecclesia
1083 523 1142 588 pro
1168 503 1268 570 futuri
1293 504 1442 572 substitn·
1540 489 1541 504 ¹

316 611 401 678 tione
410 611 550 696 pastoris
560 619 780 678 convenerunt
796 610 948 694 inunum,
961 617 993 677 et
1009 629 1079 676 curn
1090 608 1222 676 tandem
1241 611 1391 677 nonnulli
1404 631 1441 677 err

318 717 414 786 dictis
433 717 581 802 Capitulo
598 718 790 801 Magistrum
808 717 973 784 Andrean
991 717 1133 800 Oapsoni
1158 717 1359 784 Canonicum
1384 718 1441 782 Ec·

317 825 419 890 clesie
433 823 588 889 Paduane
603 822 637 889 in
653 822 848 890 Jadrensem
863 821 1154 909 Archiepiseopnm
1180 822 1369 907 elegissent,
1397 843 1444 888 re·

317 929 398 1015 liqui
414 930 456 998 ad
473 931 693 998 venerabilem
710 931 842 998 fratrem
868 935 1011 998 nostrum
1028 983 1035 998 .
1053 979 1060 997 .
1077 979 1084 994 .
1112 928 1314 998 Gradensem
1339 928 1442 995 Patri-

318 1037 460 1123 arcbam,
475 1037 539 1104 loci
556 1039 764 1125 superiorem,
781 1039 823 1104 ab
840 1037 997 1104 electione
1013 1036 1196 1104 huiusmodi
1214 1037 1440 1120 appellarunt;

317 1164 426 1211 coram
443 1163 507 1227 quo
523 1144 716 1227 aliquandiu
732 1145 862 1229 negotio
877 1143 1061 1211 huiusmodi
1080 1144 1247 1229 ventilato,
1266 1163 1326 1209 nos
1342 1142 1379 1207 in
1406 1163 1441 1209 eo

319 1251 523 1337 postmodum
540 1271 601 1337 per
617 1252 872 1338 appellationem
882 1252 925 1319 ad
936 1251 1054 1319 Sedem
1065 1251 1287 1335 Apostolieam
1298 1247 1443 1332 legitime

318 1359 470 1426 devoluto
487 1358 641 1426 dilectum
657 1359 756 1426 lilium
776 1366 918 1427 nostrum
935 1361 960 1424 I.
979 1357 1062 1424 tituli
1078 1357 1199 1424 Sancte
1214 1355 1336 1424 cecilie
1351 1357 1442 1422 Pres-

319 1467 457 1533 biternm
474 1465 680 1536 cardinalem
696 1466 916 1534 concessimus
930 1465 1079 1552 partibus
1095 1464 1296 1531 Auditorem.
1323 1461 1443 1529 Verum

318 1579 435 1658 postea
450 1573 537 1642 idem
553 1575 708 1658 Magister
723 1572 883 1660 Andreas,
900 1573 1032 1658 cupiens
1049 1592 1106 1640 sue
1132 1571 1306 1658 prouidere
1331 1569 1445 1652 quieti,

315 1679 389 1768 iuri,
405 1680 434 1748 si
451 1679 535 1764 quod
550 1681 612 1746 sibi
629 1682 663 1746 in
680 1681 841 1749 electione
856 1679 1042 1747 huiusmodi
1066 1678 1218 1746 extiterat
1233 1676 1439 1762 acquisitum,

261 1853 266 1860 .
316 1787 352 1853 in
367 1790 487 1856 nostris
501 1791 651 1857 manibus
668 1791 867 1858 renuntiavit
882 1807 1043 1876 expresse.
1059 1787 1129 1855 Nos
1140 1787 1250 1870 itaque
1261 1784 1445 1852 huiusmodi

315 1897 553 1964 renuntiatione
569 1905 709 1984 recepta,
729 1897 773 1963 ad
797 1897 1014 1982 provisionem
1040 1895 1142 1980 ipsius
1160 1893 1305 1960 Ecclesia
1322 1895 1443 1959 saluta-

317 2024 384 2070 rem
401 2003 510 2070 debita
525 2005 664 2072 solercia
690 2013 940 2090 consurgentes,
966 2013 999 2070 ut
1025 2005 1130 2088 ipsam
1154 2007 1337 2068 avertamus
1355 2019 1378 2066 a
1402 1997 1447 2064 di·

317 2111 472 2198 spendiis,
490 2131 552 2194 que
568 2113 675 2180 solent
692 2113 848 2180 Ecclesiis
864 2133 904 2179 ex
920 2111 1093 2180 vacatione
1110 2110 1235 2177 diutina
1265 2107 1447 2194 provenire,

318 2220 350 2286 in
366 2225 399 2284 tc
411 2218 623 2304 professorem
642 2220 774 2288 Ordinis
801 2222 951 2288 Fratrum
976 2219 1149 2304 Minorem,
1176 2237 1281 2304 quem,
1307 2223 1343 2283 ut
1366 2215 1448 2282 fide·

318 2324 489 2410 dignorum
505 2328 689 2396 testimonio
706 2329 866 2395 laudabili
882 2328 1078 2413 accepimns,
1088 2328 1267 2418 uirtuosurn
1276 2323 1452 2410 predicant

318 2433 440 2499 fluenta
457 2432 611 2500 virtutum
635 2455 674 2500 ac
698 2435 794 2502 titulo
826 2437 928 2502 multe
954 2433 1249 2518 circumspectionis
1275 2431 1451 2515 extollunt,

318 2540 428 2606 oeulos
445 2539 621 2608 direximus
637 2550 746 2610 nostre
762 2543 890 2610 mentis.
907 2539 1115 2627 Quapropter
1132 2547 1301 2625 sperantes
1326 2539 1361 2605 in
1387 2541 1453 2604 Do.

316 2648 414 2733 mino,
432 2649 518 2730 quod
535 2669 591 2732 per
606 2649 818 2717 ministerium
836 2657 888 2717 tue
905 2651 1034 2717 virtutis
1050 2649 1085 2715 in
1101 2650 1212 2716 multis
1229 2654 1401 2733 expertum
1419 2653 1456 2712 et

317 2755 518 2837 experientia
542 2759 786 2841 comprobatum
811 2757 940 2842 prelata
964 2757 1114 2824 Ecclesia
1138 2756 1171 2822 in
1198 2754 1454 2842 prosperitatem

319 2869 490 2945 consurget
507 2869 662 2947 optatam,
688 2868 720 2929 et
747 2863 882 2932 brachio
906 2869 960 2930 tue
986 2863 1217 2931 consolationis
1249 2861 1393 2928 subnixa
1419 2857 1455 2924 in
1544 2891 1545 2956 p

316 2967 541 3052 spiritualibus
558 2977 589 3036 et
605 2971 848 3056 temporalibus,
863 2978 993 3037 auctore
1010 2970 1161 3054 Domino,
1179 2969 1283 3054 gratis
1300 2967 1458 3053 proficiet
1544 2969 1545 3060 l

316 3077 538 3162 incrementis;
555 3083 586 3143 te
603 3077 666 3162 ipsi
698 3079 845 3144 Ecclesie
871 3077 911 3144 de
936 3077 1073 3144 fratrum
1099 3083 1283 3144 nostrorum
1308 3073 1456 3142 consilio

313 3183 498 3268 preficimus
524 3185 558 3250 in
595 3185 882 3270 Archiepisoo'pum
914 3194 947 3251 et
978 3193 1152 3270 pastorem,
1186 3191 1240 3250 tue
1271 3181 1457 3268 prudentie

314 3309 424 3358 euram
442 3300 474 3358 et
490 3289 805 3358 administrationem
822 3290 926 3377 ipsius
942 3291 1166 3376 temporaliter
1182 3297 1214 3358 et
1230 3289 1460 3376 spiritualiter
1544 3295 1545 3384 l

315 3399 551 3482 committendo,
567 3399 771 3481 postmodum
788 3398 847 3466 tibi
867 3400 907 3465 de
924 3399 1043 3467 nostris
1061 3401 1210 3466 manibus
1226 3416 1362 3466 munere
1376 3417 1460 3465 con·

317 3505 509 3572 sacrationis
536 3505 693 3589 impenso.
710 3508 873 3589 Rogamus
899 3509 1011 3592 itaque
1035 3507 1273 3574 fraternitatem
1299 3511 1396 3572 tuam
1427 3512 1464 3572 et
1544 3491 1545 3574 ἶ

314 3613 480 3679 hortamur
496 3613 529 3679 in
546 3613 695 3692 Domino,
713 3635 771 3699 per
787 3614 977 3699 Apostoliea
993 3616 1118 3700 scripta
1135 3611 1341 3698 mandantes,
1373 3633 1465 3696 qna·

313 3729 406 3788 tenus
436 3741 547 3788 curam
580 3728 611 3788 et
641 3721 953 3790 administrationem
985 3723 1090 3808 ipsius
1106 3720 1254 3788 Ecclesia
1284 3725 1341 3786 tue
1370 3723 1463 3790 fide·

312 3831 399 3896 litati
429 3830 618 3897 commissas
649 3829 831 3912 devoteque
858 3839 1027 3916 susceptas
1044 3831 1091 3897 sic
1109 3829 1286 3914 prudenter
1310 3829 1465 3900 studeas
1544 3851 1545 3886 1

315 3927 457 4024 gerere,
481 3938 689 4022 ipsarumque
721 3957 801 4005 onus
827 3937 1019 4022 prudentius
1045 3942 1259 4024 supportare,
1292 3938 1390 4018 quod
1429 3941 1467 4006 in

312 4066 411 4132 grege
436 4047 495 4114 tibi
520 4045 640 4112 tradito
656 4046 779 4115 fructus
810 4047 1005 4131 multiplices
1036 4046 1086 4111 illi
1103 4048 1187 4112 bono
1204 4043 1330 4128 pastori
1360 4069 1467 4117 acee-

313 4163 405 4240 ptos,
435 4155 489 4238 qui
514 4154 571 4220 dat
601 4153 789 4239 affluenter,
823 4160 855 4220 et
871 4173 935 4220 non
966 4155 1174 4240 improperat,
1200 4151 1320 4236 quique
1357 4163 1470 4228 actus
1544 4189 1545 4232 ι

313 4263 374 4330 sibi
405 4259 552 4348 placidos
579 4261 690 4346 dirigit
716 4263 749 4327 in
783 4261 869 4328 viam
894 4262 1010 4328 salutis
1038 4269 1167 4347 eterne,
1199 4259 1234 4326 id
1259 4261 1309 4328 sic
1335 4265 1471 4334 effica-
1544 4315 1545 4348 ι

311 4370 389 4436 citer
419 4369 567 4454 supernis
600 4368 728 4438 adiutus
769 4367 901 4437 auxiliis
943 4369 1156 4456 impleturus,
1183 4369 1270 4453 quod
1306 4374 1471 4454 proinde
1544 4381 1545 4434 1

311 4499 376 4546 una
393 4497 465 4546 cum
482 4479 545 4545 tuis
560 4476 700 4546 subditis
718 4477 874 4546 merearis
901 4498 973 4546 cum
1000 4479 1114 4546 electis
1130 4479 1164 4544 in
1190 4476 1341 4546 districto
1376 4501 1472 4552 exa·
