3112 5158
566 249 727 367 ..tm

84 449 367 542 molendynarium
393 453 540 522 eiusdem
564 450 782 534 venerabilis,
796 451 903 538 patris
928 451 1049 521 domiui
1073 442 1218 539 Auchyess

84 563 214 648 piscupi,
232 562 316 629 inter
331 561 470 628 macella
487 559 528 625 de
544 559 713 644 strigonio
745 559 935 644 macellarij
961 581 1019 628 seu
1044 560 1213 626 carnifices

84 669 320 753 strigonienses
345 668 379 732 in
395 687 476 734 naso
493 667 668 735 orribiliter
683 666 904 750 uulnerarunt,
924 672 956 732 et
985 667 1090 750 ipsum
1116 664 1212 752 Capi-

82 779 177 844 tulum
196 776 419 860 strigoniense
452 773 493 840 de
518 773 742 859 subponendis
767 773 1005 840 sustentaculis
1028 773 1212 840 deambulo-

83 885 150 969 torij
170 882 294 970 pelaeij
327 880 458 948 domiue
490 877 611 968 Zouye,
629 881 715 963 quod
732 888 782 946 est
798 863 900 962 ipsius
927 877 1079 965 Capiluli,
1109 877 1207 964 ijdem

85 989 186 1059 Jnden
203 996 234 1056 et
250 987 346 1055 Ciues
363 989 423 1053 lite
441 985 601 1072 pendente
617 986 853 1071 prohibuerunt
871 993 1094 1073 procuratores
1122 987 1214 1073 Capi-

85 1097 124 1164 uli
137 1096 371 1182 potencialiter
387 1095 604 1178 insurgentes.
621 1093 779 1158 Preterea
795 1095 909 1160 Comes
919 1093 1115 1180 Kunklynus
1127 1095 1215 1162 Ciuis

86 1205 319 1288 strigoniensis
335 1203 545 1288 Lamperlum
563 1201 770 1284 iobagionum
789 1200 937 1266 Ecclesie
953 1200 1065 1266 Saueti
1091 1201 1214 1270 Thome
1232 1237 1236 1244 ·

88 1312 228 1379 martiris
244 1311 285 1378 de
303 1310 526 1376 Promontorio
553 1307 768 1390 strigoniensi
794 1313 909 1374 eontra
933 1309 1118 1376 libertatem
1146 1332 1214 1396 pre-

88 1422 171 1487 dicte
187 1419 340 1486 Eeelesie
356 1417 470 1486 saneti
487 1418 610 1484 Thone
627 1415 816 1502 captiuauit,
843 1416 983 1483 eundem
1007 1437 1122 1484 nouem
1149 1417 1213 1484 die·

90 1531 148 1596 hus
164 1535 196 1594 et
213 1527 350 1594 totidem
367 1526 512 1592 noctibus
539 1525 571 1590 in
596 1544 656 1590 suu
682 1523 877 1608 captiuitate
903 1521 1094 1610 detincud03
1120 1531 1213 1609 prout

88 1636 144 1702 hee
160 1635 270 1702 omnia
288 1633 403 1700 etalio
419 1653 517 1717 quam
534 1632 675 1716 plurima
691 1631 892 1716 graucmina,
920 1650 982 1712 que
1008 1632 1211 1714 presentibus

88 1749 218 1828 propter
243 1738 448 1826 disperidium
467 1759 532 1804 non
557 1739 761 1822 inseruimus,
786 1736 928 1804 fidelium
954 1743 1135 1802 nostrorum
1160 1738 1204 1806 ad

89 1851 146 1914 hoe
160 1849 350 1936 specialiter
366 1848 615 1934 deputatorum
632 1847 787 1912 videlieet
811 1845 940 1912 disereti
979 1844 1040 1910 riui
1066 1846 1215 1928 Magistri

88 1957 255 2042 Demetrij,
273 1957 431 2024 Albensis
448 1956 592 2021 Ecclesie
609 1952 775 2040 Oarrooiei,
791 1953 891 2019 nostri
916 1939 1088 2018 familiaris
1104 1961 1135 2020 et
1145 1973 1216 2040 spe·

88 2066 181 2132 eialis
211 2065 330 2148 eleriei,
363 2070 395 2129 et
411 2064 543 2130 Comitis
559 2063 645 2128 Petri
662 2062 782 2147 syculi,
800 2082 857 2128 uec
872 2082 935 2128 non
953 2061 1111 2147 stephani
1126 2082 1213 2148 pres·

89 2173 180 2240 elueri
212 2171 385 2257 Capeliani
411 2170 512 2236 nostri
537 2170 683 2236 ueridica
707 2168 829 2236 relacio
852 2168 1026 2257 patefecit,
1051 2189 1091 2235 ae
1116 2171 1215 2236 etiam

88 2281 249 2366 speciales
265 2279 360 2346 nobis
377 2279 476 2346 misse
491 2277 646 2344 Albensis
678 2283 710 2346 et
724 2275 885 2343 Bullensis
916 2275 1149 2364 Capitulorum,
1181 2286 1213 2344 et

88 2387 236 2471 llsgistri
253 2405 293 2452 ae
309 2385 495 2453 Conuentus
511 2385 747 2452 Crucilerorum
772 2385 895 2450 Domus
923 2384 1107 2469 Hospitalis
1132 2383 1212 2451 sau-

88 2496 130 2560 cti
154 2494 255 2578 Regis
270 2493 428 2580 stephani
445 2491 486 2559 de
511 2492 675 2578 strigonio
702 2489 920 2558 demandato
945 2498 1055 2558 nostro
1080 2492 1215 2578 speciali

88 2602 299 2686 inquisitorie
329 2601 439 2668 littere
470 2599 731 2668 manifestissime
760 2601 889 2686 plenam
922 2599 1015 2665 fidem
1047 2599 1216 2684 facientes,

87 2707 306 2778 declararunt.
340 2708 407 2776 Nos
434 2709 533 2794 igitur
563 2709 804 2776 venerabilibus
839 2707 985 2794 patribus
1016 2717 1049 2776 et
1078 2707 1216 2775 dominis

88 2815 221 2885 Andree
237 2813 419 2902 Agriensis,
437 2817 612 2884 Benedicto
644 2814 915 2902 wesprimiensis,
939 2815 1042 2882 Paulo
1067 2813 1215 2898 Quinque

87 2922 309 3010 ecelesiensis,
341 2923 517 2990 Benedieto
534 2924 619 2991 Albe
644 2923 825 3008 Bulgariee,
853 2931 884 2990 et
909 2923 1003 2990 Hasb
1036 2923 1216 2991 Wueiensis

85 3027 215 3097 Diuina
225 3029 419 3116 disponente
432 3029 606 3098 elementia
621 3031 836 3098 Ecclesiamm
849 3029 1028 3114 Episcopis;
1046 3031 1216 3098 Dominieu

80 3137 245 3221 Magistro
262 3139 528 3208 Tawarnieouum
545 3145 737 3223 nostrorum,
755 3137 911 3203 Ludiulao
937 3135 1092 3220 Magistro
1117 3139 1203 3226 Depi

80 3245 230 3312 ferorum
246 3254 440 3334 nostrorum,
459 3246 623 3335 Stephano
650 3246 717 3314 filio
742 3247 850 3332 Erney
876 3243 1031 3330 Magistro
1056 3245 1213 3314 Tauomi·

78 3373 199 3420 eornm
216 3351 347 3422 domine
371 3354 494 3438 Regine
521 3354 695 3422 karissime
718 3353 876 3422 consortis
903 3359 1024 3440 nostre,
1050 3353 1216 3440 Lsdyzlao
1332 3381 1336 3389 ¹

79 3462 153 3528 lilio
173 3461 306 3528 Lucaeh
332 3461 487 3545 Magistro
512 3453 763 3530 Tanamicorum
789 3459 919 3528 domine
944 3461 1002 3528 Th.
1020 3463 1079 3528 Dei
1105 3467 1216 3547 gracia

77 3569 219 3654 Regine
250 3568 387 3637 senioris
403 3569 518 3637 matris
535 3579 654 3656 nostre,
672 3578 705 3636 et
721 3569 795 3637 aliis
812 3591 908 3654 quam
924 3569 1071 3656 pluribus
1082 3571 1215 3638 Baroni·

76 3675 143 3743 bus
163 3682 202 3744 et
217 3675 381 3744 nobilibus
397 3676 501 3761 Regni
517 3679 627 3762 nostri,
653 3684 686 3744 et
711 3677 899 3762 specialiter
925 3678 1099 3745 assistente
1123 3681 1216 3748 nobis

74 3784 207 3852 eadem
223 3782 356 3851 domina
371 3781 599 3872 Th(omasiua)
617 3786 744 3870 Regina
761 3785 889 3870 seniori,
915 3785 1090 3854 karissima
1115 3793 1216 3854 matre

73 3899 215 3978 nostra,
233 3890 423 3976 eisdemque
438 3892 551 3978 semel,
576 3893 718 3960 seeundo
735 3901 767 3960 et
782 3893 892 3978 tercio,
909 3893 1118 3979 pluribusque
1143 3913 1216 3960 con·

72 3999 183 4067 sultis
206 3997 344 4084 uicibus,
369 4020 409 4066 err
427 4000 571 4086 ipsorum
589 4001 730 4067 omnium
762 4003 908 4087 consiliu,
940 4002 1155 4070 couniueueia
1186 4009 1218 4070 et

69 4125 260 4192 consensu,
279 4125 320 4172 ex
336 4105 503 4174 euidenter
518 4106 601 4175 falsa
621 4115 652 4175 et
668 4109 781 4192 iniqua
796 4110 990 4194 prelatorum
1007 4109 1126 4176 ciuium
1152 4116 1215 4176 tur-

71 4216 203 4280 batina
222 4211 473 4298 inquietaeione,
504 4212 607 4282 dioloe
632 4215 851 4283 venerabilem
878 4223 1000 4301 patrem
1018 4215 1216 4300 Capitulum·

66 4344 134 4406 qne
154 4341 274 4407 suum,
300 4321 503 4406 Propositum
521 4329 553 4388 et
578 4319 757 4388 Ecclesium
783 4321 894 4388 sancti
920 4320 1054 4400 Therme,
1079 4343 1160 4406 pure
1184 4331 1216 4388 et

69 4427 285 4516 simpliciter
296 4427 447 4496 duximus
457 4427 695 4515 absoluendos;
710 4429 789 4515 ipsis
800 4428 926 4497 ciuibus
941 4447 1038 4514 super
1047 4428 1215 4514 premissis

67 4557 195 4606 eornm
218 4533 437 4618 inquietatiua
453 4536 648 4622 turbarione,
666 4543 731 4602 tam
758 4537 792 4604 in
824 4537 1033 4625 possessorio,
1061 4555 1156 4622 quum
1181 4536 1215 4602 in
