3132 5162
759 307 919 405 go*

275 501 363 585 quod
387 497 545 576 accedens
562 500 607 566 ad
627 491 769 568 dostram
780 503 984 588 presenciam
996 497 1305 568 ComesHerbordus
1320 499 1403 568 lilius

274 609 434 675 Herbordi
452 610 624 693 degenere
641 608 699 675 Osl
716 617 863 676 anostra
887 610 987 696 pecijt
1013 611 1201 695 Maiestate,
1224 615 1259 672 ut
1275 607 1402 693 priuile-

274 717 361 802 gium
378 715 582 782 Serenissimi
604 716 703 801 Regis
733 717 883 783 Ladizlai
909 717 1075 784 karissimi
1106 716 1214 782 fratris
1233 714 1334 782 nostri
1350 737 1402 802 pa-

274 824 400 911 truelis,
416 845 513 910 super
539 824 718 894 collacione
744 826 910 894 cuiusdam
943 835 1027 893 terre
1044 825 1148 893 Castri
1170 823 1402 908 Supruniensis

272 933 378 1000 Pertel
394 941 508 1000 uocate
519 935 581 1002 sibi
593 935 748 1003 traditum
760 943 792 1003 et
803 955 999 1020 eoncessum,
1010 943 1116 1002 ratum
1134 933 1264 1016 habere,
1282 940 1404 999 nostro-

271 1061 333 1125 que
349 1041 557 1126 dignaremur
572 1043 743 1128 priuilegio
755 1045 954 1110 confirmare.
973 1040 1071 1111 Cuius
1089 1041 1220 1124 quidem
1238 1039 1399 1126 priuilegij

274 1156 367 1216 tenor
382 1150 460 1216 talis
476 1159 526 1217 est
542 1177 549 1215 ε

378 1259 552 1326 Ladialaus
584 1263 624 1327 D.
640 1281 686 1345 gr.
704 1261 810 1346 Hung.
837 1262 897 1328 stb.
926 1263 996 1326 Rex
1028 1262 1091 1326 stb.
1118 1257 1330 1347 (kbretkezilr
1347 1257 1401 1322 IV.

273 1367 389 1433 Laszld
405 1366 515 1452 kirsly
533 1367 670 1434 lale-kl
703 1369 993 1455 adomanylevele,
1017 1369 1098 1434 mint
1118 1365 1400 1452 gylljtembnyllnk

274 1474 334 1541 lX.
351 1474 468 1561 vagyis
484 1495 505 1540 a
520 1474 669 1542 masodik
686 1476 808 1560 solyam
828 1475 881 1541 IV.
899 1475 1073 1542 ko'teteben
1091 1475 1166 1541 239.
1184 1471 1222 1559 l.)

379 1582 463 1660 Quia
479 1603 555 1650 uero
586 1582 686 1649 tantis
713 1583 797 1648 idem
829 1583 985 1664 Magister
1016 1579 1202 1648 Herbordus
1222 1581 1255 1646 in
1272 1579 1400 1665 expedi·

272 1689 364 1756 cione
381 1690 484 1756 tocius
499 1689 605 1772 Regni
622 1690 790 1772 Hungarie
814 1689 960 1773 generali
977 1696 1091 1755 contra
1108 1688 1271 1755 dominum
1288 1689 1397 1755 Alber·

271 1803 339 1862 tum
369 1797 516 1863 inclitum
541 1798 665 1862 Ducem
689 1797 818 1863 Austris
847 1797 890 1862 ad
922 1797 1176 1882 propulsandam
1211 1798 1316 1880 Regni
1348 1817 1403 1862 no-

272 1906 329 1973 stri
358 1905 510 1972 iniuriam
543 1923 584 1969 ex
616 1907 764 1972 omnibus
797 1907 904 1990 Regni
936 1906 1039 1971 nostri
1071 1905 1256 1972 climatibus
1282 1925 1398 1970 conuo-

273 2019 365 2101 cata,
398 2012 495 2080 claris
526 2012 646 2078 milicie
676 2012 779 2079 titulis
810 2014 926 2079 tamin
952 2013 1254 2098 expugnacionibus
1280 2018 1404 2077 castro-⁴

275 2143 364 2206 rum,
391 2142 486 2203 quarn
514 2121 596 2187 alias
616 2121 800 2186 dimicando
832 2111 915 2188 inter
931 2121 1045 2189 dubios
1061 2141 1167 2187 rerum
1185 2128 1321 2187 euentus
1338 2121 1400 2185 cla-

274 2229 337 2296 ruit
353 2229 479 2296 actibus
510 2228 673 2315 gloriosis,
700 2234 734 2293 ut
767 2228 879 2294 merito
909 2230 1041 2296 laudum
1057 2229 1221 2315 preconijs
1253 2228 1404 2294 meruerit

266 2335 404 2420 publice
436 2336 665 2420 commendari,
683 2337 778 2404 rebus
814 2358 966 2422 prospere
997 2339 1097 2423 gestis
1129 2339 1162 2403 in
1193 2344 1301 2425 antea,
1334 2357 1404 2421 pre-

274 2446 386 2511 sencia
417 2451 483 2510 tam
517 2443 692 2510 laudaliter
724 2441 811 2532 (lgy)
842 2447 1080 2533 connectendo,
1113 2455 1148 2512 ul
1164 2468 1203 2513 ex
1235 2445 1330 2512 nouis
1348 2444 1403 2509 mi-

202 2615 206 2624 .
274 2552 481 2618 misteriorum
498 2551 638 2619 fastibus
662 2556 846 2620 teneremur
862 2555 976 2622 merito
994 2575 1034 2620 ex
1050 2555 1166 2638 Regali
1181 2553 1406 2621 munificencia

278 2657 322 2726 ad
338 2660 488 2728 antidota
504 2658 720 2743 respondere:
737 2660 778 2727 de
793 2662 955 2727 Baronum
972 2670 1151 2728 nostrorum
1169 2661 1304 2730 oonsilio
1322 2662 1404 2726 eius-

277 2767 349 2833 dem
367 2768 582 2850 peticionibus
599 2767 823 2835 fauorabililer
848 2777 1035 2854 annuentes,
1055 2770 1177 2837 dictum
1193 2771 1405 2856 priuilegium

279 2873 402 2940 domini
418 2876 516 2960 Regis
547 2876 695 2943 Ladizlai
728 2876 838 2944 fratris
869 2879 970 2944 nostri
1003 2878 1169 2945 karissimi
1192 2877 1231 2944 de
1247 2878 1346 2944 uerbo
1363 2877 1406 2942 ad

275 2979 408 3046 uerbum
425 2981 582 3050 insertum
608 2985 813 3068 presentibus
838 2993 943 3052 ratum
965 2991 997 3052 et
1014 2993 1142 3070 gratum
1158 2985 1324 3063 habentes,
1342 2984 1405 3052 sibi

276 3093 309 3154 et
324 3107 382 3173 per
398 3110 470 3156 eum
488 3090 553 3158 suis
570 3091 746 3159 heredibus
762 3091 982 3176 heredumque
1007 3115 1139 3161 suorum
1164 3094 1406 3162 successoribus

275 3199 468 3266 auctoritate
484 3199 689 3286 presencium
708 3199 865 3286 ‘duximus
892 3202 1157 3269 confirmandum.
1191 3202 1230 3268 ln
1247 3201 1341 3268 cuius
1360 3201 1406 3268 rei

276 3307 463 3374 memoriam
488 3315 742 3396 perpetuamque
774 3309 957 3376 firmitatem
988 3316 1155 3396 presentes
1187 3308 1407 3378 concessimus

278 3413 420 3498 duplicis
437 3416 540 3499 sigilli
556 3417 659 3483 nostri
676 3416 855 3482 munimine
872 3419 1049 3484 reboratas.
1082 3420 1202 3484 Datum
1218 3439 1275 3503 per
1290 3437 1407 3484 manus

277 3519 407 3590 discreti
432 3523 496 3588 uiri
521 3524 668 3608 Magistri
695 3524 858 3592 Theodori
890 3525 1043 3594 Albensis
1071 3527 1218 3594 Ecclesie
1243 3526 1408 3610 Prepositi

277 3631 350 3696 aule
367 3637 476 3698 nostre
492 3631 570 3698 Viae
587 3631 784 3720 (lancellarij
813 3633 924 3702 dilecti
940 3642 973 3701 et
990 3635 1090 3701 fidelis
1107 3634 1219 3717 nostri,
1239 3653 1325 3700 anno
1342 3633 1407 3699 Do·

276 3740 356 3806 mini
373 3738 493 3806 M⁰GC⁰
509 3743 719 3824 nonagesimo
747 3743 870 3830 primo,
886 3744 988 3828 Regni
1012 3745 1124 3814 nostri.
1149 3765 1233 3810 anno
1250 3742 1406 3810 secundo.

278 3939 414 4005 (Rrsdetie
428 3939 601 4008 bb'rhdrtydn,
615 3943 728 4010 melyrb'l
747 3939 918 4008 verussirga
944 3943 1174 4009 sclyumzsinbron
1196 3940 1281 4008 ardgi
1301 3941 1409 4008 penset·

378 4031 433 4082 nek
444 4033 510 4082 csak
529 4029 655 4084 tbredblre
668 4033 754 4100 sugg;
774 4048 790 4082 a
805 4035 920 4084 namneti
935 4049 1057 4086 muzeum
1072 4029 1315 4098 kdzirattdrbban.)
