3112 5158
600 311 759 411 El---

103 505 181 590 filijs
197 506 323 592 Razlay
339 512 372 572 et
397 504 443 572 St.
471 505 628 588 predictis
654 513 807 593 perpetue
833 507 1124 576 donsoionistitulo
1140 507 1233 574 relin-

104 614 254 699 quendo;
280 613 383 680 tereia
413 620 507 698 parte
532 613 643 699 Hulug
668 623 700 681 et
725 613 893 682 Touthlak
920 617 1016 683 salua
1040 623 1237 699 remanente,

105 741 169 804 que
187 721 335 787 Emerioo
350 727 381 787 et
397 720 567 788 Dominioo
583 730 633 788 est
649 722 811 790 devoluta.
839 725 865 788 ll
881 743 1039 790 oonuerso
1064 729 1174 790 autem
1201 723 1236 788 fi-

104 829 141 912 lij
159 829 284 912 Razlay
300 835 332 893 et
348 827 395 892 St.
412 826 496 896 filius
514 829 662 896 Ladizlai
678 829 719 897 do
744 831 952 915 possessione
976 849 1085 896 eorum
1111 829 1234 898 beredi-

103 935 192 1000 turia
207 931 321 1001 Oukou
337 941 464 1021 vooata,
482 935 575 1004 iuxta
590 943 710 1004 terram
727 937 861 1004 Comitis
879 937 968 1006 Petri
995 936 1236 1024 hereditariam,

103 1044 306 1126 reliquerunt
321 1043 486 1126 quandam
505 1044 700 1128 particulam
727 1051 820 1130 terre,
846 1065 909 1129 quo
934 1047 1047 1112 talium
1075 1051 1235 1113 metarum

103 1169 198 1218 eursu
215 1151 309 1217 terris
326 1150 463 1218 Comitis
479 1151 566 1216 Petri
583 1153 754 1236 copulatur
771 1177 779 1218 :
797 1154 882 1236 quod
908 1154 1014 1239 prima
1042 1159 1128 1222 meta
1155 1155 1233 1220 inei-

101 1259 200 1344 pitin
216 1259 317 1326 salioe
332 1279 434 1344 supra
449 1277 547 1324 unam
557 1257 711 1343 paludem
728 1259 769 1325 ab
781 1261 914 1346 oriente,
929 1259 970 1328 de
986 1281 1051 1344 qua
1067 1260 1156 1327 veuit
1182 1259 1227 1326 ad

101 1368 184 1435 duas
201 1373 315 1464 metas,
332 1369 365 1433 in
382 1386 518 1450 quarum
534 1387 599 1434 vna
614 1372 663 1432 est
679 1368 785 1452 salix;
811 1367 852 1434 de
869 1368 986 1452 quibus
1011 1369 1072 1437 ibit
1100 1367 1143 1434 ad
1168 1375 1234 1438 tres

102 1485 206 1542 metas
223 1477 419 1561 augulares;
436 1472 556 1540 abinde
572 1473 704 1540 diuertit
720 1474 763 1540 ad
780 1474 988 1561 occidentem,
1003 1485 1035 1543 et
1060 1483 1136 1543 sunt
1161 1476 1226 1543 due

102 1590 185 1650 mete
202 1590 307 1649 terree
322 1584 415 1648 iuxta
431 1602 529 1648 unam
545 1580 630 1647 viam
647 1581 829 1666 oumulate;
848 1602 945 1666 quam
957 1583 1105 1650 saliendo
1132 1583 1232 1649 ourrit

101 1689 143 1753 ad
162 1690 244 1756 duas
262 1698 387 1773 metas,
404 1689 556 1773 aquibus
572 1687 741 1756 deseendit
757 1683 919 1758 admotas
937 1692 1123 1776 angulares,
1150 1710 1230 1773 qua·

101 1817 168 1862 rum
186 1819 252 1863 vua
268 1805 400 1884 separat
415 1799 523 1883 ipsam
541 1806 659 1865 terram
676 1797 717 1863 de
741 1799 837 1865 terris
863 1783 1005 1882 Chama3
1032 1799 1141 1881 ibique
1169 1806 1229 1863 ter·
1260 1826 1265 1838 ·

100 1907 250 1974 minatur.
268 1905 337 1973 Hoo
353 1905 496 1993 adiecto,
512 1907 598 1989 quod
615 1907 729 1972 Petrus
746 1905 863 1972 Comes
880 1906 964 1972 lilios
981 1905 1107 1992 Razlay
1123 1927 1144 1972 a
1160 1905 1228 1974 suis

101 2013 406 2098 propinquioribus,
425 2019 457 2080 et
474 2032 492 2079 e
508 2033 666 2079 conuerso
681 2014 741 2097 filij
759 2013 884 2097 Razlay
901 2013 1059 2079 Comitem
1073 2015 1231 2080 Petruma

100 2123 165 2186 suis
192 2120 445 2205 consanguineis
471 2139 569 2206 super
597 2120 759 2188 diuisione
783 2120 872 2185 faeta
898 2127 1048 2187 tenentur
1074 2121 1228 2207 expedire

98 2227 263 2296 laboribus
294 2228 434 2315 proprijs
466 2235 499 2294 et
523 2228 686 2315 expensis.
720 2226 895 2312 Gregorius
911 2227 997 2295 iilius
1030 2228 1224 2313 Venoezlay,

99 2343 190 2420 prout
207 2357 265 2421 pro
290 2354 326 2401 se
342 2341 374 2401 et
389 2355 448 2420 pro
468 2335 607 2403 Nioolao
634 2335 731 2402 tratre
746 2356 804 2402 suo
815 2336 940 2417 aderat,
951 2335 1143 2404 eonsensum
1153 2355 1224 2420 pre-

100 2443 180 2530 buit,
199 2453 232 2510 et
252 2465 440 2532 assensum3
459 2452 555 2531 prout
574 2451 678 2510 ratum
704 2444 750 2512 sio
777 2463 911 2530 presens
928 2444 1082 2528 seriptum
1099 2441 1230 2510 eontuli-

96 2574 167 2619 mus
200 2561 310 2622 nostro
340 2553 446 2638 sigillo
476 2552 714 2621 communitum.
742 2553 896 2636 Magistro
922 2552 1093 2638 Myohaele
1110 2553 1227 2635 Prepo-

98 2661 160 2727 sito
189 2659 334 2728 Eoelesie
360 2667 479 2746 nostre,
512 2660 625 2728 Blasio
658 2659 807 2746 Custode,
835 2661 975 2746 Symone
1005 2661 1138 2725 Deoano
1165 2659 1227 2723 exi·

102 2769 283 2852 stentibus;
319 2789 405 2836 anno
439 2769 482 2834 ab
515 2770 747 2836 lucarnaoione
781 2769 913 2834 Domini
948 2765 1067 2832 ΜΟΟΟο
1091 2783 1229 2848 nonage-

97 2895 178 2943 srmo
193 2897 307 2963 primo.

93 3094 128 3156 (A
143 3089 254 3144 vmvtri
269 3091 458 3158 kdptalannalr
473 3093 552 3143 1360.
582 3093 715 3153 „seeundo
735 3091 777 3144 die
791 3092 852 3144 festi
864 3092 942 3141 Beati
961 3091 1069 3141 Andros
1083 3087 1221 3155 Apostoli*

90 3181 162 3231 alatt
185 3181 331 3246 ,Magister
355 3181 524 3232 Laurenoius
539 3180 611 3230 iilius
634 3181 672 3230 St.
686 3187 713 3230 et
737 3181 899 3232 Benedictus
927 3179 997 3228 filius
1023 3177 1158 3228 Joluaunis
1186 3177 1219 3227 ds

91 3265 217 3320 Nedasdi‘
230 3266 396 3320 kivduatdra
408 3270 514 3321 kiadott
527 3265 672 3321 itirattbol
684 3287 690 3330 ς
704 3270 774 3334 mely
790 3271 810 3319 I.
839 3266 921 3332 Lajos
937 3263 1024 3332 kirtly
1051 3263 1217 3332 paranesdra

91 3359 209 3426 „nobilis
221 3359 330 3410 domiue
343 3359 423 3410 Clare
436 3367 534 3411 vocate
547 3361 678 3411 consortis
691 3359 798 3410 Nicolai
812 3357 860 3421 filij
873 3357 1016 3408 liiohaelis
1042 3356 1074 3407 de
1088 3355 1221 3421 Egomet,

88 3445 143 3497 filie
156 3443 286 3498 videlieet
298 3449 386 3498 Peteu
399 3448 450 3512 filij
464 3451 536 3500 Petri
549 3450 581 3500 de
595 3444 708 3498 Makra“
724 3445 863 3498 kerbsdbdl
882 3448 957 3496 1³78.
974 3448 1074 3512 ,toreio
1089 3445 1131 3494 die
1153 3445 1218 3495 sesti

92 3537 243 3588 Beatorum
254 3539 328 3589 Petri
342 3543 369 3588 et
380 3538 459 3590 Pauli
471 3538 676 3604 Apostolorum“
689 3535 764 3602 ujbbl
775 3532 864 3588 ttirva
877 3535 1030 3597 kiadatott;
1044 3549 1061 3584 a
1075 3536 1158 3586 budai
1173 3535 1220 3586 kir

492 3627 614 3678 kamarai
626 3621 814 3692 leveltirbau.)

602 3915 758 3924 ...-—-—--—-
