3120 5172
593 295 753 401 ,ffl—

106 484 273 571 proprium
289 485 439 556 nuntium
458 487 619 556 studeatis
645 487 837 572 quantocius
864 485 1041 554 destinare.
1066 483 1187 552 Datum
1203 492 1247 552 ut

110 611 220 680 supra.

108 770 245 836 (Tbeiner,
257 775 359 828 Vetera
371 774 547 828 Monumenta
556 775 702 828 Slarorum
713 773 932 828 meridionalium
945 773 1085 826 historiam
1097 769 1244 824 illustrau-

531 866 580 927 tia,
593 865 615 916 I.
628 863 684 918 kot.
708 864 768 918 llll.
782 862 815 932 l.)

642 1629 715 1699 198.

108 1793 872 1896 lmdncomesa'lomcpcc·obakterecoploezcst
881 1807 1251 1894 blacuysdplecele‚b09y

106 1916 331 2004 Huntpuanau
346 1920 576 2006 oemzetedpbeii
591 1919 712 1984 dffaltlda
727 1937 825 1984 comcs
840 1919 873 1983 6⁸
887 1915 987 1980 Jciaoe
998 1915 1145 1981 baiocas
1153 1914 1248 1980 creec

107 2022 258 2112 biaonycs
276 2047 373 2111 peres
389 2025 503 2112 fo'ldre
530 2028 622 2092 abaco
640 2024 874 2109 bordtodpocac
905 2019 1116 2108 cpyczlcedtek.
1143 2021 1241 2084 1298.

216 2199 287 2268 Nos
304 2200 418 2268 Comes
445 2201 631 2287 Stephanus
661 2199 842 2268 Viceindcx
865 2197 962 2267 euris
986 2196 1111 2267 domitii
1142 2197 1252 2280 Regis

110 2309 264 2378 memorie
280 2307 545 2376 commendantes
556 2307 779 2394 significamus
795 2308 956 2376 uniuersis
973 2305 1091 2391 quibus
1108 2301 1242 2389 expedit
1278 2381 1281 2390 Ι

106 2418 311 2502 presencium
321 2435 381 2502 per
392 2423 536 2484 tenorem
548 2439 555 2481 :
565 2414 731 2500 quodcum
752 2417 865 2484 Comes
882 2413 1049 2502 Nycolaus
1066 2412 1153 2480 lilius
1170 2409 1245 2498 Ny·

107 2523 193 2591 colai
210 2524 387 2610 degenere
424 2523 666 2610 Huuthpaznan
681 2523 903 2592 venerabilem
925 2529 1049 2610 patrem
1076 2519 1250 2590 dominum

108 2631 297 2699 iohannem
328 2629 620 2716 Archiepiscopum
636 2628 846 2698 colocensem
872 2650 970 2715 super
984 2630 1128 2714 quadam
1143 2625 1244 2714 parti-

113 2736 190 2803 cula
205 2743 292 2804 terre
307 2735 381 2803 veui
398 2739 540 2818 quatuor
555 2741 738 2803 aratrorum
755 2737 789 2802 in
806 2737 902 2805 terris
919 2735 1119 2822 arabilibus,
1150 2731 1252 2800 siluis

110 2851 144 2910 et
158 2844 263 2930 pratis
278 2841 470 2910 sufficientis
486 2842 521 2910 in
537 2863 669 2910 caueam
686 2845 862 2930 traxisset,
879 2849 912 2910 et
927 2843 1002 2928 ipsa
1017 2862 1119 2910 cansa
1136 2859 1248 2909 coram

110 2949 242 3018 domino
257 2951 347 3034 Rege
363 2956 395 3016 et
409 2950 444 3016 in
462 2952 635 3037 presencia
650 2950 877 3019 Viceiudicum
894 2949 992 3017 Curio
1023 2970 1081 3018 sue
1097 2947 1153 3017 diu
1168 2967 1248 3035 pro-

110 3077 206 3126 cessa
221 3079 281 3126 eeu
296 3057 459 3126 ventilata
475 3057 611 3126 fuisset:
642 3057 777 3126 tandem
809 3079 868 3145 per
883 3057 1053 3125 arbitrium
1068 3056 1249 3142 proborum

108 3165 253 3233 virorum
279 3163 321 3232 de
336 3165 553 3251 permissione
569 3163 705 3235 Comitis
730 3164 901 3236 Benedicti
932 3162 1098 3248 quondam
1113 3161 1243 3228 Viceiu-

109 3273 196 3341 dicis
212 3273 310 3341 Curie
326 3271 431 3356 Regio
455 3293 552 3360 snper
577 3272 692 3341 eadem
717 3273 882 3360 particula
912 3279 997 3340 terre
1021 3269 1109 3339 idem
1126 3265 1249 3336 Oomea

110 3379 283 3465 Nycolaus
299 3379 520 3466 personaliter
529 3382 573 3448 ab
588 3401 655 3449 oua
669 3389 774 3469 parte,
792 3382 911 3467 etipse
926 3379 1078 3448 dominus
1108 3375 1242 3444 Arcbie-

109 3487 267 3573 piscopos
299 3485 450 3554 similiter
474 3489 690 3572 personaliter
715 3511 755 3556 ex
770 3493 885 3580 altera,
901 3508 1009 3557 coram
1024 3483 1153 3574 :eodem
1185 3482 1248 3552 Oo-

106 3591 190 3659 mite
221 3591 403 3660 Benedicto
434 3595 650 3682 comparando
681 3597 714 3663 in
734 3599 837 3665 talem
868 3598 961 3682 pacis
992 3595 1129 3663 formam
1144 3611 1181 3660 se
1197 3589 1252 3658 di·

105 3703 238 3767 rissent
253 3697 445 3768 deuenisse:
472 3701 559 3786 quod
574 3702 685 3770 eedem
704 3711 817 3790 partes
832 3703 1059 3790 personaliter,
1077 3707 1113 3768 ut
1127 3698 1251 3786 prorni-

105 3809 223 3894 simus,
242 3814 470 3892 comparentes
486 3809 609 3876 factum
625 3811 771 3879 eiusdem
796 3817 884 3880 terre
899 3809 1107 3878 contenciose
1124 3806 1244 3873 Comiti

104 3913 214 3982 Paulo
228 3913 295 3982 filio
311 3913 406 3982 Rack
415 3966 425 4000 ,
454 3915 591 3983 officiali
622 3917 769 3985 eiusdem
800 3917 922 3984 domini
938 3913 1187 4001 Arcbiepiscopi
1202 3912 1251 3979 de

106 4025 217 4108 Ryma
241 4022 482 4091 commisissent
506 4023 722 4092 decidendam
747 4045 786 4094 eo
802 4025 920 4110 modo,
946 4023 1036 4110 quod
1052 4029 1172 4089 octauo
1188 4020 1252 4087 die·

102 4129 292 4198 rceideucie
306 4129 467 4216 presentis
484 4133 644 4201 exercitus
660 4133 826 4220 predictus
847 4132 965 4200 Comes
981 4131 1147 4218 Nycolans
1163 4147 1246 4214 para

102 4237 227 4325 actrix,
243 4243 277 4304 et
294 4237 414 4306 Comes
430 4239 554 4307 Paulus
570 4240 654 4308 lilius
678 4241 771 4308 Rack
787 4239 954 4328 predictus
979 4259 1039 4327 pro
1055 4235 1170 4305 eodem
1186 4235 1246 4301 do·

102 4345 198 4410 mino
209 4363 265 4412 suo
276 4342 405 4412 domino
416 4343 685 4435 Archiepiscopo,
701 4347 907 4434 presentibus
924 4345 1048 4414 Gemite
1062 4343 1167 4412 Paulo
1178 4339 1253 4409 filio

102 4451 229 4535 Irizlay
240 4450 370 4519 bomine
385 4451 509 4519 domini
523 4454 634 4544 Regis,
653 4462 686 4522 et
695 4454 879 4523 testimonio
896 4453 1041 4540 Capituli
1057 4449 1249 4540 Agriensisp

102 4578 194 4644 quos
208 4566 313 4645 partes
330 4560 542 4629 communiter
557 4561 776 4654 adducerent,
801 4563 995 4634 accederent
1011 4581 1110 4649 super
1126 4557 1251 4630 taciem

1018 4670 1082 4738 20*
