3170 5166
844 925 919 994 249.

307 1123 496 1209 Gradeoipo
513 1125 604 1188 Peter·
620 1123 770 1189 celenczei
795 1123 871 1208 depe
892 1123 983 1186 Trou
999 1125 1106 1186 cdroat
1113 1121 1329 1208 felszo‘lls'tjc,
1360 1123 1432 1210 boqy

462 1234 529 1295 300
544 1230 842 1317 velenczeifontoyc'
857 1230 1031 1314 addssciydt
1039 1229 1159 1312 fiaesse.
1180 1229 1277 1294 1300.

417 1427 533 1492 Petrus
547 1424 730 1494 Gradonico
748 1433 806 1492 etc.
826 1426 988 1493 nobilibus
1008 1432 1039 1492 et
1059 1425 1263 1508 sapientibus
1288 1426 1365 1494 viris
1380 1428 1431 1493 Po·

303 1533 428 1619 testati,
445 1533 587 1602 Consilio
604 1543 637 1600 et
661 1535 891 1603 Communitati
915 1534 1086 1618 Tragurij,
1107 1533 1219 1599 amicis
1236 1534 1369 1602 dilectis
1387 1553 1431 1601 sa-

307 1643 410 1708 lutem
426 1647 458 1706 et
475 1641 663 1708 dileccionis
679 1641 839 1708 affectum.
865 1641 1061 1724 Recepimus
1084 1647 1210 1706 vestras
1227 1639 1364 1724 litteras,
1380 1661 1432 1726 per

303 1766 390 1832 quas
408 1747 492 1813 iuter
508 1753 617 1816 cetera
649 1769 708 1815 nos
733 1750 895 1832 rogaabs,
927 1754 1086 1830 quatenus
1109 1747 1254 1830 placeret
1270 1747 1365 1813 nobis
1381 1767 1431 1832 per

309 1876 427 1924 causas
444 1857 476 1921 in
493 1857 575 1940 ipsis
600 1856 717 1922 litteris
749 1863 922 1922 annotatas
953 1855 1123 1920 terminum
1150 1856 1245 1921 vuius
1264 1857 1386 1922 mensis
1402 1867 1431 1921 et

307 1961 449 2051 dimidij‚
466 1983 562 2048 quem
577 1963 669 2029 vobis
685 1963 873 2047 prefiximus
890 1961 934 2028 ad
945 1961 1139 2029 soluendum
1154 1960 1254 2028 libras
1270 1968 1427 2029 trecentas

305 2091 479 2156 parcorum
488 2122 498 2157 ,
515 2071 549 2136 in
566 2069 681 2154 quibus
699 2069 775 2136 estis
791 2069 883 2135 nobis
899 2088 958 2154 pro
975 2069 1099 2134 Gemite
1126 2067 1269 2152 Georgio
1286 2070 1427 2154 obligati,

306 2197 486 2263 prorogare
501 2195 603 2258 vsque
621 2177 663 2241 ad
680 2173 815 2242 Comitis
832 2173 964 2258 Georgij
977 2174 1115 2239 reditum
1131 2171 1171 2239 de
1187 2173 1336 2258 partibus
1347 2175 1428 2260 Apu·

304 2283 370 2367 lie3
387 2291 419 2350 et
437 2289 514 2348 tunc
531 2281 749 2347 intendebatis
783 2280 981 2347 satisfacere.
1008 2279 1060 2345 Ad
1088 2299 1224 2362 quarum
1250 2281 1429 2365 significata

303 2390 486 2456 Prudencie
503 2393 608 2454 vestre
625 2388 773 2453 duximus
791 2393 904 2454 tenore
930 2388 1132 2472 presencium
1151 2389 1429 2472 respondendum:

306 2493 391 2579 quod
408 2496 514 2580 ipsam
531 2494 711 2579 pecuniam,
729 2513 792 2577 que
810 2494 930 2560 avobis
949 2501 981 2560 et
997 2495 1072 2578 alijs
1090 2493 1285 2561 Ciuitatibus
1303 2497 1429 2564 Dalma-

303 2602 354 2668 oie
371 2601 468 2668 debet
486 2602 582 2686 exigi,
599 2622 664 2669 non
682 2600 777 2667 debet
802 2601 835 2666 in
852 2607 996 2667 nostrum
1026 2601 1202 2667 Commune
1219 2603 1324 2686 recipi
1333 2655 1343 2690 ,
1375 2625 1430 2671 nec

302 2708 437 2792 baberi3
455 2707 513 2774 sed
530 2709 570 2775 de
588 2711 661 2792 ipsa
678 2708 774 2773 debet
798 2706 950 2774 satisfieri
975 2709 1087 2774 multis
1120 2708 1239 2774 uostris
1271 2710 1429 2798 fidelibus,

301 2813 520 2881 damnificatis
537 2815 685 2898 grauiter
701 2816 765 2881 iam
784 2821 816 2880 et
832 2815 888 2880 diu
904 2835 963 2898 per
979 2815 1198 2899 Almissanos3
1215 2816 1332 2897 quibus
1344 2817 1430 2886 dam

301 2921 442 2988 nificatis
459 2942 550 2988 mora
566 2927 651 2988 esset
667 2921 905 2988 intollerabilis.
934 2924 1049 3004 Itaque
1075 2923 1218 3006 ipsorum
1244 2921 1428 2990 damnifica-

314 3051 404 3096 orum
421 3031 601 3096 necessitas
618 3049 676 3096 nos
693 3029 883 3114 constringit
913 3031 1040 3115 taliter,
1073 3029 1159 3111 quod
1176 3051 1240 3095 non
1258 3051 1426 3115 possumus

299 3139 443 3222 amplius
461 3145 646 3222 expectare.
679 3136 774 3203 Vnde
798 3135 1014 3203 Prudentiam
1044 3141 1186 3202 vestram
1213 3157 1368 3220 rogamus
1386 3146 1430 3204 at-

300 3251 397 3331 tente,
415 3251 575 3328 quatenus
593 3245 738 3312 debeatis
755 3245 902 3311 celeriter
913 3244 1033 3311 dictam
1050 3262 1208 3310 summam
1225 3245 1305 3312 dare
1322 3253 1429 3312 nostro

303 3352 424 3419 Comiti
439 3351 560 3437 Jadrc3
577 3357 654 3419 ante
673 3352 825 3418 videlicet
841 3373 938 3436 quam
963 3351 1159 3438 procedatur
1183 3351 1228 3418 ad
1253 3354 1430 3439 pignoran-

300 3456 378 3526 dum
395 3465 529 3540 vestros,
548 3459 740 3541 ubicumque
761 3466 912 3545 poterunt
937 3459 970 3524 in
1002 3458 1150 3543 partibus
1166 3461 1268 3527 nostri
1284 3460 1429 3544 Dominij

175 3582 181 3592 '
298 3565 442 3652 reperiri.
460 3567 545 3633 Nam
561 3565 644 3631 sicut
661 3564 758 3648 scitis,
792 3564 917 3650 pluries
934 3584 991 3632 vos
1010 3564 1256 3650 requisiuimus;
1276 3571 1310 3635 et
1325 3568 1432 3632 termi-

299 3690 361 3740 nus
376 3672 519 3758 prefixus
535 3672 629 3738 vobis
646 3670 802 3739 admodo
819 3678 870 3740 est
884 3679 1078 3740 transactus.
1096 3674 1217 3739 Datum
1235 3671 1290 3740 die
1304 3673 1432 3741 XXVI.

296 3779 410 3863 Marcij
434 3779 525 3846 XIII.
544 3778 735 3846 indiccione.

550 3979 672 4044 (Lucius,
687 3977 817 4030 Memoris
830 3977 952 4030 Stcricbc
962 3978 989 4029 di
1004 3979 1077 4029 Trau
1094 3979 1154 4027 140.
1168 3977 1199 4041 l.)
