3132 5162
846 257 890 320 40

791 345 883 355 .........Δ
908 350 949 357 .,.,

303 455 430 542 licibus,
441 453 552 540 pratis,
568 451 695 538 tenetis,
712 451 839 539 insulis,
856 450 1006 538 pisscinie
1022 453 1140 540 etalijs
1151 454 1339 540 attinenciis
1359 460 1413 525 uni

307 563 408 630 uersis
419 557 766 647 dedimus,douauimus
776 567 807 626 et
816 561 1006 629 contulimus
1016 561 1078 646 ipsi
1089 562 1271 630 venerabili
1280 565 1350 632 viro
1362 567 1426 632 lla·

305 666 585 758 gistrollbeodoro
599 666 769 752 Preposito
780 667 926 754 Albensi,
937 675 969 736 et
980 668 1096 735 Comiti
1107 668 1265 738 Ladislao
1283 679 1315 739 ct
1325 674 1427 758 Nyco·

304 779 357 846 lao
373 777 528 844 fratribus
538 775 617 862 suis,
630 776 698 842 iure
714 783 868 860 perpetuo
879 785 911 842 et
921 777 1178 845 irrcuocabiliter
1189 778 1428 863 possidendam.

307 885 350 952 Ut
364 883 462 969 igitur
477 883 606 970 prefata
621 883 762 949 collacio
779 901 837 948 seu
852 883 991 950 donacio
1008 882 1093 952 dicto
1111 892 1196 954 terre
1212 887 1303 953 nulla
1320 887 1429 954 ualeat
1553 937 1554 940 ,

305 993 341 1058 iu
356 997 519 1077 posterum
534 989 730 1074 inprobitate
747 991 898 1077 conuelli,
925 992 1080 1075 nullaque
1105 999 1283 1079 temporum
1308 995 1432 1062 uicissi-

306 1101 418 1170 tudine
433 1098 623 1185 perlurbari,
639 1099 673 1164 in
690 1105 835 1165 eternam
850 1101 896 1166 rei
912 1101 1100 1167 memoriam
1116 1109 1285 1187 presentes
1301 1121 1427 1170 conces·

307 1210 407 1274 simus
432 1207 557 1272 litteras
582 1207 745 1292 dupplicis
776 1206 878 1290 sigilli
909 1208 1012 1276 nostri
1043 1209 1221 1276 munimine
1252 1209 1429 1276 roboratas.

307 1317 428 1382 Datum
443 1333 500 1398 per
515 1333 629 1381 manus
655 1314 850 1381 venerabilis
875 1317 978 1400 patris
994 1316 1030 1381 B.
1056 1314 1118 1383 Dei
1143 1319 1255 1400 gracia
1279 1316 1430 1402 Episcopi

307 1421 557 1506 vesprimiensis
573 1421 648 1488 aule
664 1429 771 1488 nostre
788 1422 982 1507 Cancellarij
1005 1422 1108 1490 lidolis
1125 1423 1238 1510 nostri,
1264 1444 1352 1492 anno
1370 1425 1430 1490 Do-

307 1528 384 1596 mini
401 1527 521 1595 M⁰GG⁰
536 1529 761 1616 nonagesimo,
777 1535 892 1596 octauo
908 1530 1070 1598 kalendas
1098 1533 1297 1618 Decembris,
1327 1532 1431 1600 Indic-
1554 1597 1555 1600 ,

308 1636 401 1704 aione
415 1641 540 1722 quana.

308 1853 444 1917 (Ersdclis
456 1871 474 1906 a
486 1855 575 1921 Rumy
589 1851 681 1908 csaldd
695 1851 890 1916 lavdltdrdbau,
905 1853 1066 1908 induciataa
1080 1872 1195 1923 magyar
1207 1853 1356 1909 alsaddmia
1369 1859 1432 1907 irat·
1553 1829 1555 1838 ,

504 1955 508 1964 ’
804 1941 939 2010 tdrdban.)
1554 1935 1555 1940 ¹

850 2819 904 2889 bt).

306 3041 454 3106 Fcaneao
471 3040 625 3127 tirdyct
638 3041 820 3125 maperdaitc'
835 3038 983 3106 Erectheo
999 3038 1107 3125 ifflbb
1130 3038 1349 3123 loirdlpndnalt
1373 3038 1434 3102 Be·
1553 3063 1554 3078 r

307 3151 387 3236 νάπῃ
404 3148 561 3238 balyadpet
576 3147 734 3234 tdrpyczd
750 3145 883 3212 1280-li
908 3148 1105 3233 odoatdnydt
1122 3170 1143 3211 α
1167 3146 1342 3231 ocsapre'mi
1368 3167 1436 3231 cpy-
1553 3193 1554 3240 ἶ

694 3255 754 3320 leda
778 3258 938 3321 aadmdra.
957 3255 1055 3322 1291.
1553 3249 1554 3270 ¹

415 3469 568 3537 Fenneua
583 3467 646 3534 Dei
675 3467 787 3553 gracia
803 3467 930 3551 Regina
945 3465 1113 3552 Hungarie
1129 3465 1290 3534 uniuersis
1316 3464 1439 3532 Christi

308 3575 458 3643 fidelibus
474 3583 540 3642 tam
556 3575 759 3661 presentibus
785 3593 882 3658 quam
908 3573 1023 3641 suturis
1050 3591 1185 3659 presens
1211 3573 1367 3658 seriptum
1392 3573 1439 3637 in·

311 3683 470 3770 spectaris
486 3683 626 3750 salutem
641 3683 675 3749 in
693 3701 742 3764 eo,
759 3684 814 3766 qui
830 3682 974 3766 Regibus
990 3683 1049 3748 dat
1064 3681 1211 3749 salntem.
1237 3679 1289 3746 Ad
1313 3680 1439 3747 vuiuer·

309 3810 418 3857 sornm
434 3790 587 3858 noticiam
603 3795 713 3857 tenore
729 3789 932 3876 presencium
959 3790 1108 3857 uolumus
1134 3788 1322 3874 peruenire;
1352 3785 1438 3870 qnod

309 3899 467 3967 discretus
492 3897 540 3966 vir
565 3896 721 3983 Magister
745 3897 949 3964 Andronicus
975 3895 1164 3981 Prepositus
1189 3893 1335 3962 Ecclesia
1347 3895 1437 3962 Wes-

310 4004 505 4092 primiensis,
534 4025 593 4072 sno
619 4013 650 4071 et
666 4003 810 4072 eiusdem
842 4004 1105 4090 wesprimiensis
1122 4002 1270 4071 Ecclesie
1294 4000 1441 4088 Capituli

310 4116 448 4202 nominc,
466 4115 508 4181 ad
526 4121 669 4182 nostram
686 4113 846 4182 accedeus
864 4115 1064 4199 presenciam
1096 4111 1243 4180 exhibuit
1258 4109 1353 4178 uobis
1380 4107 1443 4193 pri-

310 4222 431 4308 uilegia
447 4223 578 4290 domine
593 4221 766 4290 Elisabeth
782 4223 945 4306 quondam
961 4220 1270 4306 Regineli'ungarie,
1281 4215 1441 4285 consortis
1552 4281 1553 4286 ,

308 4329 429 4397 domini
455 4329 605 4397 Ladizlai
629 4331 729 4416 Regis
755 4331 876 4418 inelyte
900 4329 1152 4414 recordacionis,
1189 4345 1299 4394 socrus
1327 4331 1442 4392 nostre
1552 4333 1553 4378 ἐ

307 4439 490 4528 karissimo,
507 4458 603 4525 super
619 4437 798 4506 collacione
816 4437 984 4507 cuiusdam
1001 4443 1084 4504 terre
1099 4439 1205 4504 Boron
1222 4436 1336 4501 vocate
1362 4453 1435 4499 con-

308 4553 446 4636 lectum;
462 4557 577 4635 potens
602 4565 674 4614 cum
699 4531 871 4636 instancia,
896 4554 932 4615 vt
955 4548 1030 4632 ipsa
1054 4543 1229 4634 priuilegia
1244 4542 1443 4630 approbare,
