3120 5172
807 1015 906 1138 21].Ι

276 1266 306 1333 A
322 1268 511 1334 ker-malesei·
524 1269 697 1358 gij-odoare'
721 1268 937 1352 konoerrlje'ruek
952 1269 1222 1354 ttwnpsopteods
1238 1272 1322 1356 bopy
1337 1267 1401 1332 Da·

280 1399 370 1444 moso
383 1377 611 1463 uemzelodpbeli
627 1376 850 1461 Adorjaafloi
877 1378 984 1462 Mora,
1011 1377 1162 1460 Rodnole,
1189 1376 1354 1464 Benezppy
1371 1378 1401 1442 du

276 1483 425 1552 Bototan
440 1483 508 1550 ltus
533 1483 716 1550 birtoloultot
741 1485 853 1551 [sturlo
876 1495 997 1567 meato,
1022 1485 1150 1552 Hobold
1176 1507 1273 1550 comeo
1289 1481 1403 1568 fidunt

715 1592 841 1658 eladtctlo
864 1591 962 1656 1298.

385 1789 451 1857 Nos
467 1787 653 1856 Conuentus
670 1788 807 1855 fratrum
823 1785 1058 1854 Ornoilerornm
1075 1786 1199 1854 Domus
1224 1785 1401 1872 Hospitalis

166 1944 171 1951 .
278 1895 320 1962 de
336 1894 430 1963 Noua
447 1893 544 1963 Curia
560 1895 781 1981 significamus
798 1895 947 1963 omnibus
973 1895 1092 1979 quibus
1119 1893 1251 1978 expedit
1276 1915 1402 1980 presen-

278 2004 363 2070 oinm
378 2021 436 2089 per
452 2011 615 2088 tenorem;
633 2003 719 2089 quod
735 2003 921 2087 Stephanus
936 2007 970 2069 et
984 2004 1099 2069 Petrus
1116 2001 1173 2088 filij
1201 2001 1339 2070 Adriani
1364 2001 1403 2068 de

279 2129 399 2196 genere
414 2113 568 2198 Damaso,
583 2132 643 2198 pro
659 2131 694 2180 se
721 2118 753 2178 et
778 2131 838 2197 pro
862 2110 1032 2197 lllyobaele
1060 2130 1100 2178 ae
1123 2111 1226 2178 Panlo
1252 2110 1404 2178 fratribus
1540 2151 1541 2174 2

280 2221 358 2304 suis,
377 2219 454 2306 blijs
464 2219 616 2308 'eiusdem
632 2218 783 2304 Adriani,
799 2219 1015 2306 personaliter
1031 2237 1141 2285 coram
1156 2218 1251 2286 nobis
1277 2237 1402 2302 eompa-

280 2327 391 2414 rendo,
409 2333 528 2396 terram
543 2327 686 2413 ipsorum
704 2327 933 2422 hereditariam
949 2329 1042 2395 blura
1058 2333 1218 2412 uooatam,
1236 2345 1309 2392 oum
1326 2325 1401 2391 dua-

280 2435 339 2502 bus
356 2435 555 2503 sessionibus
571 2435 605 2501 in
621 2435 735 2503 eadem
752 2437 846 2503 blora
863 2443 894 2504 et
910 2435 1050 2503 Rednuk
1068 2433 1301 2519 existentibns3
1329 2434 1404 2498 item

281 2543 362 2609 duas
376 2542 558 2630 particulas
577 2550 661 2611 terre
677 2563 786 2612 eornm
803 2543 974 2631 empticius
991 2545 1169 2629 Benezygy
1184 2548 1216 2608 et
1232 2541 1312 2608 Bela
1328 2559 1404 2604 nnn·

281 2654 426 2737 cupatas,
443 2657 476 2717 et
492 2650 678 2736 poroionem
695 2651 871 2718 eorundem
886 2651 920 2717 in
947 2650 1087 2735 quedam
1111 2649 1199 2716 silua
1225 2645 1405 2733 Nogyobod

282 2757 370 2823 diota
387 2759 590 2841 existentem,
605 2758 692 2824 inter
708 2759 852 2825 Dianam
870 2765 902 2825 et
919 2759 1045 2825 Moram
1060 2757 1275 2838 adiacentem,
1292 2761 1324 2822 et
1335 2775 1403 2820 oon·

282 2865 407 2948 tignum
422 2865 520 2932 fluuio
535 2865 680 2952 predioto
697 2867 801 2954 iluna,
819 2887 891 2934 oum
907 2866 1057 2936 omnibus
1072 2864 1269 2932 utilitatibus
1286 2869 1318 2929 et
1334 2883 1406 2947 per·
1517 2941 1520 2946 Ι
1541 2859 1542 2912 l

282 2972 436 3058 tinenoiJ's
451 2973 637 3060 earundem,
662 2973 756 3058 aquis
785 2973 921 3056 soilioet,
947 2972 1040 3040 siluis
1066 2979 1099 3038 et
1123 2969 1241 3038 ienetis
1266 2989 1307 3036 ao
1332 2969 1405 3035 loeis

281 3081 547 3168 molendinorum,
563 3081 659 3150 iuxta
678 3081 920 3149 estimaeionem
937 3079 1093 3148 nobilium
1119 3073 1261 3147 uirorum
1289 3097 1405 3162 eogna-
1541 3077 1542 3124 ἶ

281 3194 386 3256 torum
402 3209 533 3256 suornm
551 3195 583 3254 et
599 3187 789 3274 nloinorum,
807 3189 956 3256 Damaso
981 3186 1107 3254 soilioet
1132 3191 1165 3252 et
1191 3183 1341 3252 Ladizlai
1368 3183 1408 3249 de

282 3315 402 3382 genere
417 3297 572 3382 Damaso,
587 3297 725 3384 Nyoolai
752 3296 810 3383 filij
827 3296 929 3380 Anus,
958 3293 1099 3382 Nyoolai
1127 3291 1186 3377 filij
1214 3292 1317 3376 Pauli,
1333 3285 1406 3356 Bar·

284 3402 436 3471 tholomei
467 3404 578 3489 generi
605 3403 795 3490 Alexandri,
828 3404 966 3488 Gregori
997 3403 1057 3487 filij
1091 3387 1237 3488 Olyndri,
1268 3397 1409 3466 Lorandi

285 3511 403 3597 claudi,
422 3529 460 3578 ao
476 3512 646 3599 Hertinyg,
665 3533 745 3595 quos
761 3512 848 3580 idem
865 3510 1052 3597 Stephanus
1068 3515 1100 3575 et
1125 3508 1240 3574 Petrus
1265 3505 1406 3572 adduxe·

283 3626 357 3687 rant
373 3617 415 3686 ad
432 3619 645 3688 estimandum
661 3627 780 3688 terram
796 3617 1014 3702 antedictam
1031 3617 1107 3684 lioet
1137 3621 1249 3682 lamen
1266 3613 1410 3700 prediota

284 3731 380 3812 terra,
398 3726 425 3794 si
441 3728 603 3812 populosa
620 3727 745 3816 fnisset,
762 3728 896 3796 maioris
914 3725 1037 3794 ualoris
1054 3731 1142 3792 esset
1157 3730 1190 3790 et
1205 3721 1326 3809 preoij3
1351 3717 1407 3787 sed

285 3835 363 3918 quia
387 3833 536 3902 desolata
560 3833 733 3905 uidebatur
759 3841 792 3905 et
816 3833 1054 3901 habitatoribus
1078 3831 1234 3916 inquieta,
1259 3829 1410 3912 omnique

285 3963 401 4010 oarens
417 3943 562 4032 eomodo,
580 3963 637 4029 pro
654 3942 772 4029 uiginti
798 3941 917 4009 mareis
944 3941 1150 4007 denariorum
1176 3935 1315 4004 oonlessi
1341 3939 1411 4002 sunt

283 4049 472 4119 uendidisse
489 4051 648 4136 Magistro
665 4052 834 4140 Stephano
849 4051 916 4117 filio
933 4047 1068 4117 Comitis
1084 4045 1229 4114 Hoholdi
1244 4044 1315 4111 iure
1339 4063 1407 4128 per·

285 4167 392 4246 petuo,
409 4163 442 4224 et
456 4179 585 4226 suorum
602 4160 759 4228 heredum
775 4160 1020 4227 snooessoribns
1046 4153 1277 4241 possidendam
1303 4159 1336 4220 et
1360 4149 1411 4215 ba-

286 4267 435 4354 bendam‚
451 4287 620 4353 sumpnam
636 4268 774 4356 peeunie
798 4267 840 4334 ad
866 4267 998 4352 plenum
1025 4264 1191 4350 reoepisse
1216 4259 1411 4327 affirmantes

288 4375 329 4440 ab
346 4373 471 4441 eodem.
489 4373 593 4452 Quam
610 4376 736 4445 soilioot
752 4381 892 4462 terram,
908 4371 1085 4442 seeundum
1110 4371 1247 4437 formam
1272 4367 1411 4452 priorum

286 4482 466 4548 litterarum
482 4489 663 4550 nostrarum
674 4483 922 4571 memorialium,
938 4502 960 4548 a
974 4482 1059 4548 festo
1075 4477 1170 4546 Beati
1188 4473 1321 4559 Georgij
1333 4492 1410 4538 mar-

285 4587 358 4655 tiris
373 4607 476 4670 nsque
492 4595 627 4658 ootanas
653 4593 859 4660 Pentecostes
886 4613 945 4677 pro
975 4589 1119 4674 quinque
1143 4583 1264 4652 mareis
1290 4577 1412 4668 pignori

287 4694 513 4786 abligauerant
528 4695 683 4782 Magistro
699 4699 865 4788 Stephano
891 4701 1073 4788 prenotato,
1100 4699 1133 4762 et
1157 4713 1216 4782 pro
1242 4687 1412 4787 omissione
