3112 5158
816 245 969 340 Q

330 435 487 502 Farkasio
504 441 537 501 et
552 433 627 520 filijs
643 435 787 502 eiusdem
803 443 946 504 nostrum
963 439 1170 524 priuilegium
1202 461 1266 506 non
1298 441 1443 507 obstante

329 545 483 609 absencia
500 544 605 628 partis
621 544 759 610 aduerso
773 544 980 612 conferemus.
997 547 1118 612 Datum
1143 547 1176 612 iu
1203 549 1376 633 quindenis
1391 547 1447 613 Na·

328 647 467 716 tinitatis
499 649 590 716 Beati
609 649 767 718 Jolraunis
793 651 941 737 Baptista
966 673 1052 720 anno
1070 654 1198 721 Domini
1215 654 1336 722 ΜΟΟΟο
1353 676 1445 720 nona-

329 756 453 838 gesimo
470 756 579 822 tercio.

1541 855 1542 908 l

328 951 445 1020 (Saepesi
458 953 552 1006 Jakab
564 951 774 1024 orsutgbirdnalr
789 953 1074 1026 tota-kiltirattb613
1087 972 1104 1007 a
1117 958 1199 1011 budai
1212 958 1264 1008 lrir.
1279 958 1401 1008 kamarai
1410 957 1433 1007 lo

813 1043 978 1116 rdltdrban.)

782 1329 996 1344 Μ

871 1758 915 1828 82

327 1958 358 2020 A
374 1953 470 2020 dodoi
484 1953 708 2041 lctptclooaole
723 1955 999 2044 biaoayrdpleoele,
1018 1960 1100 2043 luopy
1119 1955 1255 2045 Gydrpp
1272 1957 1444 2042 Epaokjlo,

326 2062 473 2130 Pomriazi
489 2064 587 2144 laicos,
604 2064 750 2150 dizooyoo
763 2065 905 2150 ozdllejdt
920 2087 943 2130 a
957 2066 1146 2151 aprilazigetc'
1161 2064 1441 2152 apriczaadrdriaalr

772 2171 890 2236 clarita.
908 2172 1006 2238 1293.

685 2332 714 2398 A
876 2333 902 2397 Β
1063 2331 1088 2397 O

436 2468 619 2556 Capitulum
634 2467 795 2540 Budcnsis
811 2471 957 2539 Ecclesic
974 2471 1123 2538 omnibus
1149 2470 1271 2538 Christi
1296 2471 1449 2538 fidelibus
1541 2479 1542 2570 l

327 2581 531 2666 presencium
547 2580 699 2647 noticiam
715 2580 873 2649 habituris
889 2582 1026 2648 salutem
1042 2580 1077 2646 in
1095 2599 1144 2665 co,
1161 2580 1217 2664 qui
1232 2579 1291 2647 dat
1309 2581 1450 2647 salutem
1541 2609 1542 2670 q

327 2686 473 2754 omnibus
490 2695 521 2754 et
537 2694 719 2760 conseruat.
747 2687 799 2755 Ad
821 2686 1043 2756 uniuersorum
1059 2688 1212 2755 noticiam
1228 2695 1296 2754 tam
1321 2706 1451 2774 presen·
1541 2687 1542 2770 l

326 2793 409 2861 cium
423 2817 518 2882 quam
534 2796 712 2864 futurorum
730 2797 843 2866 harum
859 2795 942 2864 serie
967 2797 1114 2862 uolumus
1141 2795 1329 2880 peruenire:
1363 2793 1452 2878 quod
1541 2783 1542 2842 ἶ

327 2901 485 2987 Georgius
502 2904 585 2971 lilius
601 2905 651 2988 Eg
669 2903 710 2970 de
725 2905 803 2970 villa
818 2904 935 2969 Pomaz
951 2905 994 2970 ab
1011 2923 1076 2969 una
1088 2908 1190 2988 parte,
1202 2909 1234 2967 et
1244 2900 1453 2987 fraterlloys
1541 2897 1542 2978 l

326 3009 366 3074 de
382 3008 503 3076 Ordine
519 3013 669 3078 Fratrum
684 2999 928 3079 Prodicatorum
944 3016 1133 3098 procurator
1159 3029 1303 3078 sororum
1331 3009 1373 3078 dc
1403 3009 1455 3073 In·
1541 3025 1542 3104 }

326 3118 397 3184 sula
414 3117 513 3186 Beato
528 3119 673 3205 Virginis
689 3139 755 3186 una
770 3139 842 3186 cum
858 3118 1028 3186 Dominioo
1045 3117 1144 3184 fratre
1159 3117 1211 3184 sui
1227 3115 1361 3184 Ordinis
1377 3116 1454 3184 uice

327 3233 358 3291 et
374 3227 502 3294 nomine
521 3227 695 3295 earundem
713 3247 860 3294 sororum
876 3247 915 3294 ex
931 3226 1047 3310 altera,
1066 3244 1173 3293 coram
1189 3225 1283 3290 uobis
1298 3243 1457 3310 persona
1541 3233 1542 3310 j

327 3335 398 3401 liter
414 3335 588 3414 constituti,
606 3336 770 3422 predictus
787 3334 947 3419 Georgius
966 3334 1133 3402 consessus
1151 3339 1208 3417 cst,
1224 3331 1459 3418 quodviueam
1541 3339 1542 3412 j

326 3462 418 3507 auam
435 3441 467 3506 in
483 3443 644 3510 territorio
661 3443 745 3510 dicte
757 3443 835 3510 ville
846 3446 964 3510 Pomaz
976 3442 1162 3528 porcionem
1171 3439 1399 3525 predictarum
1410 3460 1462 3506 so·
1541 3449 1542 3522 ᾗ

325 3567 433 3614 rorum
444 3549 693 3634 contingentem,
713 3551 799 3617 inter
817 3550 931 3616 vineas
943 3549 1087 3636 ipsarum
1103 3567 1248 3614 sororum
1268 3554 1299 3612 et
1315 3546 1463 3614 liliorum
1541 3569 1542 3632 4

326 3653 1468 3743 Peturkcexistentem,comomnibusutilitatibussuisetpertiucncijs,

327 3762 423 3829 dictis
432 3762 594 3829 sororibus
611 3784 667 3848 pro
686 3765 788 3832 tribus
805 3764 924 3830 marcis
943 3767 1039 3850 plene
1049 3761 1191 3847 receptis
1209 3765 1250 3829 ab
1262 3761 1411 3848 eisdem,
1424 3763 1467 3828 de
1541 3763 1542 3826 l

324 3867 531 3936 uoluntateet
540 3873 851 3938 consensuomniuur
862 3877 1072 3955 cognatorum
1083 3889 1212 3938 suorum
1222 3876 1254 3935 et
1263 3868 1468 3951 uicinorum,

324 3976 412 4044 nullo
429 3977 556 4060 penitus
573 3979 809 4046 contradictore
826 3979 997 4066 existente,
1025 3977 1229 4046 uendidisset
1252 3980 1468 4060 peremniter
1541 3967 1542 4032 ἶ

325 4092 357 4153 et
373 4084 625 4154 irreuooabiliter
640 4085 889 4174 possidendam
905 4087 1107 4157 assumendo
1125 4083 1350 4170 etobligando
1363 4105 1417 4174 se,
1432 4093 1472 4156 ut

324 4193 352 4261 si
368 4192 493 4278 prefate
509 4215 634 4264 sorores
653 4215 806 4281 processu
826 4203 1001 4281 temporum
1020 4197 1149 4264 racione
1165 4195 1258 4262 vinee
1274 4203 1472 4262 memorate

323 4321 381 4386 per
405 4303 589 4387 quempiam
606 4305 863 4388 molestarentur,
883 4309 1045 4370 teneretur
1062 4303 1191 4372 easdem
1217 4286 1415 4370 defendere
1439 4311 1473 4370 et
1541 4299 1542 4352 l

324 4409 462 4476 liberare
478 4411 620 4497 proprijs
636 4411 801 4480 laboribus
818 4419 850 4478 et
867 4412 1026 4496 expensis.
1042 4411 1080 4478 In
1097 4409 1246 4478 ouiusrei
1263 4413 1471 4480 memoriam

322 4525 573 4606 perpetuamque
603 4521 788 4590 firmitatem
805 4519 849 4588 ad
863 4521 1061 4590 instanciam
1078 4527 1109 4588 et
1124 4517 1325 4606 peticionem
1358 4523 1471 4592 Geor·
