3098 5172
596 267 754 423 m.

101 521 298 608 chiepiscopi
327 517 569 604 Strigoniensis,
588 516 702 586 codem
719 518 851 585 domino
868 525 902 584 et
916 515 1106 584 Reverendo
1132 524 1228 601 patre

100 631 134 696 Β.
151 627 323 716 Episcopo,
355 635 563 714 procuratore
595 633 704 694 nostro
729 625 859 694 adhoc
884 627 1067 712 specialiter
1093 647 1114 690 a
1129 624 1225 692 nobis

99 736 284 822 constituto,
300 737 429 804 nomine
446 753 504 803 suo
522 741 555 801 ct
570 743 679 804 nostro
697 734 812 802 fuisset
827 737 1031 820 propositum
1043 761 1051 802 ι
1062 732 1148 818 quod
1158 753 1229 819 pre-

99 847 181 912 dicte
198 845 325 910 decime
341 851 374 910 et
390 844 537 910 uisitacio
554 843 720 930 synodalis
736 843 770 910 id
787 841 861 932 (lgy
874 839 958 930 „ad“
970 842 1107 929 helyeti)
1118 841 1228 926 ipsum

99 959 130 1022 ct
145 973 205 1020 uos
223 953 265 1020 de
281 953 351 1018 iure
368 959 400 1020 ct
415 953 488 1036 lege
506 949 693 1038 dyocesana
709 957 741 1018 et
767 951 836 1017 iure
862 951 1003 1036 Capituli
1026 952 1226 1036 pertineret3

99 1082 154 1150 per
170 1061 336 1148 predictos
352 1066 461 1126 auteur
472 1061 630 1144 plebanos
646 1060 679 1126 in
696 1061 891 1127 contrarium
907 1059 1067 1126 extitisset
1077 1059 1224 1142 relatum,

98 1172 184 1256 quod
199 1171 348 1256 predicte
363 1170 488 1237 decime
503 1179 534 1236 et
551 1170 702 1238 uisitacio
719 1169 855 1256 Concilij
884 1171 927 1236 ad
943 1170 1123 1236 Ecclesiam
1150 1168 1228 1234 Stri-

97 1280 288 1364 goniensem
303 1279 491 1366 pertineret,
518 1299 591 1344 curu
607 1280 757 1346 Ecclesia
781 1278 1019 1362 strigoniensis
1043 1275 1129 1342 haue
1153 1295 1224 1362 pre-

104 1389 288 1471 rogatiuam
305 1409 344 1454 cx
369 1387 542 1473 priuilegio
568 1394 600 1454 et
626 1387 760 1473 antiqua
785 1384 1017 1454 consuetudine
1048 1384 1228 1472 prescripta

99 1497 219 1562 habere
236 1494 452 1580 dignoscatur,
470 1493 558 1577 quod
573 1515 684 1562 omnes
701 1496 848 1574 Ecclesia
868 1500 899 1560 et
929 1492 1062 1577 Capellc
1086 1492 1227 1575 Regales

101 1623 157 1670 scu
173 1604 364 1691 Reginales,
380 1604 567 1670 earumdem
583 1604 717 1690 plebani
734 1613 766 1670 et
791 1607 931 1669 rectores
948 1591 1062 1686 plenas
1084 1595 1230 1664 decimas

98 1713 129 1777 iu
147 1711 297 1778 omuibus
313 1711 454 1778 debeant
467 1711 634 1797 percipere
651 1716 683 1778 et
699 1713 828 1796 habere,
845 1719 878 1777 et
895 1709 1072 1777 Concilium
1096 1705 1227 1773 Arcbie·

99 1821 225 1907 piscopi
242 1820 394 1908 risitsrc3
411 1840 508 1906 super
524 1840 588 1903 quo
605 1821 708 1887 eciam
725 1821 933 1904 priuilegium
950 1817 1145 1886 venerabilis
1171 1835 1227 1900 ps-

100 1929 155 1995 tris
167 1927 290 1994 domiui
305 1929 474 1995 Lodomeri
485 1928 730 2014 Archiepiscopi
741 1928 860 1994 Sancta
872 1925 1104 2010 strigoniensis
1115 1924 1227 1990 Eccle-

97 2039 141 2104 sie
158 2037 192 2102 in
208 2035 349 2102 medium
364 2037 595 2122 produxerant.
612 2035 683 2114 Quo
695 2035 823 2120 quidem
835 2036 1007 2120 priuilegio
1024 2033 1095 2100 viso
1111 2039 1143 2098 et
1158 2051 1227 2118 per·

100 2147 190 2233 lecto,
207 2151 240 2210 et
257 2145 381 2211 auditis
398 2153 430 2211 et
445 2145 626 2230 intellectis,
643 2165 706 2230 que
722 2146 796 2214 hinc
812 2145 889 2211 iude
909 2142 1017 2211 dicere
1033 2149 1066 2208 et
1081 2143 1228 2222 allegare

100 2253 270 2338 uolebant,
287 2253 375 2319 idem
390 2254 601 2322 Reuerendus
615 2255 649 2321 iu
666 2254 794 2322 Christo
812 2260 908 2338 pater
939 2258 971 2319 ct
1003 2249 1151 2317 dominus
1184 2249 1221 2315 B.

100 2362 279 2448 Episcopus
296 2369 329 2428 et
345 2369 538 2447 procurator
553 2370 663 2431 noster
686 2365 876 2451 premissus,
901 2365 973 2429 iure
997 2358 1225 2445 compromissi
1273 2407 1277 2415 ·

103 2471 177 2537 inibi
207 2491 318 2538 coram
341 2471 532 2539 Reuerendo
558 2472 709 2558 Capitulo
733 2472 880 2540 Ecclesie
911 2468 1157 2554 Strigonicnsis,
1188 2487 1227 2534 ac

101 2577 291 2662 quibusdam
309 2579 450 2646 Prelatis
467 2579 587 2646 ibidem
603 2581 822 2667 presentibus,
838 2580 968 2648 nominc
984 2599 1042 2646 suo
1059 2584 1090 2645 et
1118 2583 1225 2644 nostro

100 2691 129 2748 et
144 2685 288 2754 Ecclesia
305 2686 567 2773 Wesprimiensis
592 2688 691 2756 cessit
718 2687 908 2776 voluntarie,
935 2695 968 2756 et
992 2687 1096 2754 libere
1121 2686 1225 2754 eciam

99 2794 299 2860 renunciauit
311 2797 398 2861 omni
415 2794 541 2862 accioni
557 2804 589 2862 et
605 2795 689 2884 iuri,
706 2817 764 2864 scu
789 2796 841 2862 liti
858 2817 956 2880 quam
980 2801 1138 2880 mouerat,
1165 2813 1223 2861 scu

98 2920 223 2970 mouere
239 2902 450 2989 intendebat,
467 2904 658 2989 promittens
675 2923 733 2971 suo
759 2911 791 2973 et
815 2911 925 2972 nostro
952 2904 1091 2990 nomine,
1117 2903 1222 2989 tactis,

97 3009 282 3096 interposito
299 3012 389 3096 liguo
405 3011 529 3078 Sauctc
545 3013 666 3099 (irueis,
683 3015 900 3081 sacrosanctis
917 3011 1123 3097 ewangeliJs,
1134 3010 1220 3077 affir-

98 3137 184 3186 mans
201 3119 335 3186 firmiter
351 3127 384 3186 et
399 3141 634 3206 assumpmens,
652 3121 737 3204 quod
753 3120 794 3188 de
811 3129 917 3189 cetero
928 3142 988 3206 per
1005 3120 1111 3205 ipsum
1124 3123 1156 3184 et
1166 3137 1225 3204 per

98 3245 156 3291 nos
171 3231 203 3292 et
226 3247 431 3295 successores
457 3237 596 3317 nostros,
622 3231 743 3298 eisdem
767 3231 916 3317 plebanis
943 3249 1040 3316 super
1066 3227 1225 3314 predictis

99 3333 229 3402 decimis
245 3343 278 3402 et
294 3335 488 3405 uisitacions
513 3335 649 3423 Concilij
675 3339 766 3405 nulla
791 3337 959 3405 contencio
985 3335 1141 3419 inchoari,
1168 3357 1225 3404 seu

96 3441 139 3507 lis
153 3443 265 3526 aliqua
280 3443 322 3510 de
338 3445 407 3511 iure
424 3447 475 3512 vel
493 3445 534 3512 de
549 3447 635 3514 lacto
653 3448 771 3515 debeat
787 3447 954 3533 suscitari,
972 3454 1004 3512 et
1020 3447 1059 3535 si,
1070 3445 1158 3538 quod
1169 3446 1226 3512 ab·

98 3549 150 3628 sit,
166 3571 248 3620 ausu
264 3554 436 3623 temerario
452 3577 512 3640 pcr
528 3555 667 3622 eundem
683 3555 848 3622 domiuum
873 3555 1101 3624 Reuereudum
1127 3555 1220 3641 Epis-

99 3675 221 3748 copum,
238 3681 298 3728 seu
314 3681 372 3748 per
388 3683 447 3730 uos
464 3669 495 3729 et
512 3683 716 3731 successores
738 3670 875 3750 nostros,
893 3684 1045 3751 processu
1070 3663 1225 3750 temporis

99 3767 217 3835 eisdem
233 3769 394 3856 plebanis,
412 3777 467 3838 aut
483 3793 593 3838 eorum
610 3773 859 3853 successoribus,
878 3794 974 3858 super
990 3770 1143 3861 predictis
1170 3771 1219 3837 dc·

98 3875 187 3942 cimis
203 3884 235 3943 ct
251 3875 442 3945 uisitacione
458 3878 599 3964 Concillj
614 3879 654 3947 lis
671 3882 782 3966 aliqua
798 3888 999 3964 moueretur,
1017 3889 1136 3948 extunc
1146 3883 1223 3946 aute

98 3981 167 4048 litis
181 3983 373 4072 ingressum,
389 3988 514 4072 absque
531 3989 617 4055 omni
633 3990 830 4075 excepcione
849 3988 971 4056 eisdem
987 3988 1148 4074 plebanis,
1158 4005 1220 4056 sca

97 4110 202 4158 eorum
217 4095 468 4183 successoribus,
486 4098 643 4164 ducentas
658 4117 784 4165 marcas
802 4099 872 4184 puri
889 4084 1014 4180 argenti
1032 4098 1161 4162 soluere
1177 4103 1223 4161 te·

98 4215 255 4288 ueremur,
272 4210 305 4270 et
321 4224 360 4271 ec
375 4203 446 4290 ipsc
463 4205 550 4272 facto
567 4205 796 4272 nichilominus
814 4212 905 4272 reatu
928 4203 1062 4291 periurij
1091 4209 1122 4270 et
1147 4222 1225 4290 pon-

99 4305 175 4376 dere
190 4331 419 4398 premeremur.
438 4315 506 4381 Nos
523 4321 628 4380 autem
654 4313 772 4381 luimus
798 4335 856 4401 per
882 4315 968 4400 ipsos
995 4313 1164 4399 plebanos,
1191 4316 1224 4378 et

97 4441 156 4505 per
170 4419 295 4490 litteras
311 4422 413 4508 ipsius
431 4423 574 4508 Capituli
590 4421 822 4505 strigoniensis
838 4423 997 4508 premissi,
1015 4441 1054 4488 sc
1072 4439 1222 4506 quorum·

100 4530 176 4593 dam
191 4529 391 4596 Preietorum
406 4551 502 4616 super
514 4531 603 4597 dicte
613 4531 858 4598 renunciacionc
871 4537 902 4595 et
912 4530 1070 4616 cessione,
1086 4547 1145 4594 seu
1154 4547 1224 4613 per·

99 4635 261 4725 missione,
287 4657 347 4723 per
374 4638 481 4724 ipsum
505 4638 732 4707 Reuerendum
757 4645 883 4724 patrem
909 4639 944 4704 B.
972 4640 1167 4728 Episcopum
1192 4645 1225 4708 ct
