3170 5166
577 298 737 398 ‚sn-

92 493 201 579 Regin,
217 491 425 580 presentibus
441 489 589 573 Preiatis,
616 492 814 558 Borronibus
845 496 878 558 et
908 490 1082 558 Nobilibus
1112 485 1219 572 Regni

90 600 191 668 nostri
206 599 382 668 reddemus
396 605 429 666 et
444 599 661 684 restituemus,
677 599 770 666 iuxta
786 606 841 666 tue
864 597 1032 666 fidelitatis
1063 599 1218 667 volunta·
1342 591 1344 594 ’

95 713 165 774 iem.
183 706 291 784 Quare
307 706 498 773 fidelitatem
515 713 604 774 tuum
619 705 813 774 mandantes
829 706 1042 794 {requirimus
1058 713 1220 790 quatenus

89 820 280 881 eonsuetam
295 812 488 882 fidelitatem
504 835 569 882 non
595 815 736 882 desistas
766 814 861 880 nobis
892 832 991 897 opere
1021 813 1219 900 adimplere,

96 920 285 989 attrahendo
317 921 378 988 tibi
409 940 520 988 omnes
559 928 715 1005 cognatos
745 928 827 1005 tuos,
860 925 892 988 et
922 921 1004 988 alios
1036 941 1116 1005 quos
1138 933 1218 1006 'po-

95 1028 177 1110 teris,
210 1047 269 1115 pro
299 1026 469 1114 fidelitate,
501 1036 536 1095 ut
557 1027 772 1114 premisimus,
803 1029 897 1095 nobis
927 1027 1145 1114 inpendenda.
1177 1027 1220 1094 st

88 1141 248 1219 *cognatos
263 1141 347 1222 tuos,
365 1135 420 1219 qui
436 1135 496 1203 tibi
527 1137 736 1221 adheserunt,
770 1135 920 1202 similiter
942 1135 1096 1220 prosequi
1127 1135 1216 1202 volu·

91 1263 161 1309 mus
178 1241 265 1308 omni
282 1241 465 1310 dileooione
481 1245 584 1326 Regio
600 1263 673 1310 oum
688 1243 811 1311 fauore.
827 1243 948 1311 Datum
975 1241 1067 1310 Bude
1098 1247 1216 1326 quarto

95 1353 143 1418 die
159 1351 398 1434 quindenorum
415 1353 632 1419 Pentecostes

197 1457 229 1523 K
240 1459 252 1524 i
263 1481 284 1524 r
295 1466 316 1524 u
327 1460 358 1525 l:
374 1457 483 1526 Fideli
500 1478 558 1526 suo
576 1457 694 1524 Comiti
710 1457 831 1526 Oebuz.

88 1654 229 1719 vOEredeiie
242 1651 418 1720 bbrhbrtybn,
432 1671 449 1706 a
462 1653 600 1724 serpseoet
612 1656 760 1718 elreezett3
784 1655 895 1706 obudui
917 1655 968 1704 kir.
991 1654 1116 1704 kumuroi
1136 1651 1219 1704 level·

595 1743 712 1812 tbrban.)

550 2011 763 2024 —-—-—-

621 2402 698 2470 280.

90 2605 149 2668 m.
166 2603 281 2668 Endos
296 2605 472 2689 kt'rsu'lyotuk
486 2587 657 2687 portuosus¹
677 2625 699 2664 a
731 2601 981 2685 uerbozemepyei
1005 2600 1217 2706 fbispursbop,

88 2713 168 2800 bopy
185 2714 322 2778 Lueuoo
337 2716 368 2778 e's
387 2710 524 2776 Oriboob
539 2708 723 2794 helysepeket
741 2708 860 2796 dtodjou
878 2707 968 2792 Opuz
984 2705 1149 2772 oomosueic.
1165 2708 1216 2770 Eo

591 2817 708 2881 oelkul.

196 3011 351 3079 Andreas
366 3010 427 3078 Dei
443 3011 557 3096 grauia
571 3013 643 3076 Rex
657 3010 826 3093 Hungorie
843 3009 961 3077 dileoto
979 3015 1011 3076 et
1037 3009 1125 3075 fideii
1169 3030 1221 3076 su·

77 3118 208 3188 Cosme
225 3118 342 3186 Comiti
358 3119 399 3185 de
415 3117 596 3184 Wereuebe
621 3119 759 3185 sulutem
792 3123 825 3184 et
855 3115 1012 3201 grauium.
1044 3115 1216 3183 Fidelitati

79 3231 137 3294 tue
153 3225 371 3313 precipiendo
388 3225 591 3312 mandamus,
609 3231 769 3310 quatenus
795 3221 894 3290 uillas
924 3221 1060 3290 Lusuns
1099 3229 1130 3291 et
1160 3221 1220 3290 Ori
1335 3250 1340 3260 ·

79 3334 180 3418 boob,
217 3333 252 3399 in
283 3334 444 3400 Comitatus
470 3331 510 3400 do
540 3332 722 3400 Wereuebe
752 3333 938 3414 existentes,
969 3329 1090 3399 Oomiti
1131 3329 1221 3417 Oguz

79 3441 210 3508 dileoto
236 3447 270 3506 et
299 3439 388 3507 fideli
421 3445 541 3522 nostro,
572 3439 657 3506 sicut
685 3458 744 3523 per
776 3437 898 3522 priores
931 3437 1058 3506 litteras
1089 3446 1219 3506 nostros

77 3548 140 3615 tibi
158 3547 359 3615 dederamus
375 3545 600 3632 immundatis,
617 3551 793 3613 statuisset
811 3545 964 3630 assignes
981 3547 1016 3612 in
1049 3564 1089 3612 ea
1117 3546 1218 3613 liber-

75 3660 149 3724 tate
168 3652 282 3722 eidem
299 3652 417 3722 Oomiti
433 3654 524 3738 Ogun
542 3654 732 3742 seruiturus,
749 3653 837 3721 sieut
852 3651 897 3720 od
913 3673 973 3719 nos
989 3655 1156 3738 pertinere
1172 3653 1221 3719 di-

75 3765 275 3831 noseuntur.
291 3761 395 3831 Aliud
411 3781 476 3829 non
491 3760 596 3829 facias
622 3763 688 3828 uilo
720 3759 828 3828 modo.
859 3761 983 3827 Datum
1013 3761 1106 3828 Bude
1137 3763 1221 3828 seria

70 3873 200 3956 quinta
218 3874 296 3934 unte
312 3867 429 3957 festum
445 3869 597 3937 Barnabe
611 3868 772 3956 Apostoli.

192 3975 354 4044 Kivfii:
372 3976 530 4062 Magistro
547 3976 664 4046 Oosme
682 3976 800 4044 Oomiti
816 3975 856 4042 de
872 3974 1057 4044 Wereuebe

70 4178 228 4244 (Eredetie
245 4172 420 4242 biirhbrtyrin,
442 4173 607 4244 usurpasset
632 4176 780 4238 eivesustt3
806 4173 919 4225 ebudei
930 4173 980 4224 kir.
995 4173 1121 4225 iromnrui
1134 4170 1227 4224 lorel-

598 4262 719 4330 turbon.)
