3170 5166
830 318 896 382 318

790 404 948 415 ...n-—

833 595 911 662 atr.

309 779 423 844 Ietvo'o
450 786 557 840 mealer
581 775 768 860 oraadpbird
792 776 974 862 lednyo'ault
999 774 1188 860 depetunt,
1213 779 1300 842 Balce
1324 790 1445 844 mestar

306 883 478 950 hile-eadred
488 881 619 967 dtenped
628 883 768 967 juvatur
778 879 938 966 deotmar,
949 882 1057 948 Butae·
1074 887 1107 948 e‘a
1122 883 1276 950 Szuholelt
1296 886 1439 972 mapye'lr-

789 989 845 1052 heo
861 990 957 1054 1300.

413 1130 596 1217 Stephanus
612 1130 775 1214 Magister
790 1130 876 1196 filius
891 1131 1003 1217 Erney
1020 1131 1104 1198 Bani
1119 1131 1228 1200 ludex
1256 1135 1354 1202 Ourie
1381 1136 1436 1202 do·

307 1241 387 1306 mini
403 1241 504 1323 Regis
526 1237 686 1307 uniuersis
718 1235 837 1304 Christi
861 1237 1015 1306 fidelibus
1038 1247 1207 1324 presentes
1238 1241 1363 1308 litteras
1388 1245 1436 1306 in-

306 1347 468 1432 speoturis
484 1346 623 1412 salutem
639 1345 674 1411 in
690 1344 806 1411 salutis
824 1347 990 1428 largitore.
1019 1345 1062 1412 Vt
1088 1346 1288 1414 donaciones
1314 1351 1435 1416 Princi-

304 1471 385 1536 pum
401 1457 560 1536 perpetua
574 1450 727 1516 firmitate
743 1448 934 1535 solidentur,
952 1451 1136 1517 litterarum
1161 1451 1268 1519 solent
1291 1456 1441 1521 testimor

306 1563 360 1626 nio
376 1555 587 1640 communiri3
603 1556 833 1622 inconcussum
859 1557 979 1642 quippe
996 1564 1163 1640 permanet
1179 1564 1279 1642 atque
1296 1559 1435 1645 firmum,

307 1667 392 1750 quod
408 1665 521 1748 soripli
537 1663 717 1750 patrooinio
734 1665 958 1734 communitur.
977 1664 1115 1730 Proinde
1141 1665 1185 1730 ad
1209 1666 1435 1733 uniuersorum

305 1773 459 1840 noticiam
475 1771 591 1836 harum
607 1771 692 1856 serie
708 1773 854 1838 volumus
868 1773 1056 1855 peruenire:
1080 1771 1167 1854 quod
1183 1792 1241 1838 nos
1257 1773 1359 1838 filiam
1377 1795 1432 1839 no-

308 1890 410 1948 stram
425 1878 634 1944 karissimam
650 1876 766 1963 Anyoh
782 1885 944 1964 vocatam,
961 1888 1142 1944 consortem
1168 1880 1318 1963 Magistri
1331 1881 1436 1945 ·Beke

310 1987 367 2073 filij
386 1985 520 2072 Thomu,
537 1991 674 2068 paterna
690 1984 813 2066 pietate
844 1983 968 2050 induoti
994 1983 1144 2052 debonis
1168 1986 1314 2071 paternis
1340 1988 1437 2070 pauti-

308 2097 415 2178 uipem
431 2092 540 2160 faeere
556 2089 734 2175 cupientes,
760 2110 800 2156 ex
825 2091 1033 2175 beneplacito
1058 2099 1090 2156 et
1116 2092 1243 2158 sineera
1268 2094 1438 2178 uoluntate

312 2203 502 2270 dilectorum
517 2199 657 2265 filiorum
682 2203 873 2284 nostrorum,
898 2198 1058 2282 Stephani
1083 2198 1247 2286 videlieet,
1272 2201 1432 2267 Johannis

313 2316 346 2375 et
362 2308 487 2394 Jaoobi,
504 2305 662 2389 quasdam
677 2304 900 2390 possessiones
917 2312 1047 2372 nostras
1072 2306 1299 2390 hereditarias,
1322 2308 1434 2374 videli-

309 2425 360 2481 eet
375 2413 488 2481 Meerlr
512 2411 545 2476 in
563 2411 723 2478 Comitatu
739 2411 780 2477 de
795 2411 960 2498 Zathmar,
978 2419 1011 2478 et
1027 2413 1113 2478 Alba
1127 2415 1161 2479 in
1188 2414 1351 2480 Comitatu
1375 2417 1437 2499 By·

310 2519 455 2587 horiensi
472 2517 667 2602 existentes5
683 2519 761 2584 item
777 2517 941 2600 quandam
956 2521 1195 2604 possessionem
1215 2529 1362 2587 nostram
1378 2540 1436 2604 per

311 2631 423 2711 Erney
438 2625 563 2692 Banum
578 2633 702 2712 patrem
719 2633 862 2692 nostrum
878 2625 985 2691 felinis
999 2626 1237 2694 reeordaeionis
1246 2628 1438 2712 acquisitam

309 2735 580 2802 Bezarmenteluk
596 2739 745 2800 vocatam
761 2735 795 2798 in
812 2731 974 2800 Comitatu
1000 2735 1042 2800 de
1066 2735 1207 2801 Zoboloh
1232 2738 1439 2820 existentem,

310 2859 383 2906 oum
400 2839 549 2905 omnihus
566 2839 758 2906 utilitatibus
775 2843 806 2904 et
824 2841 1033 2925 pertinenoijs
1049 2841 1129 2926 suia,
1146 2843 1207 2908 suh
1225 2841 1347 2910 eisdem
1374 2863 1436 2908 me⁴

309 2949 352 3015 tis
368 2957 401 3013 et
416 2946 572 3030 terminis,
588 2947 705 3031 quibus
723 2947 837 3012 eedem
853 2967 912 3031 per
927 2967 986 3014 nos
1001 2948 1134 3015 fuerunt
1159 2968 1311 3033 possesse
1336 2968 1438 3032 usqne

307 3053 414 3138 modo,
432 3053 589 3138 dedimus,
606 3051 809 3135 donauimua,
828 3051 1020 3120 tradidimus
1038 3061 1071 3120 et
1096 3055 1291 3122 contulimus
1316 3077 1434 3123 memo-

312 3167 383 3227 rate
398 3159 464 3226 filie
480 3165 597 3244 nostre,
614 3165 645 3224 et
660 3178 718 3242 per
733 3159 840 3242 ipsam
857 3160 924 3227 suis
935 3159 1120 3250 heredibus,
1135 3161 1356 3247 heredumque
1369 3185 1439 3231 suo-

312 3289 384 3333 rnm
411 3264 650 3334 suceessoribus
681 3271 838 3351 perpetuo
871 3268 941 3334 iure
967 3276 999 3334 et
1023 3269 1279 3335 irreuooahiliter
1302 3271 1438 3355 paoifiuo

309 3373 535 3462 possidendas,
553 3372 721 3439 habendas
738 3379 771 3439 et
788 3376 959 3444 tenendas.
976 3376 1024 3440 Eo
1050 3381 1161 3441 tamen
1186 3375 1324 3459 adiecto,
1352 3377 1438 3460 quod

309 3483 337 3548 si
357 3499 511 3566 processu
527 3486 711 3564 temporum
727 3487 908 3547 memorata
923 3479 992 3546 lilia
1007 3490 1119 3547 nostra
1138 3481 1192 3547 nel
1220 3482 1324 3568 ipsius
1350 3483 1438 3549 here·

310 3589 369 3655 des
387 3588 458 3654 aine
475 3586 595 3654 herede
616 3584 820 3672 decederent,
837 3594 955 3654 extune
982 3585 1129 3672 prediolo
1155 3589 1382 3672 possessiones
1406 3589 1438 3654 in

315 3717 408 3764 usum
440 3714 497 3762 seu
529 3693 712 3778 potenoiam
743 3693 1057 3778 consanguineorum
1089 3695 1259 3762 memorati
1289 3696 1437 3780 Magistri

310 3802 401 3869 Bake
417 3802 577 3869 consortis
594 3800 645 3868 sui
672 3801 762 3867 nullo
788 3801 883 3869 modo
909 3802 1143 3886 extendantur5
1168 3802 1227 3870 sed
1252 3803 1297 3868 ad
1323 3823 1437 3870 manns

313 3929 371 3976 seu
402 3909 635 3996 proprietatem
667 3909 804 3976 filiorum
830 3916 1015 3977 nostrornm
1043 3909 1097 3975 uel
1123 3929 1252 3976 suorum
1284 3908 1436 3977 heredum

309 4016 426 4082 iterato
458 4016 687 4084 deuoluantur.
713 4019 752 4082 In
778 4017 871 4082 ouius
895 4017 943 4084 rei
969 4017 1156 4084 memoriam
1183 4023 1436 4102 perpetuamque

315 4123 498 4191 firmitatem
515 4131 683 4210 presentes
699 4124 917 4190 conoessimus
933 4123 1062 4188 litteras
1078 4121 1180 4190 nostri
1206 4122 1309 4207 sigilli
1335 4123 1437 4188 muni·

316 4230 402 4298 mine
418 4233 641 4299 communitas.
658 4232 780 4298 Datum
799 4251 885 4297 anno
901 4229 1034 4296 Domini
1049 4229 1099 4294 Ma
1115 4230 1352 4298 trecentesimo.

312 4373 453 4438 (Eredetie
465 4372 640 4442 bhrhdrtydn,
661 4372 864 4444 marga-ultr&
878 4375 1109 4443 selyemnsindran
1122 4378 1232 4444 lllgglltt
1253 4372 1348 4443 peosdt
1369 4373 1438 4424 elra-

556 4471 643 4528 saett3
657 4465 765 4518 abudai
780 4466 832 4518 lrir.
854 4466 978 4517 kamarai
1000 4461 1187 4531 lertltlrbsn.)
