3120 5172
814 211 974 322 ji}-

324 421 435 492 tenore
460 419 667 509 presencium
699 418 850 486 volumus
874 419 942 486 fieri
974 418 1191 504 manifestum,
1226 413 1313 502 qnod
1339 415 1442 484 Comes

324 530 469 596 Thomas
486 528 570 595 filius
585 526 758 612 Pongrarij
786 525 828 592 de
844 545 966 610 genere
982 525 1117 592 Chanad
1133 523 1215 590 feria
1240 533 1359 609 quarta
1385 549 1441 613 pro·

326 641 415 706 xima
429 643 504 702 ante
520 636 608 702 diem
624 634 720 718 medij
739 632 988 718 quadragesime
1003 654 1091 701 anno
1106 633 1238 700 Domini
1263 634 1442 702 millessimo

329 745 550 813 ducentesimo
582 743 797 828 nonagesimo
829 748 945 809 oelano
977 763 1085 808 eoram
1117 743 1212 810 nobis
1242 743 1443 827 personaliter

328 852 526 921 constitutus
541 851 667 922 litteras
683 850 806 918 domini
831 849 935 917 nostri
959 849 1088 918 Andree
1114 850 1176 917 Dei
1201 851 1317 936 grania
1341 850 1444 938 inclyti

329 962 430 1046 Regis
445 958 614 1044 Hungarie
629 957 725 1028 nobie
751 959 954 1045 presentanit
978 965 1122 1027 tenorem
1147 957 1331 1028 huiusmedi
1356 961 1443 1027 eonti-

329 1073 477 1136 nentem:

438 1172 600 1260 Andreas,
617 1173 658 1240 D.
675 1195 722 1261 gr.
739 1175 810 1243 Rex
826 1175 994 1261 Hungerie
1010 1177 1071 1244 stb.
1089 1173 1304 1266 (kdretkezik
1320 1176 1381 1244 ΙΙΙ.
1396 1179 1446 1245 lln·

338 1286 397 1354 dre
413 1283 592 1368 kirtlynalr
608 1303 781 1372 paranosa,
797 1286 880 1351 mint
895 1285 1026 1354 fentebb
1039 1287 1112 1356 194.
1127 1307 1172 1354 sn.
1184 1285 1231 1374 a)

441 1389 509 1455 Nos
525 1389 624 1476 igitur
639 1392 793 1459 mandato
810 1393 914 1477 Regio
930 1392 1117 1461 obedientes
1134 1395 1300 1478 exemplar
1327 1393 1447 1482 prinile

335 1497 379 1583 gij
413 1496 549 1584 predicti
566 1495 752 1566 conuentus
768 1500 880 1568 Sancti
897 1499 1056 1586 Stephani
1074 1500 1115 1566 de
1140 1503 1362 1566 Promontorio
1388 1503 1447 1568 We·

336 1605 478 1674 radiensi
510 1627 607 1692 snper
654 1608 849 1690 quibusdam
880 1610 1143 1695 possessionibus
1184 1611 1287 1694 ipsius
1328 1610 1448 1676 Comitis

337 1719 470 1804 Thomo,
487 1715 662 1803 Snokulns,
680 1717 819 1782 Berllron
836 1717 1074 1784 etlolamezew
1086 1719 1448 1803 nominatisoonfeotum,

337 1832 371 1891 et
387 1828 419 1891 in
437 1832 546 1890 nostro
564 1824 701 1908 registro
718 1825 930 1910 reconditum,
948 1847 1013 1891 non
1030 1828 1195 1912 abrasum,
1213 1846 1278 1892 non
1304 1827 1449 1894 eaneella·

338 1923 491 2020 tum,'nee
508 1934 541 1998 in
556 1932 669 2015 aliqua
684 1932 735 1998 sui
752 1943 844 2018 parte
860 1934 1013 2000 violatum
1033 1933 1072 2000 de
1090 1935 1189 2001 verbo
1205 1933 1249 2000 ad
1265 1935 1394 2003 verbnm
1409 1955 1449 2000 re·

340 2040 437 2108 soribi
454 2039 589 2108 feeimos
605 2047 720 2107 nostro
736 2039 847 2125 sigillo
864 2041 1026 2127 pendente
1042 2041 1272 2110 confirmando.
1296 2040 1391 2110 Cuius
1413 2047 1450 2108 te·

341 2169 399 2214 nor
414 2147 490 2214 talis
506 2153 575 2215 est:
992 2161 998 2169 ’

449 2255 617 2321 Jolrannes
628 2256 816 2340 Propositus
833 2257 895 2324 stb.
908 2255 1120 2344 (kilrelkrnilr
1136 2279 1156 2324 a
1181 2257 1294 2324 udradi
1311 2259 1451 2327 konrent·

341 2357 407 2428 nek
420 2361 557 2429 lateri
572 2360 854 2448 bizonysr'rglevele
869 2367 952 2430 mint
967 2365 1246 2451 gylljtemenyllnk
1260 2365 1345 2433 Vlll.
1363 2387 1450 2451 vagu·

342 2470 371 2536 is
388 2491 408 2536 a
430 2467 577 2536 mosomk
593 2469 713 2556 solyam
735 2473 793 2540 Ill.
809 2473 981 2540 kdtetelren
1001 2478 1073 2542 120.
1090 2472 1126 2561 l.)

344 2663 692 2736 (Britlrorylslvdnerddlyi
715 2671 798 2736 vajrla
822 2672 932 2722 maeri
955 2669 1070 2754 olrtalvds
1094 2670 1250 2738 deirauthdl,
1275 2689 1291 2726 a
1312 2674 1389 2725 budai
1409 2671 1449 2722 lir.

737 2763 860 2812 kamarai
883 2759 1087 2828 revertebant·

797 3082 1010 3094 ϋηο-κιο...

878 3616 962 3692 208:

352 3817 381 3885 Α
421 3817 607 3887 kereszteset
639 3818 814 3908 felde‘ooizt'
852 3823 1045 3887 lconvenoolr
1084 3819 1354 3909 bizooyadylooele,
1388 3817 1458 3901 dopy

353 3930 448 3994 Pero
469 3929 677 3996 Tookrleuaelr
685 3929 736 4012 fia
753 3955 772 3994 α
789 3934 917 4016 pejeret
938 3933 1123 3997 Yaolclr'oolt
1130 3935 1213 4018 jord
1234 3926 1460 4023 ledoyoepprdre

490 4039 584 4102 oe'zoe
601 4038 712 4104 Peredt'
728 4039 861 4104 Mo'rlon
871 4041 983 4124 fiaildl
999 4039 1221 4124 laeltqtrtererr.
1239 4039 1336 4104 1298.

461 4252 528 4318 Nos
558 4253 658 4320 frater
682 4251 823 4320 Jacobus
850 4253 949 4338 Prior,
977 4260 1008 4322 et
1034 4256 1219 4322 Conuentus
1245 4251 1462 4321 Cruoilerorum

354 4357 499 4427 Ecclesie
515 4363 634 4427 Sanete
650 4361 817 4428 Trinitatis
836 4361 876 4427 do
894 4359 1017 4429 Calidis
1035 4363 1137 4446 Aquis
1154 4364 1306 4430 memorie
1322 4375 1462 4428 sommen-

355 4467 470 4536 damus
498 4468 719 4554 s'gnifioaotes
744 4471 926 4556 uniuersis5
953 4473 1039 4554 quod
1064 4471 1181 4538 Petrus
1206 4471 1291 4540 filius
1315 4463 1465 4536 Teukelor
