3120 5172
825 315 987 415 Q

330 509 427 575 diets
441 513 530 576 terre
546 507 760 595 contenciose,
777 515 809 574 ct
825 507 896 593 ipsc
907 509 1024 575 Comes
1035 509 1157 576 Paulos
1174 509 1260 578 filins
1277 512 1367 580 Rack
1380 509 1449 576 inter

334 615 585 701 ‚possessionem
595 613 716 682 domini
731 615 1156 704 ArchiepisoopiRymocho
1172 625 1329 704 vocatam,
1344 627 1374 685 et
1382 619 1451 684 inter

342 723 589 808 possessionem
600 723 704 808 ipsios
717 723 853 790 Comitis
864 722 1005 810 Nycolai
1021 723 1193 808 Kechegee
1208 733 1366 812 vocatam,
1381 727 1452 792 inter

331 851 425 914 ques
440 831 514 916 ipsa
531 831 699 899 contencio
726 839 797 898 orta
812 833 936 916 fuerat,
964 833 1104 917 erigeret
1129 839 1233 900 metes
1249 835 1340 900 iuxta
1353 835 1452 902 scitum

345 958 459 1023 snum;
478 945 510 1006 et
525 938 701 1006 secundnm
713 939 799 1022 quod
810 939 923 1007 eedem
935 941 1155 1026 possessiones
1164 941 1309 1026 ipsorum
1324 943 1453 1025 porcium

340 1046 521 1132 peripsum
538 1044 694 1113 Comitem
710 1045 847 1114 Paulum
864 1046 965 1114 filium
982 1050 1073 1114 Rack
1097 1049 1254 1116 distincto
1277 1047 1403 1136 inerint,
1427 1055 1453 1114 ct

345 1153 440 1218 metis
456 1159 620 1238 separate,
637 1153 721 1220 idem
739 1152 888 1220 dominns
903 1153 1216 1241 Archicpiscopnset
1233 1153 1349 1222 Comes
1361 1156 1452 1241 Nyoo·

334 1257 416 1326 'iens
433 1259 554 1326 debent
571 1279 643 1326 esse
659 1261 815 1346 contenti,
831 1281 892 1327 ncc
909 1279 1051 1344 unquam
1066 1281 1221 1346 processu
1236 1270 1412 1348 tempomm
1425 1261 1453 1327 ii-

340 1373 409 1432 tem
441 1373 589 1451 poterunt
634 1387 731 1454 snper
771 1368 832 1436 hoc
848 1369 1043 1454 susscitare3
1077 1377 1109 1438 et
1133 1371 1220 1453 quod
1247 1369 1334 1436 idem
1349 1370 1449 1437 Comes

342 1475 517 1558 .Nycolens
527 1473 676 1561 dixisset,
688 1482 722 1540 ut
732 1493 832 1559 super
848 1473 907 1540 iiia
923 1474 1085 1560 particule
1100 1483 1192 1561 terre,
1209 1475 1453 1560 quemdominus

338 1579 615 1665 srebiepiseopus
641 1601 662 1647 a
687 1580 867 1664 Ncgpatok
899 1581 1083 1667 incipiendo
1109 1601 1211 1667 usqne
1241 1579 1453 1667 Beispotbokn

347 1707 461 1755 uersus
478 1687 678 1772 Rymoebam
695 1708 767 1754 oum
783 1691 878 1756 metis
895 1697 1117 1774 seperaucrat,
1139 1709 1237 1773 qnam
1253 1689 1379 1773 quidem
1394 1709 1453 1773 par-

339 1795 478 1862 ticulam
494 1803 578 1861 terre
598 1795 713 1862 Comes
728 1795 913 1881 Stephanus
929 1797 1014 1864 filius
1030 1797 1137 1882 Jsko,
1162 1803 1195 1863 et
1211 1794 1367 1864 bisitinns
1380 1795 1453 1860 filins
1542 1845 1543 1870 ,

342 1903 432 1970 Petri
447 1901 624 1986 degenere
639 1901 881 1988 Huntbpazncn
897 1901 939 1970 cb
958 1902 1068 1970 eodem
1079 1904 1210 1970 domino
1220 1903 1453 1989 Arobiepiscopo
1542 1895 1543 1900 ’

342 2009 581 2096 reinpedinisse
612 2007 824 2093 dicebantur,
857 2016 1004 2096 etsuper
1033 2010 1237 2097 aurifodinis,
1270 2033 1331 2095 quo
1346 2011 1453 2096 inipso

342 2117 506 2203 porticula
520 2123 605 2184 terre
622 2135 695 2184 csse
711 2114 829 2183 dicitnr
855 2115 940 2206 (igy)
951 2170 960 2204 ,
986 2117 1109 2185 nnllam
1141 2119 1277 2188 haberet
1307 2119 1454 2187 accionem

332 2245 401 2292 ,seu
418 2223 628 2309 questionem.
654 2223 730 2289 Post
747 2221 806 2288 bec
832 2223 866 2288 in
892 2223 1065 2306 quindenis
1097 2223 1280 2292 residencie
1310 2223 1454 2293 exercitus

346 2333 515 2418 predictos
532 2329 648 2396 Comes
665 2328 833 2416 Nycoions
848 2331 1064 2417 personaliter
1074 2333 1116 2398 ab
1133 2353 1199 2399 una
1214 2340 1326 2420 perte,
1342 2339 1373 2401 et
1395 2349 1452 2416 prc·

334 2437 450 2504 dictus
467 2436 584 2504 Comes
600 2435 721 2504 Paulos
753 2436 839 2504 filius
855 2437 947 2504 Rock
973 2459 1046 2504 cnm
1072 2439 1307 2508 sufficientibus
1323 2457 1454 2526 procurs-

344 2545 437 2629 toriJs
451 2543 569 2613 litteris
585 2564 644 2630 pro
661 2543 773 2612 eodem
791 2543 921 2612 domino
936 2545 1191 2632 Archiepiscopo
1207 2547 1250 2614 eb
1267 2547 1370 2613 alters
1384 2565 1454 2612 oom-

336 2659 522 2740 paruerunt
538 2671 647 2718 coram
664 2650 766 2737 nobis,
784 2649 987 2718 concorditer
1003 2650 1220 2719 exhibuerunt
1234 2653 1328 2721 nobis
1344 2651 1454 2719 litteras

335 2759 489 2827 ciusdem
506 2757 648 2845 Capituli
663 2757 833 2842 Agriensis
849 2757 1051 2826 continentes
1068 2757 1152 2826 huno
1167 2766 1330 2827 tenorem:

451 2865 735 2934 Excellentissimo
752 2863 885 2934 domino
903 2886 961 2934 suo
977 2865 1109 2935 Andrcc
1125 2867 1187 2934 stb.
1204 2865 1407 2954 (hovedeni
1420 2884 1452 2930 en
1541 2923 1542 2928 ,

337 2977 414 3062 egri
431 2973 662 3059 kdptclcnnak
676 2974 845 3058 Jelentcse,
862 2974 942 3041 mint
958 2974 1057 3041 alcbb
1073 2975 1150 3044 204.
1167 2995 1208 3042 sn.
1226 2974 1274 3060 a.)

452 3079 577 3159 Quibus
607 3079 726 3147 litteris
752 3081 893 3166 Capituli
918 3080 1085 3164 Agrisnsis
1118 3079 1247 3148 domino
1264 3081 1346 3166 Regi
1362 3089 1454 3146 treus·
1541 3075 1542 3080 ’

339 3191 465 3274 missis,
483 3195 517 3254 nt
533 3185 744 3276 prediximus,
761 3187 949 3275 adplenum
976 3187 1055 3256 visis
1081 3195 1114 3254 ct
1129 3187 1302 3276 perlectis,
1319 3184 1456 3273 presenti-

343 3297 405 3364 bus
422 3295 569 3382 portibus
590 3295 810 3381 supradictis,
835 3302 867 3361 et
892 3295 926 3362 in
952 3295 1042 3363 nullo
1068 3296 1270 3362 continencie
1296 3293 1455 3364 earundem

345 3405 526 3470 litterarum
543 3402 848 3490 contradicentibus,
883 3401 1064 3487 predictam
1097 3409 1216 3469 terram
1234 3401 1457 3470 contenciossm

345 3511 527 3597 peripsum
553 3509 711 3576 Comitem
737 3510 875 3576 Paulum
892 3509 995 3575 filium
1020 3509 1130 3594 Ruok,
1150 3507 1274 3576 Comite
1290 3506 1457 3576 Ponloiiiio

342 3617 468 3702 Iriulcy
485 3615 614 3682 homine
630 3615 753 3682 domini
769 3616 886 3702 Regis,
917 3623 949 3682 et
965 3615 1149 3684 testimonio
1172 3616 1251 3682 dicti
1267 3615 1405 3702 Capituli
1418 3631 1457 3680 sc·

341 3730 498 3812 paratum
515 3729 639 3789 sterno
664 3721 786 3788 domini
812 3723 1058 3809 Arcbiepiscopi
1089 3721 1278 3790 Colooensis
1302 3721 1456 3790 submotis

341 3841 380 3900 ct
396 3815 647 3898 limitacionibos
664 3829 818 3915 predictis
833 3849 891 3915 per
916 3829 1021 3916 ipsum
1039 3828 1196 3898 Comitem
1222 3830 1356 3897 Paulum
1370 3829 1456 3895 filium

345 3941 440 4008 Ruck
456 3937 552 4004 iactis
568 3955 604 4003 se
630 3937 745 4004 erectis
776 3937 968 4022 reliquimus
999 3945 1031 4005 ct
1063 3937 1245 4006 dimisimus
1278 3939 1341 4024 ipsi
1356 3931 1456 4002 Comiti

341 4043 505 4132 Nycoico,
521 4051 554 4110 et
569 4065 629 4131 per
640 4064 712 4111 cnm
729 4043 797 4112 suis
813 4043 988 4112 heredibus
1014 4045 1233 4129 heredumque
1258 4065 1381 4112 suorum
1396 4059 1455 4107 sno·

340 4153 530 4220 cessoribus
547 4150 777 4236 possidendam
802 4159 834 4217 et
850 4151 1044 4221 habendam.
1076 4153 1197 4218 Datum
1221 4151 1313 4220 Budc
1337 4148 1454 4236 septimo

343 4261 402 4326 dio
418 4259 654 4344 quindenarum
671 4258 851 4326 residcncic
862 4259 1032 4345 exercitus,
1050 4281 1137 4327 anno
1156 4261 1285 4328 Domini
1301 4253 1454 4326 millesimo

341 4367 569 4434 ducentesimo
586 4367 794 4450 nonagesimo
811 4373 936 4434 octono.

341 4509 487 4574 (Ersdetie
496 4505 673 4576 bdrbdrtyin,
685 4509 798 4576 melyrdl
810 4525 827 4560 e
837 4507 928 4576 pscsdt
939 4507 1111 4577 voror-struo
1121 4508 1415 4577 selyemzsmorontdge
1424 4513 1454 4565 ἰ*

707 4599 791 4649 budsi
812 4599 863 4650 kir.
877 4599 1000 4652 ksmsrai
1014 4597 1204 4668 lcvdlttrbsn.)
