<?xml version="1.0" encoding="UTF-8"?>
<!DOCTYPE html PUBLIC "-//W3C//DTD XHTML 1.0 Transitional//EN"
    "http://www.w3.org/TR/xhtml1/DTD/xhtml1-transitional.dtd">
<html xmlns="http://www.w3.org/1999/xhtml" xml:lang="en" lang="en">
 <head>
  <title>
</title>
<meta http-equiv="Content-Type" content="text/html;charset=utf-8" />
  <meta name='ocr-system' content='tesseract 3.04.00' />
  <meta name='ocr-capabilities' content='ocr_page ocr_carea ocr_par ocr_line ocrx_word'/>
</head>
<body>
  <div class='ocr_page' id='page_1' title='image "./codexdiplomatic19wenzgoog_0461.png"; bbox 0 0 3170 5166; ppageno 0'>
   <div class='ocr_carea' id='block_1_1' title="bbox 586 301 751 403">
    <p class='ocr_par' dir='ltr' id='par_1_1' title="bbox 586 301 751 403">
     <span class='ocr_line' id='line_1_1' title="bbox 586 301 751 403; baseline 0.006 -3"><span class='ocrx_word' id='word_1_1' title='bbox 586 301 751 403; x_wconf 54' lang='lat' dir='ltr'>Ari-</span> 
     </span>
    </p>
   </div>
   <div class='ocr_carea' id='block_1_2' title="bbox 97 493 1232 903">
    <p class='ocr_par' dir='ltr' id='par_1_2' title="bbox 97 493 1232 903">
     <span class='ocr_line' id='line_1_2' title="bbox 99 493 1232 580; baseline -0.004 -14"><span class='ocrx_word' id='word_1_2' title='bbox 99 499 192 566; x_wconf 87' lang='lat' dir='ltr'>inmo</span> <span class='ocrx_word' id='word_1_3' title='bbox 208 501 319 565; x_wconf 86' lang='lat' dir='ltr'>noster</span> <span class='ocrx_word' id='word_1_4' title='bbox 333 494 504 561; x_wconf 79' lang='lat' dir='ltr'>Nicolaum</span> <span class='ocrx_word' id='word_1_5' title='bbox 520 493 613 562; x_wconf 87' lang='lat' dir='ltr'>Boko</span> <span class='ocrx_word' id='word_1_6' title='bbox 630 494 751 562; x_wconf 87' lang='lat' dir='ltr'>dictum</span> <span class='ocrx_word' id='word_1_7' title='bbox 766 495 871 563; x_wconf 86' lang='lat' dir='ltr'>filium</span> <span class='ocrx_word' id='word_1_8' title='bbox 895 495 1067 580; x_wconf 82' lang='lat' dir='ltr'>Laurencij</span> <span class='ocrx_word' id='word_1_9' title='bbox 1099 494 1144 561; x_wconf 79' lang='lat' dir='ltr'>ud</span> <span class='ocrx_word' id='word_1_10' title='bbox 1174 515 1232 562; x_wconf 91' lang='lat' dir='ltr'>no-</span> 
     </span>
     <span class='ocr_line' id='line_1_3' title="bbox 97 599 1230 688; baseline -0.004 -17"><span class='ocrx_word' id='word_1_11' title='bbox 97 608 197 672; x_wconf 81' lang='lat' dir='ltr'>stram</span> <span class='ocrx_word' id='word_1_12' title='bbox 214 603 295 670; x_wconf 88' lang='lat' dir='ltr'>citet</span> <span class='ocrx_word' id='word_1_13' title='bbox 316 599 523 670; x_wconf 86' lang='lat' dir='ltr'>Presenciam</span> <span class='ocrx_word' id='word_1_14' title='bbox 539 601 582 670; x_wconf 90' lang='lat' dir='ltr'>ad</span> <span class='ocrx_word' id='word_1_15' title='bbox 598 602 771 671; x_wconf 87' lang='lat' dir='ltr'>terminum</span> <span class='ocrx_word' id='word_1_16' title='bbox 787 609 1032 688; x_wconf 86' lang='lat' dir='ltr'>competentem,</span> <span class='ocrx_word' id='word_1_17' title='bbox 1065 599 1152 668; x_wconf 87' lang='lat' dir='ltr'>diem</span> <span class='ocrx_word' id='word_1_18' title='bbox 1184 601 1230 670; x_wconf 92' lang='lat' dir='ltr'>oi·</span> 
     </span>
     <span class='ocr_line' id='line_1_4' title="bbox 98 707 1229 780; baseline -0.001 -3"><span class='ocrx_word' id='word_1_19' title='bbox 98 707 236 778; x_wconf 82' lang='lat' dir='ltr'>taciouis</span> <span class='ocrx_word' id='word_1_20' title='bbox 252 715 286 776; x_wconf 93' lang='lat' dir='ltr'>et</span> <span class='ocrx_word' id='word_1_21' title='bbox 299 708 472 777; x_wconf 88' lang='lat' dir='ltr'>terminum</span> <span class='ocrx_word' id='word_1_22' title='bbox 488 708 586 779; x_wconf 89' lang='lat' dir='ltr'>uobis</span> <span class='ocrx_word' id='word_1_23' title='bbox 601 709 831 780; x_wconf 82' lang='lat' dir='ltr'>rescribentes.</span> <span class='ocrx_word' id='word_1_24' title='bbox 852 709 973 778; x_wconf 84' lang='lat' dir='ltr'>Datum</span> <span class='ocrx_word' id='word_1_25' title='bbox 1008 711 1101 777; x_wconf 81' lang='lat' dir='ltr'>iuxta</span> <span class='ocrx_word' id='word_1_26' title='bbox 1134 707 1229 776; x_wconf 88' lang='lat' dir='ltr'>Uete-</span> 
     </span>
     <span class='ocr_line' id='line_1_5' title="bbox 101 814 947 903; baseline -0.002 -19"><span class='ocrx_word' id='word_1_27' title='bbox 101 835 166 888; x_wconf 86' lang='lat' dir='ltr'>rem</span> <span class='ocrx_word' id='word_1_28' title='bbox 182 816 310 885; x_wconf 89' lang='lat' dir='ltr'>Budam</span> <span class='ocrx_word' id='word_1_29' title='bbox 325 817 359 885; x_wconf 91' lang='lat' dir='ltr'>in</span> <span class='ocrx_word' id='word_1_30' title='bbox 375 815 459 886; x_wconf 83' lang='lat' dir='ltr'>festo</span> <span class='ocrx_word' id='word_1_31' title='bbox 475 817 570 886; x_wconf 88' lang='lat' dir='ltr'>Beati</span> <span class='ocrx_word' id='word_1_32' title='bbox 600 814 709 903; x_wconf 77' lang='lat' dir='ltr'>ugidij</span> <span class='ocrx_word' id='word_1_33' title='bbox 741 817 947 886; x_wconf 80' lang='lat' dir='ltr'>confessoris.</span> 
     </span>
    </p>
   </div>
   <div class='ocr_carea' id='block_1_3' title="bbox 237 997 1110 1084">
    <p class='ocr_par' dir='ltr' id='par_1_3' title="bbox 237 997 1110 1084">
     <span class='ocr_line' id='line_1_6' title="bbox 237 997 1110 1084; baseline -0.002 -18"><span class='ocrx_word' id='word_1_34' title='bbox 237 1011 273 1084; x_wconf 78' lang='lat' dir='ltr'>(A</span> <span class='ocrx_word' id='word_1_35' title='bbox 286 997 423 1068; x_wconf 79' lang='lat' dir='ltr'>esikadori</span> <span class='ocrx_word' id='word_1_36' title='bbox 437 1017 557 1068; x_wconf 80' lang='lat' dir='ltr'>kouvout</span> <span class='ocrx_word' id='word_1_37' title='bbox 568 1011 757 1078; x_wconf 75' lang='lat' dir='ltr'>jolsntdsdbo&#39;i,</span> <span class='ocrx_word' id='word_1_38' title='bbox 771 1017 840 1066; x_wconf 86' lang='lat' dir='ltr'>mint</span> <span class='ocrx_word' id='word_1_39' title='bbox 850 1011 932 1066; x_wconf 78' lang='lat' dir='ltr'>altbb</span> <span class='ocrx_word' id='word_1_40' title='bbox 947 1016 1007 1065; x_wconf 79' lang='lat'>302.</span> <span class='ocrx_word' id='word_1_41' title='bbox 1021 1031 1059 1064; x_wconf 83' lang='lat' dir='ltr'>sa.</span> <span class='ocrx_word' id='word_1_42' title='bbox 1072 1013 1110 1077; x_wconf 86' lang='lat' dir='ltr'>a.)</span> 
     </span>
    </p>
   </div>
   <div class='ocr_carea' id='block_1_4' title="bbox 631 1799 707 1866">
    <p class='ocr_par' dir='ltr' id='par_1_4' title="bbox 631 1799 707 1866">
     <span class='ocr_line' id='line_1_7' title="bbox 631 1799 707 1866; baseline 0.039 -3"><span class='ocrx_word' id='word_1_43' title='bbox 631 1799 707 1866; x_wconf 81' lang='lat'><strong>283.</strong></span> 
     </span>
    </p>
   </div>
   <div class='ocr_carea' id='block_1_5' title="bbox 105 1993 1264 2082">
    <p class='ocr_par' dir='ltr' id='par_1_5' title="bbox 105 1993 1264 2082">
     <span class='ocr_line' id='line_1_8' title="bbox 105 1993 1264 2082; baseline 0 -22"><span class='ocrx_word' id='word_1_44' title='bbox 105 1996 225 2064; x_wconf 71' lang='lat' dir='ltr'>Milatos</span> <span class='ocrx_word' id='word_1_45' title='bbox 242 1998 350 2062; x_wconf 71' lang='lat' dir='ltr'>criden</span> <span class='ocrx_word' id='word_1_46' title='bbox 365 2020 403 2062; x_wconf 84' lang='lat' dir='ltr'>aa</span> <span class='ocrx_word' id='word_1_47' title='bbox 419 1993 529 2082; x_wconf 77' lang='lat' dir='ltr'>Ajkct</span> <span class='ocrx_word' id='word_1_48' title='bbox 544 1997 759 2062; x_wconf 72' lang='lat' dir='ltr'>esciddbe&#39;iielt</span> <span class='ocrx_word' id='word_1_49' title='bbox 774 1996 845 2060; x_wconf 72' lang='lat' dir='ltr'>icat</span> <span class='ocrx_word' id='word_1_50' title='bbox 870 2021 892 2060; x_wconf 89' lang='lat' dir='ltr'>o</span> <span class='ocrx_word' id='word_1_51' title='bbox 917 2001 1099 2080; x_wconf 72' lang='lat' dir='ltr'>cemoetec&#39;pi</span> <span class='ocrx_word' id='word_1_52' title='bbox 1129 1997 1227 2061; x_wconf 80' lang='lat' dir='ltr'>dirto-</span> <span class='ocrx_word' id='word_1_53' title='bbox 1253 2035 1264 2050; x_wconf 79' lang='lat'>·</span> 
     </span>
    </p>
   </div>
   <div class='ocr_carea' id='block_1_6' title="bbox 105 2103 1231 2276">
    <p class='ocr_par' dir='ltr' id='par_1_6' title="bbox 105 2103 1231 2276">
     <span class='ocr_line' id='line_1_9' title="bbox 105 2103 1231 2276; baseline 0.002 -110"><span class='ocrx_word' id='word_1_54' title='bbox 105 2103 210 2169; x_wconf 73' lang='lat' dir='ltr'>iniero</span> <span class='ocrx_word' id='word_1_55' title='bbox 225 2106 325 2170; x_wconf 73' lang='lat' dir='ltr'>adaco</span> <span class='ocrx_word' id='word_1_56' title='bbox 340 2103 513 2170; x_wconf 76' lang='lat' dir='ltr'>kcdeticactt</span> <span class='ocrx_word' id='word_1_57' title='bbox 524 2103 646 2276; x_wconf 48' lang='lat' dir='ltr'>pergo</span> <span class='ocrx_word' id='word_1_58' title='bbox 661 2129 683 2170; x_wconf 87' lang='lat' dir='ltr'>c</span> <span class='ocrx_word' id='word_1_59' title='bbox 698 2105 894 2188; x_wconf 75' lang='lat' dir='ltr'>bizocyitdai</span> <span class='ocrx_word' id='word_1_60' title='bbox 910 2105 1042 2185; x_wconf 73' lang='lat' dir='ltr'>cljdrcist</span> <span class='ocrx_word' id='word_1_61' title='bbox 1057 2104 1180 2168; x_wconf 81' lang='lat' dir='ltr'>recdcli</span> <span class='ocrx_word' id='word_1_62' title='bbox 1195 2105 1231 2168; x_wconf 79' lang='lat' dir='ltr'>el.</span> 
     </span>
     <span class='ocr_line' id='line_1_10' title="bbox 645 2211 764 2275; baseline 0.017 -3"><span class='ocrx_word' id='word_1_63' title='bbox 645 2211 764 2275; x_wconf 72' lang='lat' dir='ltr'>attici.</span> 
     </span>
    </p>
   </div>
   <div class='ocr_carea' id='block_1_7' title="bbox 94 2401 1239 4534">
    <p class='ocr_par' dir='ltr' id='par_1_7' title="bbox 94 2401 1239 4534">
     <span class='ocr_line' id='line_1_11' title="bbox 214 2401 1228 2474; baseline 0.003 -4"><span class='ocrx_word' id='word_1_64' title='bbox 214 2406 283 2472; x_wconf 87' lang='lat' dir='ltr'>Nos</span> <span class='ocrx_word' id='word_1_65' title='bbox 301 2406 340 2472; x_wconf 87' lang='lat' dir='ltr'>N.</span> <span class='ocrx_word' id='word_1_66' title='bbox 357 2405 529 2473; x_wconf 84' lang='lat' dir='ltr'>Palatinus</span> <span class='ocrx_word' id='word_1_67' title='bbox 546 2405 662 2472; x_wconf 83' lang='lat' dir='ltr'>Comes</span> <span class='ocrx_word' id='word_1_68' title='bbox 678 2405 886 2474; x_wconf 77' lang='lat' dir='ltr'>Posonien&#39;sis</span> <span class='ocrx_word' id='word_1_69' title='bbox 903 2411 934 2472; x_wconf 90' lang='lat' dir='ltr'>et</span> <span class='ocrx_word' id='word_1_70' title='bbox 949 2401 1055 2470; x_wconf 84' lang='lat' dir='ltr'>Judex</span> <span class='ocrx_word' id='word_1_71' title='bbox 1073 2403 1228 2473; x_wconf 79' lang='lat' dir='ltr'>Cumano-</span> 
     </span>
     <span class='ocr_line' id='line_1_12' title="bbox 105 2509 1239 2599; baseline 0.002 -23"><span class='ocrx_word' id='word_1_72' title='bbox 105 2530 173 2576; x_wconf 88' lang='lat' dir='ltr'>rum</span> <span class='ocrx_word' id='word_1_73' title='bbox 190 2509 306 2578; x_wconf 87' lang='lat' dir='ltr'>damus</span> <span class='ocrx_word' id='word_1_74' title='bbox 321 2530 380 2596; x_wconf 91' lang='lat' dir='ltr'>pro</span> <span class='ocrx_word' id='word_1_75' title='bbox 396 2511 562 2595; x_wconf 85' lang='lat' dir='ltr'>memoria,</span> <span class='ocrx_word' id='word_1_76' title='bbox 578 2511 664 2593; x_wconf 76' lang='lat' dir='ltr'>quod</span> <span class='ocrx_word' id='word_1_77' title='bbox 692 2510 767 2595; x_wconf 84' lang='lat' dir='ltr'>Mog</span> <span class='ocrx_word' id='word_1_78' title='bbox 797 2510 883 2580; x_wconf 91' lang='lat' dir='ltr'>filius</span> <span class='ocrx_word' id='word_1_79' title='bbox 913 2515 1057 2599; x_wconf 79' lang='lat' dir='ltr'>Douros,</span> <span class='ocrx_word' id='word_1_80' title='bbox 1087 2517 1119 2577; x_wconf 93' lang='lat' dir='ltr'>et</span> <span class='ocrx_word' id='word_1_81' title='bbox 1150 2512 1239 2578; x_wconf 85' lang='lat' dir='ltr'>alter</span> 
     </span>
     <span class='ocr_line' id='line_1_13' title="bbox 105 2617 1231 2707; baseline 0.004 -25"><span class='ocrx_word' id='word_1_82' title='bbox 105 2619 178 2701; x_wconf 84' lang='lat' dir='ltr'>Meg</span> <span class='ocrx_word' id='word_1_83' title='bbox 195 2617 282 2685; x_wconf 88' lang='lat' dir='ltr'>filius</span> <span class='ocrx_word' id='word_1_84' title='bbox 297 2619 433 2705; x_wconf 87' lang='lat' dir='ltr'>Damsa,</span> <span class='ocrx_word' id='word_1_85' title='bbox 449 2618 599 2686; x_wconf 81' lang='lat' dir='ltr'>Andreas</span> <span class='ocrx_word' id='word_1_86' title='bbox 615 2623 648 2685; x_wconf 89' lang='lat' dir='ltr'>et</span> <span class='ocrx_word' id='word_1_87' title='bbox 663 2617 789 2704; x_wconf 85' lang='lat' dir='ltr'>Symnu</span> <span class='ocrx_word' id='word_1_88' title='bbox 803 2619 861 2705; x_wconf 87' lang='lat' dir='ltr'>fiiij</span> <span class='ocrx_word' id='word_1_89' title='bbox 896 2619 1021 2706; x_wconf 87' lang='lat' dir='ltr'>Symuu</span> <span class='ocrx_word' id='word_1_90' title='bbox 1052 2619 1093 2685; x_wconf 92' lang='lat' dir='ltr'>de</span> <span class='ocrx_word' id='word_1_91' title='bbox 1123 2620 1231 2707; x_wconf 83' lang='lat' dir='ltr'>Ayka,</span> 
     </span>
     <span class='ocr_line' id='line_1_14' title="bbox 105 2725 1231 2814; baseline 0.001 -22"><span class='ocrx_word' id='word_1_92' title='bbox 105 2745 214 2792; x_wconf 89' lang='lat' dir='ltr'>coram</span> <span class='ocrx_word' id='word_1_93' title='bbox 230 2725 325 2792; x_wconf 89' lang='lat' dir='ltr'>nobis</span> <span class='ocrx_word' id='word_1_94' title='bbox 341 2726 558 2812; x_wconf 83' lang='lat' dir='ltr'>personaliter</span> <span class='ocrx_word' id='word_1_95' title='bbox 573 2725 788 2812; x_wconf 79' lang='lat' dir='ltr'>comparando</span> <span class='ocrx_word' id='word_1_96' title='bbox 821 2734 935 2794; x_wconf 84' lang='lat' dir='ltr'>contra</span> <span class='ocrx_word' id='word_1_97' title='bbox 966 2728 1109 2814; x_wconf 89' lang='lat' dir='ltr'>Petrum,</span> <span class='ocrx_word' id='word_1_98' title='bbox 1135 2727 1231 2796; x_wconf 76' lang='lat' dir='ltr'>(ihel-</span> 
     </span>
     <span class='ocr_line' id='line_1_15' title="bbox 105 2831 1234 2922; baseline 0.002 -26"><span class='ocrx_word' id='word_1_99' title='bbox 105 2832 201 2921; x_wconf 91' lang='lat' dir='ltr'>leum,</span> <span class='ocrx_word' id='word_1_100' title='bbox 219 2833 323 2919; x_wconf 87' lang='lat' dir='ltr'>Baud,</span> <span class='ocrx_word' id='word_1_101' title='bbox 340 2831 516 2918; x_wconf 80' lang='lat' dir='ltr'>Andream,</span> <span class='ocrx_word' id='word_1_102' title='bbox 532 2833 727 2919; x_wconf 86' lang='lat' dir='ltr'>Johauuem,</span> <span class='ocrx_word' id='word_1_103' title='bbox 753 2831 911 2920; x_wconf 80' lang='lat' dir='ltr'>Glyanus,</span> <span class='ocrx_word' id='word_1_104' title='bbox 945 2835 1051 2920; x_wconf 74' lang='lat' dir='ltr'>Bolta,</span> <span class='ocrx_word' id='word_1_105' title='bbox 1084 2836 1234 2922; x_wconf 85' lang='lat' dir='ltr'>Paulum,</span> 
     </span>
     <span class='ocr_line' id='line_1_16' title="bbox 102 2939 1233 3028; baseline -0.002 -20"><span class='ocrx_word' id='word_1_106' title='bbox 102 2939 752 3028; x_wconf 73' lang='lat' dir='ltr'>Sanum,uraniam,uratney,1&gt;reucu1</span> <span class='ocrx_word' id='word_1_107' title='bbox 779 2948 813 3006; x_wconf 92' lang='lat' dir='ltr'>et</span> <span class='ocrx_word' id='word_1_108' title='bbox 842 2939 1004 3008; x_wconf 81' lang='lat' dir='ltr'>Feldrech</span> <span class='ocrx_word' id='word_1_109' title='bbox 1035 2941 1076 3007; x_wconf 90' lang='lat' dir='ltr'>de</span> <span class='ocrx_word' id='word_1_110' title='bbox 1107 2939 1233 3026; x_wconf 87' lang='lat' dir='ltr'>eadem,</span> 
     </span>
     <span class='ocr_line' id='line_1_17' title="bbox 103 3047 1235 3134; baseline 0.004 -22"><span class='ocrx_word' id='word_1_111' title='bbox 103 3068 162 3133; x_wconf 91' lang='lat' dir='ltr'>pro</span> <span class='ocrx_word' id='word_1_112' title='bbox 179 3066 218 3114; x_wconf 90' lang='lat' dir='ltr'>se</span> <span class='ocrx_word' id='word_1_113' title='bbox 234 3051 267 3113; x_wconf 92' lang='lat' dir='ltr'>et</span> <span class='ocrx_word' id='word_1_114' title='bbox 281 3049 429 3132; x_wconf 83' lang='lat' dir='ltr'>cognatis</span> <span class='ocrx_word' id='word_1_115' title='bbox 445 3047 515 3116; x_wconf 86' lang='lat' dir='ltr'>suis</span> <span class='ocrx_word' id='word_1_116' title='bbox 532 3047 652 3116; x_wconf 85' lang='lat' dir='ltr'><strong>ibidem</strong></span> <span class='ocrx_word' id='word_1_117' title='bbox 669 3053 814 3114; x_wconf 80' lang='lat' dir='ltr'>astantes</span> <span class='ocrx_word' id='word_1_118' title='bbox 829 3047 863 3113; x_wconf 91' lang='lat' dir='ltr'>iu</span> <span class='ocrx_word' id='word_1_119' title='bbox 878 3049 983 3132; x_wconf 84' lang='lat' dir='ltr'>figura</span> <span class='ocrx_word' id='word_1_120' title='bbox 1008 3048 1126 3134; x_wconf 89' lang='lat' dir='ltr'>Judicij</span> <span class='ocrx_word' id='word_1_121' title='bbox 1161 3069 1235 3132; x_wconf 83' lang='lat' dir='ltr'>ege-</span> 
     </span>
     <span class='ocr_line' id='line_1_18' title="bbox 101 3152 1232 3241; baseline 0 -19"><span class='ocrx_word' id='word_1_122' title='bbox 101 3163 179 3222; x_wconf 88' lang='lat' dir='ltr'>runt</span> <span class='ocrx_word' id='word_1_123' title='bbox 194 3155 230 3220; x_wconf 91' lang='lat' dir='ltr'>iu</span> <span class='ocrx_word' id='word_1_124' title='bbox 245 3153 331 3220; x_wconf 88' lang='lat' dir='ltr'>huuc</span> <span class='ocrx_word' id='word_1_125' title='bbox 347 3153 495 3220; x_wconf 91' lang='lat' dir='ltr'>modum:</span> <span class='ocrx_word' id='word_1_126' title='bbox 513 3152 608 3231; x_wconf 80' lang='lat' dir='ltr'>Quod</span> <span class='ocrx_word' id='word_1_127' title='bbox 623 3152 723 3239; x_wconf 91' lang='lat' dir='ltr'>ijdem</span> <span class='ocrx_word' id='word_1_128' title='bbox 747 3155 873 3234; x_wconf 87' lang='lat' dir='ltr'>Petrus,</span> <span class='ocrx_word' id='word_1_129' title='bbox 904 3152 1055 3222; x_wconf 80' lang='lat' dir='ltr'>Chelleus</span> <span class='ocrx_word' id='word_1_130' title='bbox 1087 3163 1120 3223; x_wconf 90' lang='lat' dir='ltr'>et</span> <span class='ocrx_word' id='word_1_131' title='bbox 1153 3156 1232 3241; x_wconf 88' lang='lat' dir='ltr'>socij</span> 
     </span>
     <span class='ocr_line' id='line_1_19' title="bbox 104 3259 1235 3348; baseline -0.001 -19"><span class='ocrx_word' id='word_1_132' title='bbox 104 3282 219 3329; x_wconf 90' lang='lat' dir='ltr'>eorum</span> <span class='ocrx_word' id='word_1_133' title='bbox 235 3261 302 3327; x_wconf 89' lang='lat' dir='ltr'>iam</span> <span class='ocrx_word' id='word_1_134' title='bbox 318 3259 397 3326; x_wconf 90' lang='lat' dir='ltr'>dicti</span> <span class='ocrx_word' id='word_1_135' title='bbox 413 3260 504 3346; x_wconf 87' lang='lat' dir='ltr'>ipsos</span> <span class='ocrx_word' id='word_1_136' title='bbox 519 3259 561 3327; x_wconf 89' lang='lat' dir='ltr'>de</span> <span class='ocrx_word' id='word_1_137' title='bbox 577 3261 732 3347; x_wconf 87' lang='lat' dir='ltr'>porcione</span> <span class='ocrx_word' id='word_1_138' title='bbox 748 3269 832 3330; x_wconf 87' lang='lat' dir='ltr'>terre</span> <span class='ocrx_word' id='word_1_139' title='bbox 848 3281 958 3330; x_wconf 86' lang='lat' dir='ltr'>eorum</span> <span class='ocrx_word' id='word_1_140' title='bbox 988 3265 1078 3348; x_wconf 86' lang='lat' dir='ltr'>ipsos</span> <span class='ocrx_word' id='word_1_141' title='bbox 1111 3261 1235 3329; x_wconf 90' lang='lat' dir='ltr'>contin·</span> 
     </span>
     <span class='ocr_line' id='line_1_20' title="bbox 103 3367 1233 3458; baseline -0.001 -22"><span class='ocrx_word' id='word_1_142' title='bbox 103 3369 197 3454; x_wconf 84' lang='lat' dir='ltr'>genti</span> <span class='ocrx_word' id='word_1_143' title='bbox 216 3368 387 3436; x_wconf 89' lang='lat' dir='ltr'>eiecisseut</span> <span class='ocrx_word' id='word_1_144' title='bbox 401 3368 446 3436; x_wconf 85' lang='lat' dir='ltr'>ad</span> <span class='ocrx_word' id='word_1_145' title='bbox 461 3367 626 3454; x_wconf 87' lang='lat' dir='ltr'>quandam</span> <span class='ocrx_word' id='word_1_146' title='bbox 642 3367 810 3436; x_wconf 83' lang='lat' dir='ltr'>minimam</span> <span class='ocrx_word' id='word_1_147' title='bbox 821 3368 1017 3456; x_wconf 80' lang='lat' dir='ltr'>particulam</span> <span class='ocrx_word' id='word_1_148' title='bbox 1048 3377 1141 3458; x_wconf 88' lang='lat' dir='ltr'>terre,</span> <span class='ocrx_word' id='word_1_149' title='bbox 1173 3375 1233 3436; x_wconf 86' lang='lat' dir='ltr'>ter-</span> 
     </span>
     <span class='ocr_line' id='line_1_21' title="bbox 101 3476 1232 3563; baseline 0.001 -21"><span class='ocrx_word' id='word_1_150' title='bbox 101 3497 175 3542; x_wconf 85' lang='lat' dir='ltr'>ram</span> <span class='ocrx_word' id='word_1_151' title='bbox 193 3484 227 3544; x_wconf 88' lang='lat' dir='ltr'>et</span> <span class='ocrx_word' id='word_1_152' title='bbox 241 3477 427 3562; x_wconf 74' lang='lat' dir='ltr'>porcionem</span> <span class='ocrx_word' id='word_1_153' title='bbox 443 3482 529 3544; x_wconf 89' lang='lat' dir='ltr'>terre</span> <span class='ocrx_word' id='word_1_154' title='bbox 545 3495 603 3543; x_wconf 90' lang='lat' dir='ltr'>sue</span> <span class='ocrx_word' id='word_1_155' title='bbox 618 3476 704 3544; x_wconf 91' lang='lat' dir='ltr'>inter</span> <span class='ocrx_word' id='word_1_156' title='bbox 719 3476 810 3562; x_wconf 84' lang='lat' dir='ltr'>ipsos</span> <span class='ocrx_word' id='word_1_157' title='bbox 824 3476 927 3563; x_wconf 88' lang='lat' dir='ltr'>ijdem</span> <span class='ocrx_word' id='word_1_158' title='bbox 941 3479 1056 3546; x_wconf 91' lang='lat' dir='ltr'>Petrus</span> <span class='ocrx_word' id='word_1_159' title='bbox 1072 3487 1105 3545; x_wconf 89' lang='lat' dir='ltr'>ct</span> <span class='ocrx_word' id='word_1_160' title='bbox 1138 3476 1232 3543; x_wconf 83' lang='lat' dir='ltr'>Ghol-</span> 
     </span>
     <span class='ocr_line' id='line_1_22' title="bbox 101 3581 1237 3674; baseline 0 -24"><span class='ocrx_word' id='word_1_161' title='bbox 101 3586 226 3652; x_wconf 88' lang='lat' dir='ltr'>lenset</span> <span class='ocrx_word' id='word_1_162' title='bbox 257 3583 339 3668; x_wconf 90' lang='lat' dir='ltr'>socij</span> <span class='ocrx_word' id='word_1_163' title='bbox 365 3603 475 3651; x_wconf 90' lang='lat' dir='ltr'>eorum</span> <span class='ocrx_word' id='word_1_164' title='bbox 507 3581 682 3652; x_wconf 88' lang='lat' dir='ltr'>diuidendo</span> <span class='ocrx_word' id='word_1_165' title='bbox 712 3584 747 3650; x_wconf 91' lang='lat' dir='ltr'>iu</span> <span class='ocrx_word' id='word_1_166' title='bbox 778 3585 925 3672; x_wconf 88' lang='lat' dir='ltr'>ipsorum</span> <span class='ocrx_word' id='word_1_167' title='bbox 956 3584 1170 3674; x_wconf 90' lang='lat' dir='ltr'>preiudicium</span> <span class='ocrx_word' id='word_1_168' title='bbox 1204 3592 1237 3652; x_wconf 92' lang='lat' dir='ltr'>et</span> 
     </span>
     <span class='ocr_line' id='line_1_23' title="bbox 102 3691 1234 3780; baseline 0 -22"><span class='ocrx_word' id='word_1_169' title='bbox 102 3707 298 3777; x_wconf 83' lang='lat' dir='ltr'>grauamen.</span> <span class='ocrx_word' id='word_1_170' title='bbox 314 3691 434 3758; x_wconf 78' lang='lat' dir='ltr'>Contra</span> <span class='ocrx_word' id='word_1_171' title='bbox 464 3710 545 3776; x_wconf 89' lang='lat' dir='ltr'>quos</span> <span class='ocrx_word' id='word_1_172' title='bbox 578 3691 718 3778; x_wconf 76' lang='lat' dir='ltr'>predicti</span> <span class='ocrx_word' id='word_1_173' title='bbox 749 3693 877 3780; x_wconf 87' lang='lat' dir='ltr'>Petrus,</span> <span class='ocrx_word' id='word_1_174' title='bbox 908 3691 1059 3761; x_wconf 74' lang='lat' dir='ltr'>Chelleus</span> <span class='ocrx_word' id='word_1_175' title='bbox 1091 3700 1124 3760; x_wconf 89' lang='lat' dir='ltr'>et</span> <span class='ocrx_word' id='word_1_176' title='bbox 1154 3693 1234 3776; x_wconf 81' lang='lat' dir='ltr'>socij</span> 
     </span>
     <span class='ocr_line' id='line_1_24' title="bbox 103 3798 1237 3887; baseline -0.001 -20"><span class='ocrx_word' id='word_1_177' title='bbox 103 3818 221 3867; x_wconf 88' lang='lat' dir='ltr'>eorum</span> <span class='ocrx_word' id='word_1_178' title='bbox 237 3798 486 3887; x_wconf 85' lang='lat' dir='ltr'>responderunt,</span> <span class='ocrx_word' id='word_1_179' title='bbox 502 3799 590 3882; x_wconf 84' lang='lat' dir='ltr'>quod</span> <span class='ocrx_word' id='word_1_180' title='bbox 614 3804 704 3866; x_wconf 86' lang='lat' dir='ltr'>terra</span> <span class='ocrx_word' id='word_1_181' title='bbox 735 3818 848 3867; x_wconf 89' lang='lat' dir='ltr'>eorum</span> <span class='ocrx_word' id='word_1_182' title='bbox 879 3799 920 3868; x_wconf 90' lang='lat' dir='ltr'>ab</span> <span class='ocrx_word' id='word_1_183' title='bbox 951 3799 1029 3868; x_wconf 91' lang='lat' dir='ltr'>olim</span> <span class='ocrx_word' id='word_1_184' title='bbox 1061 3799 1237 3883; x_wconf 86' lang='lat' dir='ltr'>unicuique</span> 
     </span>
     <span class='ocr_line' id='line_1_25' title="bbox 99 3903 1236 3993; baseline -0.001 -19"><span class='ocrx_word' id='word_1_185' title='bbox 99 3924 192 3989; x_wconf 87' lang='lat' dir='ltr'>equa</span> <span class='ocrx_word' id='word_1_186' title='bbox 208 3903 373 3974; x_wconf 88' lang='lat' dir='ltr'>diuisione</span> <span class='ocrx_word' id='word_1_187' title='bbox 388 3905 554 3974; x_wconf 87' lang='lat' dir='ltr'>mediante</span> <span class='ocrx_word' id='word_1_188' title='bbox 570 3913 656 3975; x_wconf 85' lang='lat' dir='ltr'>esset</span> <span class='ocrx_word' id='word_1_189' title='bbox 680 3912 841 3993; x_wconf 79' lang='lat' dir='ltr'>separata</span> <span class='ocrx_word' id='word_1_190' title='bbox 867 3913 899 3972; x_wconf 87' lang='lat' dir='ltr'>et</span> <span class='ocrx_word' id='word_1_191' title='bbox 930 3905 1086 3975; x_wconf 87' lang='lat' dir='ltr'>distincta</span> <span class='ocrx_word' id='word_1_192' title='bbox 1116 3908 1236 3975; x_wconf 87' lang='lat' dir='ltr'>iustru-</span> 
     </span>
     <span class='ocr_line' id='line_1_26' title="bbox 100 4010 1235 4099; baseline 0 -19"><span class='ocrx_word' id='word_1_193' title='bbox 100 4011 224 4080; x_wconf 85' lang='lat' dir='ltr'>mentis</span> <span class='ocrx_word' id='word_1_194' title='bbox 240 4010 383 4099; x_wconf 82' lang='lat' dir='ltr'>Oapituli</span> <span class='ocrx_word' id='word_1_195' title='bbox 397 4013 653 4098; x_wconf 84' lang='lat' dir='ltr'>vesprimiensis</span> <span class='ocrx_word' id='word_1_196' title='bbox 669 4019 701 4081; x_wconf 89' lang='lat' dir='ltr'>et</span> <span class='ocrx_word' id='word_1_197' title='bbox 717 4011 794 4096; x_wconf 80' lang='lat' dir='ltr'>aliis</span> <span class='ocrx_word' id='word_1_198' title='bbox 810 4011 1038 4082; x_wconf 87' lang='lat' dir='ltr'>mediantibus.</span> <span class='ocrx_word' id='word_1_199' title='bbox 1066 4015 1146 4082; x_wconf 84' lang='lat' dir='ltr'>Gum</span> <span class='ocrx_word' id='word_1_200' title='bbox 1179 4033 1235 4081; x_wconf 87' lang='lat' dir='ltr'>au-</span> 
     </span>
     <span class='ocr_line' id='line_1_27' title="bbox 100 4117 1232 4208; baseline 0 -22"><span class='ocrx_word' id='word_1_201' title='bbox 100 4127 171 4188; x_wconf 90' lang='lat' dir='ltr'>tem</span> <span class='ocrx_word' id='word_1_202' title='bbox 186 4117 372 4205; x_wconf 90' lang='lat' dir='ltr'>predictnm</span> <span class='ocrx_word' id='word_1_203' title='bbox 385 4121 462 4206; x_wconf 81' lang='lat' dir='ltr'>Mog</span> <span class='ocrx_word' id='word_1_204' title='bbox 478 4124 510 4188; x_wconf 91' lang='lat' dir='ltr'>et</span> <span class='ocrx_word' id='word_1_205' title='bbox 525 4120 631 4190; x_wconf 89' lang='lat' dir='ltr'>socios</span> <span class='ocrx_word' id='word_1_206' title='bbox 647 4139 724 4190; x_wconf 84' lang='lat' dir='ltr'>suos</span> <span class='ocrx_word' id='word_1_207' title='bbox 740 4119 1032 4207; x_wconf 83' lang='lat' dir='ltr'>requisiuissemus,</span> <span class='ocrx_word' id='word_1_208' title='bbox 1047 4119 1077 4190; x_wconf 88' lang='lat' dir='ltr'>si</span> <span class='ocrx_word' id='word_1_209' title='bbox 1092 4121 1161 4208; x_wconf 85' lang='lat' dir='ltr'>ipsi</span> <span class='ocrx_word' id='word_1_210' title='bbox 1177 4121 1232 4186; x_wconf 89' lang='lat' dir='ltr'>ha·</span> 
     </span>
     <span class='ocr_line' id='line_1_28' title="bbox 100 4226 1236 4315; baseline 0 -20"><span class='ocrx_word' id='word_1_211' title='bbox 100 4228 221 4295; x_wconf 86' lang='lat' dir='ltr'>herent</span> <span class='ocrx_word' id='word_1_212' title='bbox 236 4247 334 4314; x_wconf 86' lang='lat' dir='ltr'>super</span> <span class='ocrx_word' id='word_1_213' title='bbox 348 4229 423 4313; x_wconf 86' lang='lat' dir='ltr'>ipsa</span> <span class='ocrx_word' id='word_1_214' title='bbox 454 4226 614 4296; x_wconf 88' lang='lat' dir='ltr'>diuisione</span> <span class='ocrx_word' id='word_1_215' title='bbox 644 4227 895 4297; x_wconf 84' lang='lat' dir='ltr'>instrumentum</span> <span class='ocrx_word' id='word_1_216' title='bbox 924 4245 986 4296; x_wconf 86' lang='lat' dir='ltr'>sen</span> <span class='ocrx_word' id='word_1_217' title='bbox 1018 4227 1236 4315; x_wconf 64' lang='lat' dir='ltr'>privilegium</span> 
     </span>
     <span class='ocr_line' id='line_1_29' title="bbox 94 4333 1235 4424; baseline 0.002 -24"><span class='ocrx_word' id='word_1_218' title='bbox 94 4333 271 4404; x_wconf 82' lang='lat' dir='ltr'>dixerunt</span> <span class='ocrx_word' id='word_1_219' title='bbox 289 4354 325 4404; x_wconf 89' lang='lat' dir='ltr'>se</span> <span class='ocrx_word' id='word_1_220' title='bbox 355 4355 422 4404; x_wconf 90' lang='lat' dir='ltr'>non</span> <span class='ocrx_word' id='word_1_221' title='bbox 453 4335 586 4405; x_wconf 87' lang='lat' dir='ltr'>habere.</span> <span class='ocrx_word' id='word_1_222' title='bbox 616 4335 669 4404; x_wconf 89' lang='lat' dir='ltr'>Ad</span> <span class='ocrx_word' id='word_1_223' title='bbox 699 4334 849 4424; x_wconf 69' lang='lat' dir='ltr'>heojcum</span> <span class='ocrx_word' id='word_1_224' title='bbox 865 4335 969 4403; x_wconf 91' lang='lat' dir='ltr'>eciam</span> <span class='ocrx_word' id='word_1_225' title='bbox 986 4335 1235 4420; x_wconf 75' lang='lat' dir='ltr'>requisissemus</span> 
     </span>
     <span class='ocr_line' id='line_1_30' title="bbox 97 4441 1236 4534; baseline 0 -24"><span class='ocrx_word' id='word_1_226' title='bbox 97 4443 183 4527; x_wconf 82' lang='lat' dir='ltr'>liog</span> <span class='ocrx_word' id='word_1_227' title='bbox 204 4447 237 4510; x_wconf 90' lang='lat' dir='ltr'>et</span> <span class='ocrx_word' id='word_1_228' title='bbox 252 4443 357 4513; x_wconf 89' lang='lat' dir='ltr'>socios</span> <span class='ocrx_word' id='word_1_229' title='bbox 373 4463 451 4514; x_wconf 87' lang='lat' dir='ltr'>suos</span> <span class='ocrx_word' id='word_1_230' title='bbox 469 4441 645 4534; x_wconf 85' lang='lat' dir='ltr'>predictos,</span> <span class='ocrx_word' id='word_1_231' title='bbox 662 4452 820 4529; x_wconf 82' lang='lat' dir='ltr'>quantum</span> <span class='ocrx_word' id='word_1_232' title='bbox 837 4442 878 4511; x_wconf 89' lang='lat' dir='ltr'>de</span> <span class='ocrx_word' id='word_1_233' title='bbox 893 4447 981 4511; x_wconf 87' lang='lat' dir='ltr'>terra</span> <span class='ocrx_word' id='word_1_234' title='bbox 994 4443 1093 4528; x_wconf 82' lang='lat' dir='ltr'>Ayka</span> <span class='ocrx_word' id='word_1_235' title='bbox 1108 4447 1236 4528; x_wconf 88' lang='lat' dir='ltr'>repete·</span> 
     </span>
    </p>
   </div>
   <div class='ocr_carea' id='block_1_8' title="bbox 0 0 1590 5166">
    <p class='ocr_par' dir='ltr' id='par_1_8' title="bbox 0 0 1590 5166">
     <span class='ocr_line' id='line_1_31' title="bbox 0 0 1590 5166; baseline 0 4"><span class='ocrx_word' id='word_1_236' title='bbox 0 0 1590 5166; x_wconf 95' lang='lat' dir='ltr'> </span> 
     </span>
    </p>
   </div>
  </div>
 </body>
</html>
