<?xml version="1.0" encoding="UTF-8"?>
<!DOCTYPE html PUBLIC "-//W3C//DTD XHTML 1.0 Transitional//EN"
    "http://www.w3.org/TR/xhtml1/DTD/xhtml1-transitional.dtd">
<html xmlns="http://www.w3.org/1999/xhtml" xml:lang="en" lang="en">
 <head>
  <title>
</title>
<meta http-equiv="Content-Type" content="text/html;charset=utf-8" />
  <meta name='ocr-system' content='tesseract 3.04.00' />
  <meta name='ocr-capabilities' content='ocr_page ocr_carea ocr_par ocr_line ocrx_word'/>
</head>
<body>
  <div class='ocr_page' id='page_1' title='image "./codexdiplomatic19wenzgoog_0295.png"; bbox 0 0 3098 5172; ppageno 0'>
   <div class='ocr_carea' id='block_1_1' title="bbox 615 969 691 1036">
    <p class='ocr_par' dir='ltr' id='par_1_1' title="bbox 615 969 691 1036">
     <span class='ocr_line' id='line_1_1' title="bbox 615 969 691 1036; baseline 0.026 -2"><span class='ocrx_word' id='word_1_1' title='bbox 615 969 691 1036; x_wconf 74' lang='grc'>162.</span> 
     </span>
    </p>
   </div>
   <div class='ocr_carea' id='block_1_2' title="bbox 97 1167 1222 1364">
    <p class='ocr_par' dir='ltr' id='par_1_2' title="bbox 97 1167 1222 1364">
     <span class='ocr_line' id='line_1_2' title="bbox 97 1167 1222 1254; baseline -0.004 -17"><span class='ocrx_word' id='word_1_2' title='bbox 97 1172 158 1238; x_wconf 81' lang='lat' dir='ltr'>tlt.</span> <span class='ocrx_word' id='word_1_3' title='bbox 175 1171 291 1236; x_wconf 79' lang='lat' dir='ltr'>Eodrc</span> <span class='ocrx_word' id='word_1_4' title='bbox 305 1170 480 1254; x_wconf 75' lang='lat' dir='ltr'>kirdtynole</span> <span class='ocrx_word' id='word_1_5' title='bbox 497 1169 586 1233; x_wconf 77' lang='lat' dir='ltr'>Foco</span> <span class='ocrx_word' id='word_1_6' title='bbox 604 1169 755 1252; x_wconf 67' lang='lat' dir='ltr'>belyaepet</span> <span class='ocrx_word' id='word_1_7' title='bbox 783 1173 940 1254; x_wconf 72' lang='lat' dir='ltr'>tcirpyazd</span> <span class='ocrx_word' id='word_1_8' title='bbox 964 1171 1064 1235; x_wconf 82' lang='lat' dir='ltr'>ite&#39;lete</span> <span class='ocrx_word' id='word_1_9' title='bbox 1089 1193 1110 1233; x_wconf 91' lang='grc' dir='ltr'><em>α</em></span> <span class='ocrx_word' id='word_1_10' title='bbox 1136 1167 1222 1232; x_wconf 78' lang='lat' dir='ltr'>Cba&#39;lc</span> 
     </span>
     <span class='ocr_line' id='line_1_3' title="bbox 349 1273 941 1364; baseline -0.003 -24"><span class='ocrx_word' id='word_1_11' title='bbox 349 1280 521 1364; x_wconf 73' lang='lat' dir='ltr'>nemzetacp</span> <span class='ocrx_word' id='word_1_12' title='bbox 536 1276 605 1341; x_wconf 79' lang='lat' dir='ltr'>ecit</span> <span class='ocrx_word' id='word_1_13' title='bbox 620 1275 727 1362; x_wconf 75' lang='lat' dir='ltr'>tupjai</span> <span class='ocrx_word' id='word_1_14' title='bbox 742 1275 824 1341; x_wconf 74' lang='lat' dir='ltr'>labat.</span> <span class='ocrx_word' id='word_1_15' title='bbox 844 1273 941 1341; x_wconf 87' lang='lat'><em>1297.</em></span> 
     </span>
    </p>
   </div>
   <div class='ocr_carea' id='block_1_3' title="bbox 77 1469 1221 4149">
    <p class='ocr_par' dir='ltr' id='par_1_3' title="bbox 77 1469 1221 4149">
     <span class='ocr_line' id='line_1_4' title="bbox 193 1469 1219 1561; baseline -0.001 -22"><span class='ocrx_word' id='word_1_16' title='bbox 193 1473 373 1561; x_wconf 62' lang='lat' dir='ltr'>(Andreas</span> <span class='ocrx_word' id='word_1_17' title='bbox 408 1471 470 1538; x_wconf 82' lang='lat' dir='ltr'>Dei</span> <span class='ocrx_word' id='word_1_18' title='bbox 494 1471 607 1554; x_wconf 79' lang='lat' dir='ltr'>gracia</span> <span class='ocrx_word' id='word_1_19' title='bbox 646 1469 824 1554; x_wconf 86' lang='lat' dir='ltr'>Hungarie,</span> <span class='ocrx_word' id='word_1_20' title='bbox 859 1471 1037 1554; x_wconf 89' lang='lat' dir='ltr'>Dalmacie,</span> <span class='ocrx_word' id='word_1_21' title='bbox 1075 1469 1219 1556; x_wconf 80' lang='lat' dir='ltr'>Oroaeie,</span> 
     </span>
     <span class='ocr_line' id='line_1_5' title="bbox 95 1576 1220 1666; baseline -0.003 -18"><span class='ocrx_word' id='word_1_22' title='bbox 95 1584 199 1666; x_wconf 83' lang='lat' dir='ltr'>Reme,</span> <span class='ocrx_word' id='word_1_23' title='bbox 217 1581 340 1662; x_wconf 84' lang='lat' dir='ltr'>Seruio,</span> <span class='ocrx_word' id='word_1_24' title='bbox 368 1579 515 1661; x_wconf 81' lang='lat' dir='ltr'>Gallicie,</span> <span class='ocrx_word' id='word_1_25' title='bbox 543 1576 799 1662; x_wconf 89' lang='lat' dir='ltr'>Lodomomerie,</span> <span class='ocrx_word' id='word_1_26' title='bbox 819 1577 985 1661; x_wconf 82' lang='lat' dir='ltr'>Cumania,</span> <span class='ocrx_word' id='word_1_27' title='bbox 1003 1578 1220 1662; x_wconf 85' lang='lat' dir='ltr'>Bulgarieque</span> 
     </span>
     <span class='ocr_line' id='line_1_6' title="bbox 95 1685 1220 1772; baseline -0.004 -16"><span class='ocrx_word' id='word_1_28' title='bbox 95 1692 156 1756; x_wconf 83' lang='lat' dir='ltr'>Rex</span> <span class='ocrx_word' id='word_1_29' title='bbox 182 1689 331 1756; x_wconf 89' lang='lat' dir='ltr'>omnibus</span> <span class='ocrx_word' id='word_1_30' title='bbox 358 1687 477 1752; x_wconf 80' lang='lat' dir='ltr'>Christi</span> <span class='ocrx_word' id='word_1_31' title='bbox 501 1685 653 1752; x_wconf 90' lang='lat' dir='ltr'>fidelibus</span> <span class='ocrx_word' id='word_1_32' title='bbox 680 1705 813 1771; x_wconf 78' lang='lat' dir='ltr'>presens</span> <span class='ocrx_word' id='word_1_33' title='bbox 839 1688 994 1770; x_wconf 87' lang='lat' dir='ltr'>scripturn</span> <span class='ocrx_word' id='word_1_34' title='bbox 1023 1686 1220 1772; x_wconf 87' lang='lat' dir='ltr'>inspecturis</span> 
     </span>
     <span class='ocr_line' id='line_1_7' title="bbox 98 1793 1219 1878; baseline -0.003 -16"><span class='ocrx_word' id='word_1_35' title='bbox 98 1796 229 1862; x_wconf 90' lang='lat' dir='ltr'>salutem</span> <span class='ocrx_word' id='word_1_36' title='bbox 247 1797 281 1861; x_wconf 91' lang='lat' dir='ltr'>in</span> <span class='ocrx_word' id='word_1_37' title='bbox 298 1795 413 1862; x_wconf 88' lang='lat' dir='ltr'>salutis</span> <span class='ocrx_word' id='word_1_38' title='bbox 429 1793 592 1878; x_wconf 86' lang='lat' dir='ltr'>largitore.</span> <span class='ocrx_word' id='word_1_39' title='bbox 609 1793 662 1858; x_wconf 87' lang='lat' dir='ltr'>Ad</span> <span class='ocrx_word' id='word_1_40' title='bbox 677 1793 898 1860; x_wconf 86' lang='lat' dir='ltr'>uniuersorum</span> <span class='ocrx_word' id='word_1_41' title='bbox 925 1793 1081 1859; x_wconf 80' lang='lat' dir='ltr'>noticiam</span> <span class='ocrx_word' id='word_1_42' title='bbox 1104 1793 1219 1859; x_wconf 91' lang='lat' dir='ltr'>harum</span> 
     </span>
     <span class='ocr_line' id='line_1_8' title="bbox 97 1901 1221 1987; baseline -0.002 -19"><span class='ocrx_word' id='word_1_43' title='bbox 97 1903 173 1968; x_wconf 88' lang='lat' dir='ltr'>serie</span> <span class='ocrx_word' id='word_1_44' title='bbox 199 1905 346 1968; x_wconf 88' lang='lat' dir='ltr'>uolumus</span> <span class='ocrx_word' id='word_1_45' title='bbox 372 1902 554 1987; x_wconf 88' lang='lat' dir='ltr'>peruenire,</span> <span class='ocrx_word' id='word_1_46' title='bbox 581 1901 667 1985; x_wconf 91' lang='lat' dir='ltr'>quod</span> <span class='ocrx_word' id='word_1_47' title='bbox 693 1921 766 1966; x_wconf 91' lang='lat' dir='ltr'>cum</span> <span class='ocrx_word' id='word_1_48' title='bbox 792 1901 922 1968; x_wconf 89' lang='lat' dir='ltr'>domina</span> <span class='ocrx_word' id='word_1_49' title='bbox 947 1901 1129 1969; x_wconf 86' lang='lat' dir='ltr'>Katherina</span> <span class='ocrx_word' id='word_1_50' title='bbox 1153 1901 1221 1966; x_wconf 90' lang='lat' dir='ltr'>filia</span> 
     </span>
     <span class='ocr_line' id='line_1_9' title="bbox 99 2008 1221 2095; baseline -0.002 -19"><span class='ocrx_word' id='word_1_51' title='bbox 99 2012 217 2076; x_wconf 81' lang='lat' dir='ltr'>&#39;Phorne</span> <span class='ocrx_word' id='word_1_52' title='bbox 235 2011 291 2094; x_wconf 87' lang='lat' dir='ltr'>lilij</span> <span class='ocrx_word' id='word_1_53' title='bbox 310 2008 432 2076; x_wconf 80' lang='lat' dir='ltr'>Zlauch</span> <span class='ocrx_word' id='word_1_54' title='bbox 448 2008 490 2075; x_wconf 91' lang='lat' dir='ltr'>de</span> <span class='ocrx_word' id='word_1_55' title='bbox 508 2029 628 2092; x_wconf 79' lang='lat' dir='ltr'><strong>genere</strong></span> <span class='ocrx_word' id='word_1_56' title='bbox 644 2008 760 2076; x_wconf 84' lang='lat' dir='ltr'>Ohaak</span> <span class='ocrx_word' id='word_1_57' title='bbox 776 2009 923 2095; x_wconf 89' lang='lat' dir='ltr'>Paulum,</span> <span class='ocrx_word' id='word_1_58' title='bbox 940 2009 1074 2074; x_wconf 88' lang='lat' dir='ltr'>Petrum</span> <span class='ocrx_word' id='word_1_59' title='bbox 1099 2017 1131 2075; x_wconf 87' lang='lat' dir='ltr'>et</span> <span class='ocrx_word' id='word_1_60' title='bbox 1155 2008 1221 2074; x_wconf 85' lang='lat' dir='ltr'>An·</span> 
     </span>
     <span class='ocr_line' id='line_1_10' title="bbox 100 2116 1220 2202; baseline -0.002 -18"><span class='ocrx_word' id='word_1_61' title='bbox 100 2120 205 2185; x_wconf 84' lang='lat' dir='ltr'><strong>dream</strong></span> <span class='ocrx_word' id='word_1_62' title='bbox 222 2118 308 2184; x_wconf 88' lang='lat' dir='ltr'>filios</span> <span class='ocrx_word' id='word_1_63' title='bbox 324 2117 485 2184; x_wconf 91' lang='lat' dir='ltr'>Jobannis</span> <span class='ocrx_word' id='word_1_64' title='bbox 509 2116 553 2182; x_wconf 93' lang='lat' dir='ltr'>ad</span> <span class='ocrx_word' id='word_1_65' title='bbox 578 2118 778 2202; x_wconf 81' lang='lat' dir='ltr'><strong>presenciam</strong></span> <span class='ocrx_word' id='word_1_66' title='bbox 804 2118 1002 2184; x_wconf 79' lang='lat' dir='ltr'>venerabilis</span> <span class='ocrx_word' id='word_1_67' title='bbox 1027 2118 1130 2202; x_wconf 87' lang='lat' dir='ltr'>patris</span> <span class='ocrx_word' id='word_1_68' title='bbox 1156 2117 1220 2182; x_wconf 84' lang='lat' dir='ltr'>An-</span> 
     </span>
     <span class='ocr_line' id='line_1_11' title="bbox 93 2223 1220 2312; baseline 0.002 -22"><span class='ocrx_word' id='word_1_69' title='bbox 93 2226 160 2294; x_wconf 89' lang='lat' dir='ltr'>dree</span> <span class='ocrx_word' id='word_1_70' title='bbox 175 2226 239 2293; x_wconf 89' lang='lat' dir='ltr'>Dei</span> <span class='ocrx_word' id='word_1_71' title='bbox 255 2225 369 2310; x_wconf 88' lang='lat' dir='ltr'>gracia</span> <span class='ocrx_word' id='word_1_72' title='bbox 384 2225 722 2310; x_wconf 79' lang='lat' dir='ltr'>Episcopi&#39;Agriensis</span> <span class='ocrx_word' id='word_1_73' title='bbox 738 2223 938 2312; x_wconf 81' lang='lat' dir='ltr'>superfacto</span> <span class='ocrx_word' id='word_1_74' title='bbox 954 2233 1037 2291; x_wconf 88' lang='lat' dir='ltr'>terre</span> <span class='ocrx_word' id='word_1_75' title='bbox 1051 2227 1142 2291; x_wconf 81' lang='lat' dir='ltr'>Foon</span> <span class='ocrx_word' id='word_1_76' title='bbox 1167 2247 1220 2292; x_wconf 88' lang='lat' dir='ltr'>vo-</span> 
     </span>
     <span class='ocr_line' id='line_1_12' title="bbox 95 2333 1220 2420; baseline -0.002 -20"><span class='ocrx_word' id='word_1_77' title='bbox 95 2341 161 2400; x_wconf 87' lang='lat' dir='ltr'>cate</span> <span class='ocrx_word' id='word_1_78' title='bbox 177 2343 360 2416; x_wconf 87' lang='lat' dir='ltr'>euocasset,</span> <span class='ocrx_word' id='word_1_79' title='bbox 379 2341 410 2398; x_wconf 89' lang='lat' dir='ltr'>et</span> <span class='ocrx_word' id='word_1_80' title='bbox 426 2333 542 2399; x_wconf 87' lang='lat' dir='ltr'>eadem</span> <span class='ocrx_word' id='word_1_81' title='bbox 568 2353 667 2400; x_wconf 91' lang='lat' dir='ltr'>causa</span> <span class='ocrx_word' id='word_1_82' title='bbox 692 2353 801 2399; x_wconf 88' lang='lat' dir='ltr'>coram</span> <span class='ocrx_word' id='word_1_83' title='bbox 827 2333 898 2420; x_wconf 88' lang='lat' dir='ltr'>ipso</span> <span class='ocrx_word' id='word_1_84' title='bbox 923 2333 1103 2400; x_wconf 80' lang='lat' dir='ltr'>venerabili</span> <span class='ocrx_word' id='word_1_85' title='bbox 1128 2340 1220 2418; x_wconf 88' lang='lat' dir='ltr'>patre</span> 
     </span>
     <span class='ocr_line' id='line_1_13' title="bbox 94 2440 1219 2528; baseline -0.001 -20"><span class='ocrx_word' id='word_1_86' title='bbox 94 2443 214 2508; x_wconf 89' lang='lat' dir='ltr'>diucius</span> <span class='ocrx_word' id='word_1_87' title='bbox 230 2442 349 2511; x_wconf 84' lang='lat' dir='ltr'>suisset</span> <span class='ocrx_word' id='word_1_88' title='bbox 364 2441 535 2528; x_wconf 87' lang='lat' dir='ltr'>uentilata,</span> <span class='ocrx_word' id='word_1_89' title='bbox 552 2443 598 2508; x_wconf 89' lang='lat' dir='ltr'>ita</span> <span class='ocrx_word' id='word_1_90' title='bbox 614 2449 649 2508; x_wconf 92' lang='lat' dir='ltr'>ut</span> <span class='ocrx_word' id='word_1_91' title='bbox 666 2442 760 2508; x_wconf 90' lang='lat' dir='ltr'>ambe</span> <span class='ocrx_word' id='word_1_92' title='bbox 776 2448 886 2526; x_wconf 89' lang='lat' dir='ltr'>partes</span> <span class='ocrx_word' id='word_1_93' title='bbox 899 2463 995 2528; x_wconf 90' lang='lat' dir='ltr'>super·</span> <span class='ocrx_word' id='word_1_94' title='bbox 1021 2440 1107 2508; x_wconf 87' lang='lat' dir='ltr'>facto</span> <span class='ocrx_word' id='word_1_95' title='bbox 1135 2448 1219 2507; x_wconf 89' lang='lat' dir='ltr'>terre</span> 
     </span>
     <span class='ocr_line' id='line_1_14' title="bbox 95 2550 1220 2637; baseline 0.002 -23"><span class='ocrx_word' id='word_1_96' title='bbox 95 2550 180 2618; x_wconf 79' lang='lat' dir='ltr'>Foon</span> <span class='ocrx_word' id='word_1_97' title='bbox 196 2559 311 2618; x_wconf 86' lang='lat' dir='ltr'>uocate</span> <span class='ocrx_word' id='word_1_98' title='bbox 327 2573 388 2618; x_wconf 90' lang='lat' dir='ltr'>sna</span> <span class='ocrx_word' id='word_1_99' title='bbox 401 2552 627 2637; x_wconf 89' lang='lat' dir='ltr'>instrumenta,</span> <span class='ocrx_word' id='word_1_100' title='bbox 642 2550 757 2635; x_wconf 89' lang='lat' dir='ltr'>quibus</span> <span class='ocrx_word' id='word_1_101' title='bbox 773 2551 993 2617; x_wconf 83' lang='lat' dir='ltr'>mediantibus</span> <span class='ocrx_word' id='word_1_102' title='bbox 1009 2552 1083 2636; x_wconf 90' lang='lat' dir='ltr'>ipsa</span> <span class='ocrx_word' id='word_1_103' title='bbox 1092 2569 1220 2636; x_wconf 90' lang='lat' dir='ltr'>posses-</span> 
     </span>
     <span class='ocr_line' id='line_1_15' title="bbox 93 2657 1220 2746; baseline -0.004 -21"><span class='ocrx_word' id='word_1_104' title='bbox 93 2659 137 2725; x_wconf 89' lang='lat' dir='ltr'>sio</span> <span class='ocrx_word' id='word_1_105' title='bbox 152 2659 243 2727; x_wconf 86' lang='lat' dir='ltr'>Foon</span> <span class='ocrx_word' id='word_1_106' title='bbox 261 2659 308 2727; x_wconf 90' lang='lat' dir='ltr'>eis</span> <span class='ocrx_word' id='word_1_107' title='bbox 324 2665 375 2726; x_wconf 91' lang='lat' dir='ltr'>est</span> <span class='ocrx_word' id='word_1_108' title='bbox 391 2659 523 2746; x_wconf 90' lang='lat' dir='ltr'>collata,</span> <span class='ocrx_word' id='word_1_109' title='bbox 540 2659 692 2725; x_wconf 85' lang='lat' dir='ltr'>exhibere</span> <span class='ocrx_word' id='word_1_110' title='bbox 719 2658 992 2744; x_wconf 75' lang='lat' dir='ltr'>assumpsissent,</span> <span class='ocrx_word' id='word_1_111' title='bbox 1019 2657 1220 2725; x_wconf 90' lang='lat' dir='ltr'>aduenienti-</span> 
     </span>
     <span class='ocr_line' id='line_1_16' title="bbox 92 2764 1221 2852; baseline 0.002 -22"><span class='ocrx_word' id='word_1_112' title='bbox 92 2765 147 2834; x_wconf 90' lang='lat' dir='ltr'>bus</span> <span class='ocrx_word' id='word_1_113' title='bbox 163 2767 310 2834; x_wconf 90' lang='lat' dir='ltr'>terminis</span> <span class='ocrx_word' id='word_1_114' title='bbox 326 2765 368 2832; x_wconf 88' lang='lat' dir='ltr'>ad</span> <span class='ocrx_word' id='word_1_115' title='bbox 384 2767 446 2833; x_wconf 92' lang='lat' dir='ltr'>hoc</span> <span class='ocrx_word' id='word_1_116' title='bbox 462 2766 626 2852; x_wconf 87' lang='lat' dir='ltr'>deputatis</span> <span class='ocrx_word' id='word_1_117' title='bbox 643 2765 757 2833; x_wconf 88' lang='lat' dir='ltr'>eadem</span> <span class='ocrx_word' id='word_1_118' title='bbox 782 2764 912 2833; x_wconf 87' lang='lat' dir='ltr'>domina</span> <span class='ocrx_word' id='word_1_119' title='bbox 938 2786 996 2850; x_wconf 89' lang='lat' dir='ltr'>per</span> <span class='ocrx_word' id='word_1_120' title='bbox 1022 2766 1221 2833; x_wconf 76' lang='lat' dir='ltr'>subicientes</span> 
     </span>
     <span class='ocr_line' id='line_1_17' title="bbox 91 2873 1220 2963; baseline 0.003 -24"><span class='ocrx_word' id='word_1_121' title='bbox 91 2880 314 2958; x_wconf 75' lang='lat' dir='ltr'>procuratores</span> <span class='ocrx_word' id='word_1_122' title='bbox 329 2897 389 2943; x_wconf 90' lang='lat' dir='ltr'>sna</span> <span class='ocrx_word' id='word_1_123' title='bbox 405 2875 605 2943; x_wconf 80' lang='lat' dir='ltr'>exhibuisset</span> <span class='ocrx_word' id='word_1_124' title='bbox 620 2875 844 2963; x_wconf 86' lang='lat' dir='ltr'>instrumenta,</span> <span class='ocrx_word' id='word_1_125' title='bbox 861 2877 988 2960; x_wconf 86' lang='lat' dir='ltr'>Paulus,</span> <span class='ocrx_word' id='word_1_126' title='bbox 1007 2877 1135 2963; x_wconf 88' lang='lat' dir='ltr'>Petrus,</span> <span class='ocrx_word' id='word_1_127' title='bbox 1152 2873 1220 2942; x_wconf 88' lang='lat' dir='ltr'>Ste-</span> 
     </span>
     <span class='ocr_line' id='line_1_18' title="bbox 90 2983 1220 3071; baseline 0 -21"><span class='ocrx_word' id='word_1_128' title='bbox 90 2984 218 3066; x_wconf 89' lang='lat' dir='ltr'>phanus</span> <span class='ocrx_word' id='word_1_129' title='bbox 234 2989 267 3049; x_wconf 91' lang='lat' dir='ltr'>et</span> <span class='ocrx_word' id='word_1_130' title='bbox 283 2983 431 3050; x_wconf 87' lang='lat' dir='ltr'>Andreas</span> <span class='ocrx_word' id='word_1_131' title='bbox 448 2991 673 3071; x_wconf 84' lang='lat' dir='ltr'>conparantes,</span> <span class='ocrx_word' id='word_1_132' title='bbox 690 2984 756 3050; x_wconf 87' lang='lat' dir='ltr'>suis</span> <span class='ocrx_word' id='word_1_133' title='bbox 774 3005 840 3050; x_wconf 94' lang='lat' dir='ltr'>non</span> <span class='ocrx_word' id='word_1_134' title='bbox 857 2983 971 3050; x_wconf 90' lang='lat' dir='ltr'>muniti</span> <span class='ocrx_word' id='word_1_135' title='bbox 996 2983 1220 3050; x_wconf 88' lang='lat' dir='ltr'>instrumentis</span> 
     </span>
     <span class='ocr_line' id='line_1_19' title="bbox 92 3089 1221 3176; baseline 0 -21"><span class='ocrx_word' id='word_1_136' title='bbox 92 3089 262 3174; x_wconf 89' lang='lat' dir='ltr'>injudicio</span> <span class='ocrx_word' id='word_1_137' title='bbox 289 3098 364 3157; x_wconf 87' lang='lat' dir='ltr'>sunt</span> <span class='ocrx_word' id='word_1_138' title='bbox 388 3092 548 3176; x_wconf 90' lang='lat' dir='ltr'>conuicti;</span> <span class='ocrx_word' id='word_1_139' title='bbox 573 3093 621 3158; x_wconf 89' lang='lat' dir='ltr'>ita</span> <span class='ocrx_word' id='word_1_140' title='bbox 645 3098 681 3157; x_wconf 89' lang='lat' dir='ltr'>ut</span> <span class='ocrx_word' id='word_1_141' title='bbox 706 3092 809 3159; x_wconf 87' lang='lat' dir='ltr'>altero</span> <span class='ocrx_word' id='word_1_142' title='bbox 835 3092 970 3158; x_wconf 89' lang='lat' dir='ltr'>termino</span> <span class='ocrx_word' id='word_1_143' title='bbox 997 3109 1056 3175; x_wconf 89' lang='lat' dir='ltr'>per</span> <span class='ocrx_word' id='word_1_144' title='bbox 1081 3089 1221 3157; x_wconf 89' lang='lat' dir='ltr'>eundem</span> 
     </span>
     <span class='ocr_line' id='line_1_20' title="bbox 88 3199 1221 3284; baseline 0.002 -22"><span class='ocrx_word' id='word_1_145' title='bbox 88 3199 305 3264; x_wconf 87' lang='lat' dir='ltr'>venerabilem</span> <span class='ocrx_word' id='word_1_146' title='bbox 321 3207 447 3284; x_wconf 87' lang='lat' dir='ltr'>patrem</span> <span class='ocrx_word' id='word_1_147' title='bbox 464 3200 632 3283; x_wconf 85' lang='lat' dir='ltr'>assignato</span> <span class='ocrx_word' id='word_1_148' title='bbox 649 3203 870 3284; x_wconf 80' lang='lat' dir='ltr'>conpararent,</span> <span class='ocrx_word' id='word_1_149' title='bbox 882 3204 985 3264; x_wconf 90' lang='lat' dir='ltr'>etsna</span> <span class='ocrx_word' id='word_1_150' title='bbox 1006 3199 1221 3265; x_wconf 89' lang='lat' dir='ltr'>instrumenta</span> 
     </span>
     <span class='ocr_line' id='line_1_21' title="bbox 88 3305 1221 3392; baseline 0.003 -21"><span class='ocrx_word' id='word_1_151' title='bbox 88 3306 298 3392; x_wconf 81' lang='lat' dir='ltr'>exhiberent3</span> <span class='ocrx_word' id='word_1_152' title='bbox 315 3307 493 3392; x_wconf 89' lang='lat' dir='ltr'>eodemque</span> <span class='ocrx_word' id='word_1_153' title='bbox 508 3307 574 3374; x_wconf 92' lang='lat' dir='ltr'>alio</span> <span class='ocrx_word' id='word_1_154' title='bbox 589 3309 726 3374; x_wconf 90' lang='lat' dir='ltr'>termino</span> <span class='ocrx_word' id='word_1_155' title='bbox 743 3329 808 3374; x_wconf 95' lang='lat' dir='ltr'>non</span> <span class='ocrx_word' id='word_1_156' title='bbox 834 3305 1100 3392; x_wconf 89' lang='lat' dir='ltr'>conparentibus,</span> <span class='ocrx_word' id='word_1_157' title='bbox 1119 3312 1150 3372; x_wconf 90' lang='lat' dir='ltr'>et</span> <span class='ocrx_word' id='word_1_158' title='bbox 1160 3327 1221 3374; x_wconf 91' lang='lat' dir='ltr'>sua</span> 
     </span>
     <span class='ocr_line' id='line_1_22' title="bbox 90 3412 1220 3500; baseline 0.002 -22"><span class='ocrx_word' id='word_1_159' title='bbox 90 3415 290 3482; x_wconf 83' lang='lat' dir='ltr'>insturnenta</span> <span class='ocrx_word' id='word_1_160' title='bbox 300 3435 366 3493; x_wconf 89' lang='lat' dir='ltr'>non</span> <span class='ocrx_word' id='word_1_161' title='bbox 378 3415 613 3500; x_wconf 86' lang='lat' dir='ltr'>exhibentibus,</span> <span class='ocrx_word' id='word_1_162' title='bbox 622 3415 655 3480; x_wconf 91' lang='lat' dir='ltr'>in</span> <span class='ocrx_word' id='word_1_163' title='bbox 666 3415 732 3481; x_wconf 92' lang='lat' dir='ltr'>alio</span> <span class='ocrx_word' id='word_1_164' title='bbox 739 3414 864 3499; x_wconf 88' lang='lat' dir='ltr'>judicio</span> <span class='ocrx_word' id='word_1_165' title='bbox 875 3413 1013 3480; x_wconf 88' lang='lat' dir='ltr'>conuicti</span> <span class='ocrx_word' id='word_1_166' title='bbox 1025 3412 1220 3500; x_wconf 84' lang='lat' dir='ltr'>extitissent,</span> 
     </span>
     <span class='ocr_line' id='line_1_23' title="bbox 85 3521 1218 3608; baseline -0.003 -18"><span class='ocrx_word' id='word_1_167' title='bbox 85 3529 187 3608; x_wconf 90' lang='lat' dir='ltr'>prout</span> <span class='ocrx_word' id='word_1_168' title='bbox 200 3521 232 3588; x_wconf 93' lang='lat' dir='ltr'>in</span> <span class='ocrx_word' id='word_1_169' title='bbox 249 3523 369 3590; x_wconf 88' lang='lat' dir='ltr'>litteris</span> <span class='ocrx_word' id='word_1_170' title='bbox 385 3523 529 3590; x_wconf 88' lang='lat' dir='ltr'>eiusdem</span> <span class='ocrx_word' id='word_1_171' title='bbox 546 3523 741 3590; x_wconf 87' lang='lat' dir='ltr'>venerabilis</span> <span class='ocrx_word' id='word_1_172' title='bbox 757 3522 863 3607; x_wconf 87' lang='lat' dir='ltr'>patris</span> <span class='ocrx_word' id='word_1_173' title='bbox 880 3521 1022 3588; x_wconf 90' lang='lat' dir='ltr'>uidimus</span> <span class='ocrx_word' id='word_1_174' title='bbox 1047 3522 1218 3590; x_wconf 89' lang='lat' dir='ltr'>contineri.</span> 
     </span>
     <span class='ocr_line' id='line_1_24' title="bbox 87 3629 1220 3716; baseline 0.002 -22"><span class='ocrx_word' id='word_1_175' title='bbox 87 3630 130 3695; x_wconf 85' lang='lat' dir='ltr'>Et</span> <span class='ocrx_word' id='word_1_176' title='bbox 150 3630 210 3696; x_wconf 90' lang='lat' dir='ltr'>lite</span> <span class='ocrx_word' id='word_1_177' title='bbox 225 3649 289 3696; x_wconf 92' lang='lat' dir='ltr'>non</span> <span class='ocrx_word' id='word_1_178' title='bbox 307 3630 427 3714; x_wconf 87' lang='lat' dir='ltr'>decisa,</span> <span class='ocrx_word' id='word_1_179' title='bbox 443 3650 552 3716; x_wconf 80' lang='lat' dir='ltr'>ymmo</span> <span class='ocrx_word' id='word_1_180' title='bbox 562 3629 711 3715; x_wconf 92' lang='lat' dir='ltr'>pedente,</span> <span class='ocrx_word' id='word_1_181' title='bbox 723 3636 756 3697; x_wconf 90' lang='lat' dir='ltr'>et</span> <span class='ocrx_word' id='word_1_182' title='bbox 772 3629 834 3696; x_wconf 85' lang='lat' dir='ltr'>frne</span> <span class='ocrx_word' id='word_1_183' title='bbox 846 3629 954 3696; x_wconf 90' lang='lat' dir='ltr'>debito</span> <span class='ocrx_word' id='word_1_184' title='bbox 964 3649 1026 3695; x_wconf 91' lang='lat' dir='ltr'>non</span> <span class='ocrx_word' id='word_1_185' title='bbox 1037 3631 1220 3714; x_wconf 89' lang='lat' dir='ltr'>terminata,</span> 
     </span>
     <span class='ocr_line' id='line_1_25' title="bbox 85 3737 1220 3824; baseline 0.001 -21"><span class='ocrx_word' id='word_1_186' title='bbox 85 3737 192 3820; x_wconf 89' lang='lat' dir='ltr'>ijdem</span> <span class='ocrx_word' id='word_1_187' title='bbox 209 3739 341 3824; x_wconf 88' lang='lat' dir='ltr'>Paulus,</span> <span class='ocrx_word' id='word_1_188' title='bbox 359 3739 483 3823; x_wconf 88' lang='lat' dir='ltr'>Petrus,</span> <span class='ocrx_word' id='word_1_189' title='bbox 502 3738 687 3824; x_wconf 85' lang='lat' dir='ltr'>Stephanus</span> <span class='ocrx_word' id='word_1_190' title='bbox 704 3747 737 3804; x_wconf 93' lang='lat' dir='ltr'>et</span> <span class='ocrx_word' id='word_1_191' title='bbox 747 3737 898 3805; x_wconf 81' lang='lat' dir='ltr'>Andreas</span> <span class='ocrx_word' id='word_1_192' title='bbox 923 3737 1028 3822; x_wconf 88' lang='lat' dir='ltr'>ipsam</span> <span class='ocrx_word' id='word_1_193' title='bbox 1055 3737 1220 3806; x_wconf 90' lang='lat' dir='ltr'>dominam</span> 
     </span>
     <span class='ocr_line' id='line_1_26' title="bbox 84 3843 1221 3932; baseline 0.001 -23"><span class='ocrx_word' id='word_1_194' title='bbox 84 3851 118 3909; x_wconf 89' lang='lat' dir='ltr'>et</span> <span class='ocrx_word' id='word_1_195' title='bbox 134 3844 323 3929; x_wconf 82' lang='lat' dir='ltr'>Nycolanm</span> <span class='ocrx_word' id='word_1_196' title='bbox 348 3844 449 3910; x_wconf 88' lang='lat' dir='ltr'>tilium</span> <span class='ocrx_word' id='word_1_197' title='bbox 475 3865 567 3912; x_wconf 89' lang='lat' dir='ltr'>suum</span> <span class='ocrx_word' id='word_1_198' title='bbox 594 3845 637 3912; x_wconf 92' lang='lat' dir='ltr'>ad</span> <span class='ocrx_word' id='word_1_199' title='bbox 662 3846 866 3930; x_wconf 89' lang='lat' dir='ltr'>presenciam</span> <span class='ocrx_word' id='word_1_200' title='bbox 893 3843 1040 3932; x_wconf 83' lang='lat' dir='ltr'>Omodey</span> <span class='ocrx_word' id='word_1_201' title='bbox 1065 3845 1221 3930; x_wconf 85' lang='lat' dir='ltr'>Palatini,</span> 
     </span>
     <span class='ocr_line' id='line_1_27' title="bbox 77 3951 1221 4040; baseline 0.003 -24"><span class='ocrx_word' id='word_1_202' title='bbox 77 3951 206 4034; x_wconf 84' lang='lat' dir='ltr'>judicis</span> <span class='ocrx_word' id='word_1_203' title='bbox 223 3974 280 4038; x_wconf 92' lang='lat' dir='ltr'>per</span> <span class='ocrx_word' id='word_1_204' title='bbox 296 3973 355 4019; x_wconf 89' lang='lat' dir='ltr'>nos</span> <span class='ocrx_word' id='word_1_205' title='bbox 372 3951 531 4040; x_wconf 87' lang='lat' dir='ltr'>deputati,</span> <span class='ocrx_word' id='word_1_206' title='bbox 548 3953 703 4021; x_wconf 87' lang='lat' dir='ltr'>fecissent</span> <span class='ocrx_word' id='word_1_207' title='bbox 730 3955 869 4039; x_wconf 89' lang='lat' dir='ltr'>euocari,</span> <span class='ocrx_word' id='word_1_208' title='bbox 895 3961 1115 4039; x_wconf 90' lang='lat' dir='ltr'>proponentes</span> <span class='ocrx_word' id='word_1_209' title='bbox 1147 3974 1221 4020; x_wconf 91' lang='lat' dir='ltr'>con-</span> 
     </span>
     <span class='ocr_line' id='line_1_28' title="bbox 83 4061 1221 4149; baseline 0.002 -25"><span class='ocrx_word' id='word_1_210' title='bbox 83 4068 139 4125; x_wconf 90' lang='lat' dir='ltr'>tra</span> <span class='ocrx_word' id='word_1_211' title='bbox 158 4061 257 4147; x_wconf 87' lang='lat' dir='ltr'>ipsos,</span> <span class='ocrx_word' id='word_1_212' title='bbox 275 4068 310 4127; x_wconf 86' lang='lat' dir='ltr'>vt</span> <span class='ocrx_word' id='word_1_213' title='bbox 326 4062 441 4128; x_wconf 89' lang='lat' dir='ltr'>eadem</span> <span class='ocrx_word' id='word_1_214' title='bbox 458 4061 600 4149; x_wconf 91' lang='lat' dir='ltr'>domina,</span> <span class='ocrx_word' id='word_1_215' title='bbox 629 4069 662 4129; x_wconf 91' lang='lat' dir='ltr'>et</span> <span class='ocrx_word' id='word_1_216' title='bbox 679 4063 846 4148; x_wconf 87' lang='lat' dir='ltr'>Nyeolaus</span> <span class='ocrx_word' id='word_1_217' title='bbox 872 4061 958 4127; x_wconf 86' lang='lat' dir='ltr'>filius</span> <span class='ocrx_word' id='word_1_218' title='bbox 976 4080 1062 4144; x_wconf 88' lang='lat' dir='ltr'>suus,</span> <span class='ocrx_word' id='word_1_219' title='bbox 1091 4061 1221 4146; x_wconf 86' lang='lat' dir='ltr'>priuile-</span> 
     </span>
    </p>
   </div>
   <div class='ocr_carea' id='block_1_4' title="bbox 83 4167 1355 4254">
    <p class='ocr_par' dir='ltr' id='par_1_4' title="bbox 83 4167 1355 4254">
     <span class='ocr_line' id='line_1_29' title="bbox 83 4167 1355 4254; baseline 0.002 -23"><span class='ocrx_word' id='word_1_220' title='bbox 83 4167 182 4248; x_wconf 89' lang='lat' dir='ltr'>gium</span> <span class='ocrx_word' id='word_1_221' title='bbox 198 4189 305 4236; x_wconf 90' lang='lat' dir='ltr'>eorum</span> <span class='ocrx_word' id='word_1_222' title='bbox 322 4171 524 4254; x_wconf 85' lang='lat' dir='ltr'>superfacto</span> <span class='ocrx_word' id='word_1_223' title='bbox 550 4177 636 4236; x_wconf 89' lang='lat' dir='ltr'>terre</span> <span class='ocrx_word' id='word_1_224' title='bbox 661 4172 752 4236; x_wconf 84' lang='lat' dir='ltr'>Foon</span> <span class='ocrx_word' id='word_1_225' title='bbox 777 4170 992 4234; x_wconf 87' lang='lat' dir='ltr'>communiter</span> <span class='ocrx_word' id='word_1_226' title='bbox 1018 4189 1076 4252; x_wconf 92' lang='lat' dir='ltr'>per</span> <span class='ocrx_word' id='word_1_227' title='bbox 1100 4169 1221 4252; x_wconf 84' lang='lat' dir='ltr'>Regem</span> <span class='ocrx_word' id='word_1_228' title='bbox 1350 4211 1355 4222; x_wconf 88' lang='lat'>·</span> 
     </span>
    </p>
   </div>
   <div class='ocr_carea' id='block_1_5' title="bbox 75 4273 1221 4686">
    <p class='ocr_par' dir='ltr' id='par_1_5' title="bbox 75 4273 1221 4686">
     <span class='ocr_line' id='line_1_30' title="bbox 79 4273 1221 4363; baseline 0.003 -24"><span class='ocrx_word' id='word_1_229' title='bbox 79 4273 287 4358; x_wconf 85' lang='lat' dir='ltr'>Stephanum</span> <span class='ocrx_word' id='word_1_230' title='bbox 304 4277 423 4343; x_wconf 88' lang='lat' dir='ltr'>collate</span> <span class='ocrx_word' id='word_1_231' title='bbox 437 4273 618 4343; x_wconf 77' lang='lat' dir='ltr'>coniectum</span> <span class='ocrx_word' id='word_1_232' title='bbox 634 4277 842 4363; x_wconf 86' lang='lat' dir='ltr'>recepissent,</span> <span class='ocrx_word' id='word_1_233' title='bbox 860 4285 892 4341; x_wconf 91' lang='lat' dir='ltr'>et</span> <span class='ocrx_word' id='word_1_234' title='bbox 909 4283 1078 4344; x_wconf 89' lang='lat' dir='ltr'>seruarent</span> <span class='ocrx_word' id='word_1_235' title='bbox 1106 4284 1221 4342; x_wconf 88' lang='lat' dir='ltr'>contra</span> 
     </span>
     <span class='ocr_line' id='line_1_31' title="bbox 79 4382 1221 4471; baseline 0.005 -27"><span class='ocrx_word' id='word_1_236' title='bbox 79 4382 230 4468; x_wconf 85' lang='lat' dir='ltr'>ipsorum</span> <span class='ocrx_word' id='word_1_237' title='bbox 247 4383 460 4471; x_wconf 87' lang='lat' dir='ltr'>uoluntatem,</span> <span class='ocrx_word' id='word_1_238' title='bbox 478 4389 509 4450; x_wconf 93' lang='lat' dir='ltr'>et</span> <span class='ocrx_word' id='word_1_239' title='bbox 535 4404 605 4450; x_wconf 88' lang='lat' dir='ltr'>cum</span> <span class='ocrx_word' id='word_1_240' title='bbox 626 4403 761 4452; x_wconf 87' lang='lat' dir='ltr'>neeesse</span> <span class='ocrx_word' id='word_1_241' title='bbox 785 4383 976 4452; x_wconf 86' lang='lat' dir='ltr'>habuissent</span> <span class='ocrx_word' id='word_1_242' title='bbox 1001 4385 1044 4449; x_wconf 91' lang='lat' dir='ltr'>ad</span> <span class='ocrx_word' id='word_1_243' title='bbox 1072 4384 1221 4451; x_wconf 86' lang='lat' dir='ltr'>exhiben-</span> 
     </span>
     <span class='ocr_line' id='line_1_32' title="bbox 75 4489 1220 4579; baseline 0.003 -24"><span class='ocrx_word' id='word_1_244' title='bbox 75 4489 177 4576; x_wconf 89' lang='lat' dir='ltr'>dum,</span> <span class='ocrx_word' id='word_1_245' title='bbox 195 4512 255 4557; x_wconf 92' lang='lat' dir='ltr'>non</span> <span class='ocrx_word' id='word_1_246' title='bbox 273 4490 452 4556; x_wconf 89' lang='lat' dir='ltr'>dedissent.</span> <span class='ocrx_word' id='word_1_247' title='bbox 471 4491 591 4557; x_wconf 82' lang='lat' dir='ltr'>Contra</span> <span class='ocrx_word' id='word_1_248' title='bbox 608 4511 689 4575; x_wconf 92' lang='lat' dir='ltr'>quos</span> <span class='ocrx_word' id='word_1_249' title='bbox 706 4489 862 4573; x_wconf 84' lang='lat' dir='ltr'>Magister</span> <span class='ocrx_word' id='word_1_250' title='bbox 887 4491 1077 4579; x_wconf 88' lang='lat' dir='ltr'>Aladarius,</span> <span class='ocrx_word' id='word_1_251' title='bbox 1103 4498 1135 4558; x_wconf 90' lang='lat' dir='ltr'>et</span> <span class='ocrx_word' id='word_1_252' title='bbox 1160 4491 1220 4558; x_wconf 93' lang='lat' dir='ltr'>Be·</span> 
     </span>
     <span class='ocr_line' id='line_1_33' title="bbox 77 4597 1221 4686; baseline 0.003 -23"><span class='ocrx_word' id='word_1_253' title='bbox 77 4599 238 4664; x_wconf 88' lang='lat' dir='ltr'>nedictus</span> <span class='ocrx_word' id='word_1_254' title='bbox 278 4598 459 4686; x_wconf 88' lang='lat' dir='ltr'>Rutbenus,</span> <span class='ocrx_word' id='word_1_255' title='bbox 486 4608 715 4684; x_wconf 85' lang='lat' dir='ltr'>procuratores</span> <span class='ocrx_word' id='word_1_256' title='bbox 741 4597 888 4666; x_wconf 91' lang='lat' dir='ltr'>eiusdem</span> <span class='ocrx_word' id='word_1_257' title='bbox 919 4600 1050 4667; x_wconf 88' lang='lat' dir='ltr'>domine</span> <span class='ocrx_word' id='word_1_258' title='bbox 1081 4599 1221 4686; x_wconf 90' lang='lat' dir='ltr'>legitimi</span> 
     </span>
    </p>
   </div>
   <div class='ocr_carea' id='block_1_6' title="bbox 0 0 1554 5172">
    <p class='ocr_par' dir='ltr' id='par_1_6' title="bbox 0 0 1554 5172">
     <span class='ocr_line' id='line_1_34' title="bbox 0 0 1554 5172; baseline 0 3"><span class='ocrx_word' id='word_1_259' title='bbox 0 0 1554 5172; x_wconf 95' lang='lat' dir='ltr'> </span> 
     </span>
    </p>
   </div>
  </div>
 </body>
</html>
