3112 5158
597 319 640 384 99

533 411 681 421 ----—-

55 513 133 577 diotu
149 511 281 595 Almisij
302 519 388 576 osset
403 511 436 576 in
454 512 604 578 manibus
631 511 709 578 dieti
727 511 849 576 domini
882 507 1016 576 Comitis
1034 509 1167 593 Georgii

56 628 80 684 ot
94 621 229 687 fratrum
246 638 376 685 suorum
386 671 396 706 ,
429 621 482 687 vel
507 617 641 686 alterius
666 638 726 704 pro
743 637 791 702 eo,
811 636 912 698 usque
943 616 986 683 ad
1003 619 1173 682 torminum

56 727 282 810 supradictum.
310 725 350 789 ut
366 725 399 790 in
417 727 530 792 horum
546 725 652 808 tidem,
674 731 707 791 et
722 723 920 791 evidenoiam
936 723 1114 811 pleniorem
1130 722 1175 788 di·

58 843 118 898 etus
135 832 284 899 dominus
301 831 416 899 Comes
433 831 592 916 Georgius
608 851 742 918 presens
755 830 920 918 publicum
931 829 1177 898 instrumentum

59 961 107 1005 sua
123 939 271 1006 bulluae
288 939 399 1023 sigillo
417 958 510 1007 cereo
527 938 719 1005 communiri
735 935 910 1004 mundavit.

157 1049 263 1115 Versa
278 1048 348 1113 viee
363 1046 529 1132 predictus
555 1046 706 1113 dominus
721 1047 888 1114 Johnnnes
915 1043 1098 1112 (ioutureno
1123 1045 1177 1111 Ja-

61 1153 176 1221 irensis
193 1157 311 1221 Comes
327 1153 457 1220 nomine
473 1163 504 1220 et
519 1155 592 1221 vioe
608 1154 743 1240 predicti
770 1153 891 1220 domiui
907 1151 1009 1220 Duois
1027 1159 1059 1219 et
1074 1151 1177 1220 homi·

63 1259 1180 1347 numVeneeiarum,hubitutorum‚subiectorum,fidelium,districtuu-

63 1371 126 1433 lium
144 1389 276 1436 suorum
293 1367 396 1453 inivit,
414 1368 499 1453 feeit,
517 1376 549 1435 et
565 1367 706 1436 firmavit
722 1387 854 1454 merum,
871 1387 987 1452 puram
1005 1377 1036 1433 et
1051 1368 1177 1434 firmam

63 1487 201 1559 treguam
219 1477 373 1560 usquead
385 1475 565 1561 prediotum
581 1496 702 1543 aunum
719 1475 906 1542 continuum
923 1481 955 1541 et
980 1476 1176 1560 completum
1242 1521 1247 1530 .

65 1603 124 1648 oum
141 1583 332 1668 supradicto
349 1583 478 1650 domino
504 1582 628 1649 Gemite
653 1583 796 1667 Georgio
821 1581 998 1666 recipiente
1024 1589 1056 1648 et
1079 1581 1181 1667 stipu-

67 1693 155 1774 tante‚
166 1697 231 1755 tam
244 1711 303 1756 suo
315 1699 347 1755 et
357 1709 487 1756 suorum
499 1690 637 1776 nomine,
648 1709 746 1774 quam
769 1691 942 1778 hominum,
954 1699 986 1756 et
996 1688 1183 1756 Communis

67 1797 204 1880 Almisij;
223 1799 424 1882 promittens
442 1797 529 1880 quod
545 1798 707 1882 predictus
724 1797 871 1864 dominus
895 1798 969 1864 Dux
988 1819 1045 1883 pro
1062 1817 1109 1883 se,
1126 1817 1185 1863 seu

67 1927 115 1988 pro
131 1905 265 1990 Gemite,
282 1914 314 1972 et
329 1907 474 1973 homines
500 1897 724 1988 Veneeiurum,
742 1907 953 1990 habitatores,
981 1906 1101 1990 fideles,
1131 1905 1180 1970 di·

71 2012 257 2092 strietuales,
274 2033 332 2078 seu
356 2013 487 2101 subditi,
503 2034 568 2080 non
578 2014 751 2099 offendent,
767 2034 826 2081 neo
843 2013 962 2080 offendi
978 2013 1106 2098 facient,
1120 2033 1181 2079 nee

70 2121 176 2186 offendi
208 2123 394 2207 permittent
425 2121 457 2187 in
489 2123 636 2207 personis
669 2123 720 2188 vel
746 2123 842 2188 rebus
868 2122 1048 2206 predictum
1074 2119 1175 2186 domi·

70 2229 308 2306 urrm‘Comitem
336 2229 521 2314 Georgium,
545 2249 605 2296 neo
631 2229 787 2295 Comitem
813 2235 845 2295 et
871 2228 1016 2294 homines
1042 2226 1186 2310 Almisij,

71 2354 121 2400 neo
135 2335 274 2418 alicujus
292 2355 402 2402 eorum
420 2335 574 2418 homines,
593 2337 645 2401 vel
662 2334 810 2402 subditos
829 2317 1022 2418 ubicumque
1047 2333 1187 2401 existen·

70 2443 196 2524 tes3sed
214 2461 271 2508 eos
289 2463 400 2509 omnes
418 2447 449 2508 et
465 2444 611 2526 singulos
637 2445 670 2508 in
697 2445 843 2526 personis
869 2449 901 2508 et
927 2445 1033 2528 rebus,
1059 2449 1125 2508 tam
1155 2441 1187 2507 in

71 2548 141 2612 muri
153 2568 249 2631 quam
262 2551 295 2614 in
312 2555 399 2616 terra
416 2549 556 2634 Almisij‚
571 2556 602 2615 et
613 2552 664 2616 sui
682 2550 828 2635 dominii,
845 2550 1009 2617 habebunt
1024 2549 1135 2616 sulvos
1153 2557 1186 2614 et

72 2675 201 2722 securos.
219 2659 368 2724 Ceterum
385 2659 413 2722 si
431 2658 536 2723 dietus
553 2657 702 2724 dominus
734 2658 849 2723 Comes
877 2657 1036 2742 Georgius
1062 2661 1190 2723 veniret

76 2761 409 2830 i'eueeiusoeeusione
437 2766 533 2832 eundi
551 2766 593 2830 ed
620 2765 751 2831 Curiam
779 2766 899 2832 domiui
926 2767 1023 2850 Papo,
1052 2765 1195 2831 velulis

74 2871 253 2953 orossioue5
271 2873 378 2938 dietus
403 2873 552 2939 dominus
569 2873 643 2938 Dux
660 2893 719 2958 per
734 2893 781 2952 se,
808 2881 841 2938 et
868 2893 925 2958 per
950 2872 1052 2940 dictos
1079 2892 1192 2940 omnes

76 2995 150 3062 suos,
168 2976 300 3046 habebit
318 2987 349 3046 et
366 2983 479 3046 haberi
495 2980 595 3050 faoiet
611 3003 682 3047 eum
700 3000 846 3048 eumuna
862 2983 1015 3048 eomitiro
1043 2981 1076 3046 in
1088 3001 1196 3065 perso·

76 3084 119 3147 uis
135 3092 164 3149 et
188 3088 285 3153 rebus
311 3089 439 3154 salvum
455 3095 487 3156 et
511 3109 659 3156 securum
686 3087 849 3176 Veneriis,
876 3089 1046 3177 veniendo,
1064 3086 1192 3173 stando,

78 3192 186 3278 eundo,
204 3201 236 3260 et
253 3192 427 3262 redeundo.

89 3385 194 3452 Lurius,
206 3393 246 3442 Du
265 3393 360 3458 Regno
375 3393 530 3445 Dulmutioe
544 3400 570 3447 et
589 3394 717 3447 Orontioe
731 3395 792 3446 libri
807 3413 862 3457 sex,
877 3395 924 3448 1v.
939 3397 1032 3460 kitnyv
1050 3399 1074 3446 9.
1086 3395 1112 3444 te
1119 3394 1199 3460 jezet.
