3098 5172
552 280 702 383 Q

67 487 119 543 etc.
136 478 261 544 Idcirco
285 475 461 560 prudentes
488 476 548 540 riri
575 476 724 544 (lominus
751 473 866 542 Nicola
882 477 996 543 Comes
1015 476 1186 562 Radigosti
1224 501 1226 506 ¹

70 585 281 652 Priuoelanus
298 587 330 647 et
345 583 449 650 Budie
465 581 597 652 ludices
617 585 694 650 dicti
714 581 898 650 Communis
915 591 947 649 et
962 583 1126 650 hominnm
1143 583 1198 648 Al-

69 694 165 779 missi,
183 712 255 758 cum
286 709 444 756 consensu
463 697 494 755 et
518 691 689 756 uoluntate
707 689 842 775 Consilij
870 711 926 756 seu
952 691 1064 774 pocius
1084 689 1194 756 Parla-

71 799 162 865 menti
179 796 261 864 dicti
277 793 465 862 Communis
484 795 640 883 Almissi,
667 795 700 860 in
716 797 828 881 platea
853 795 928 860 dicti
948 797 1134 864 Communis
1150 798 1193 863 ad

69 927 173 974 vocem
190 906 343 990 preconis
360 903 400 971 de
424 902 581 970 mandato
608 903 751 970 eiusdem
777 903 900 970 domini
927 904 1040 970 Nicole
1056 906 1190 973 Comitis

69 1022 94 1082 ct
107 1014 268 1080 dictorum
284 1010 432 1079 Judicum
452 1033 540 1078 more
557 1014 655 1078 solito
673 1021 868 1096 congregato
894 1012 1113 1096 promiserunt
1133 1020 1193 1082 etc.

70 1144 97 1191 se
106 1119 303 1189 liberaturos
324 1121 501 1186 Commune
520 1119 709 1186 ethomines
734 1119 883 1203 Tragmij
901 1121 943 1184 ab
960 1119 1034 1204 ipsa
1062 1119 1191 1186 fideius-

69 1232 150 1298 sione
181 1229 282 1296 Milli
302 1227 481 1314 librarum,
507 1229 534 1294 si
555 1231 724 1294 occasione
742 1228 905 1292 hominum
923 1227 1056 1293 Almissi
1073 1229 1202 1294 incide-

70 1337 124 1402 rint
149 1336 185 1402 in
210 1354 331 1419 penam
350 1335 509 1401 dictarum
525 1335 624 1400 Mlllli
650 1335 825 1418 librarum;
851 1342 883 1402 et
907 1336 1038 1401 relicere
1064 1327 1193 1422 damna,

69 1463 234 1528 expensae,
251 1443 412 1508 interesse
423 1443 464 1507 ab
481 1442 697 1528 obligacione,
715 1443 832 1508 dantes
849 1442 1079 1508 authoritatem
1101 1441 1194 1508 reali·

69 1559 109 1616 ter
125 1557 157 1614 ct
174 1549 388 1634 corporaliter
398 1549 561 1616 retinendi
579 1549 726 1616 homines
743 1551 784 1616 ric
800 1550 961 1634 Almisso,
979 1551 1082 1615 donec
1097 1549 1195 1614 fuerit

70 1661 188 1740 integre
203 1659 422 1741 satisfactum,
440 1657 670 1724 renunciantes
693 1657 868 1740 priuilegio
887 1663 944 1723 etc.

167 1767 285 1830 Actum
303 1768 336 1830 in
356 1767 464 1850 platea
490 1764 569 1830 dicti
595 1765 781 1831 Communis
807 1765 961 1846 Almiesi3
986 1763 1189 1849 presentibus

68 1875 154 1940 Zulla
171 1876 238 1940 illio
267 1875 393 1958 anani
417 1873 608 1956 Budislaui,
636 1873 798 1938 Stoislauo
814 1873 881 1938 filio
906 1873 1069 1958 Barbani,
1095 1873 1191 1938 Petra

68 1983 195 2048 Cnitanr
213 1983 352 2064 Cenaei,
380 1987 412 2047 ct
427 1981 574 2065 pluribus
589 1981 663 2064 alijs
690 1981 730 2045 de
746 1979 829 2045 dicto
849 1979 1066 2066 Parlamento,
1084 1979 1182 2045 omni·

69 2093 120 2155 bus
143 2091 206 2174 hys
222 2090 349 2156 vocatis
366 2096 397 2154 et
414 2090 546 2172 rogatis.

168 2197 208 2262 m
225 2201 296 2281 Ego
313 2198 457 2264 Siroctus
473 2196 560 2262 Petri
578 2203 637 2263 etc.

304 2393 426 2457 (Lucius,
441 2393 569 2444 Memorie
589 2393 703 2444 storichs
717 2393 744 2442 di
754 2393 828 2443 Trau
845 2394 902 2442 133,
917 2393 945 2458 l.)

523 2677 733 2686 -———-—-—·

603 3188 679 3256 114.
738 3195 740 3200 ’

65 3391 121 3453 lrI.
139 3391 252 3455 Errare
268 3389 436 3473 lr'rrilpnoi·
461 3389 543 3452 l'ota
559 3391 711 3474 helpec'pct
737 3389 893 3470 tcirpyczri
918 3388 1102 3472 odomdapa
1132 3388 1192 3453 Orr-

287 3499 365 3581 9yuc'
381 3495 490 3559 bledla
507 3497 679 3578 comcsfioi
695 3501 854 3560 szcimcira.
871 3495 968 3559 1295.

171 3689 322 3755 Andreas
340 3689 402 3754 Dei
414 3690 525 3771 gracia
536 3689 715 3775 Hungaric,
728 3691 908 3777 Dalmacie,
920 3693 1064 3777 (troanie,
1078 3693 1190 3780 Rame,

59 3797 183 3883 Seruie,
201 3795 350 3882 Gallicie,
366 3795 570 3882 Lodomeric,
589 3796 753 3882 Cumanis,
771 3797 989 3880 Bulgariequo
1006 3801 1076 3866 Rex
1093 3800 1192 3864 omni·
1217 3853 1221 3860 .

58 3905 117 3972 bus
135 3904 260 3971 Christi
276 3903 427 3968 fidelibus
443 3911 610 3987 presentes
626 3903 751 3968 litteras
776 3903 968 3988 inspecturis
995 3907 1134 3972 salutem
1159 3907 1194 3971 in

59 4033 131 4078 uero
149 4010 299 4078 salutari.
315 4009 367 4074 Ad
384 4010 607 4077 uniuersorum
624 4011 777 4076 noticiam
795 4017 906 4078 tenore
922 4013 1126 4098 presencium
1138 4035 1192 4080 vo·

57 4119 163 4186 lomus
180 4118 363 4205 peruenire,
381 4118 468 4199 quod
483 4119 597 4185 Petrus
625 4126 656 4185 et
681 4119 861 4185 Farkasiue
887 4116 1027 4186 Comites
1053 4119 1108 4204 filij
1137 4119 1193 4186 Oo-

58 4227 145 4293 mitis
161 4224 296 4290 Andree
312 4225 354 4290 de
371 4225 490 4309 Ougya
506 4224 631 4290 nobiles
659 4225 698 4291 de
725 4227 862 4292 confinio
887 4227 1075 4293 Poeoniensi
1100 4225 1193 4294 nobis

59 4333 230 4399 humiliter
260 4330 498 4419 supplicarunt,
531 4331 619 4414 quod
645 4332 855 4416 dignaremur
881 4333 928 4399 eis
953 4331 1127 4418 prouidere
1153 4331 1194 4398 de

57 4440 201 4525 quadam
219 4445 306 4504 terra
323 4437 429 4504 Casiri
463 4441 671 4506 Posoniensis
698 4441 780 4506 Vota
804 4447 920 4506 euocata
945 4438 1190 4526 inOhylloukuz

54 4549 228 4632 existente,
246 4565 346 4630 qnam
358 4545 468 4613 dicunt
487 4548 783 4616 csseeuliicientem
804 4549 875 4614 veui
895 4548 990 4614 trium
1002 4552 1190 4632 aratrorum,
