3098 5172
452 331 456 336 -
508 279 668 378 ,ron

39 473 143 539 Comes
160 473 277 540 Petrus
293 473 380 538 tilius
397 471 543 558 Georgij,
566 472 684 541 Petrus
700 472 786 540 fflius
811 473 978 541 Benedicti
1003 497 1046 544 ex
1060 485 1168 564 parte

39 581 172 664 Magistri
197 579 370 667 Aludurij,
396 587 430 648 ot
443 579 604 666 Magister
628 580 834 650 Andronicus
865 582 906 648 de
939 583 1082 652 Terebus
1113 605 1166 652 ao·

38 688 140 757 Petrus
169 687 258 756 iilius
284 686 390 755 Kelod
415 708 456 756 ex
481 693 574 775 porte
598 689 714 758 Jaoobi
741 685 819 755 dicti
845 689 962 772 Knke;
989 690 1153 778 dixerunt,

41 797 115 882 quod
130 795 208 866 uisis
223 794 343 863 litteris
363 795 482 864 uostris
491 847 500 882 ,
532 815 615 879 quus
631 795 776 879 predicte
802 805 912 882 partes
929 797 1153 883 exhibuerunt,

40 907 112 972 inter
126 925 181 972 eos
196 924 294 991 super
310 913 397 972 terre
412 903 564 972 Knlrhun
591 911 709 972 uocata
733 913 808 973 sunt
832 905 1003 974 arbitrati:
1019 906 1061 972 Vt
1076 907 1154 990 quie

40 1011 232 1098 priuilegium
249 1011 355 1096 ipsius
380 1011 533 1094 Magistri
558 1011 703 1097 Aludorij
728 1032 815 1078 enno
834 1012 965 1082 Domini
981 1013 1092 1081 ΜὊΟο
1106 1032 1154 1082 se·

42 1119 194 1202 nogesimo
211 1120 311 1186 tercio
326 1115 389 1184 suit
405 1124 610 1203 emunutum,
634 1117 840 1204 priuilegium
858 1139 934 1187 uero
951 1123 1067 1190 Jaoobi
1083 1143 1155 1207 prs-

42 1226 108 1293 dicti
122 1247 184 1293 non
201 1246 260 1310 pro
286 1224 409 1292 Jaoobo
419 1277 429 1310 ‚
447 1225 506 1291 sod
536 1245 594 1309 pro
619 1246 721 1311 paruo
738 1226 899 1294 Miehaele
915 1250 1002 1296 enno
1019 1231 1153 1298 Domini

41 1333 146 1400 MMO⁰
159 1335 404 1418 septuagesimo
421 1331 603 1400 oonseotum
618 1331 733 1418 iuerat,
750 1335 879 1420 profeta
896 1338 1058 1420 possessio
1077 1337 1156 1405 Mul·

41 1441 112 1508 ohen
133 1443 291 1526 Magistro
306 1440 461 1508 Alodario
486 1439 584 1508 oedat
608 1448 765 1527 perpetuo
796 1442 1002 1528 possidendo.
1032 1445 1159 1512 Datum·

41 1550 111 1616 serio
125 1555 219 1618 sextu
233 1549 385 1634 proximo
406 1556 483 1619 unte
499 1556 632 1615 ootouas
647 1549 777 1616 Posses

133 1659 301 1726 Predietus
332 1679 410 1726 vero
437 1659 595 1742 Magister
619 1657 762 1726 Jaoobus
778 1659 821 1724 ud
846 1661 937 1744 ipsas
969 1657 1154 1742 quindenas

41 1763 121 1832 Bruti
136 1765 270 1852 Georgij
284 1763 428 1833 mentiris
444 1785 509 1831 non
533 1764 644 1850 uenit,
667 1784 772 1848 neque
797 1766 902 1849 misit;
918 1772 1050 1851 propter
1066 1763 1153 1850 quod

42 1869 162 1941 eundem
178 1875 214 1939 in
230 1871 352 1940 iudioio
368 1871 577 1940 deoronimus
592 1875 755 1956 agruumi.

133 1981 200 2048 Mos
218 1980 318 2063 igitur
348 1979 481 2048 memini
502 1976 575 2068 (tgy
601 1977 766 2066 „nemini“
793 1976 931 2066 helyett)
962 1979 996 2046 iu
1012 1997 1071 2046 suo
1085 1979 1165 2045 iure¹

43 2086 142 2156 deesse
158 2091 315 2175 uolentes,
331 2108 398 2156 vno
422 2106 495 2154 oum
510 2087 693 2156 Beronibus
709 2096 743 2156 et
758 2085 919 2156 nobilibus
933 2087 1059 2172 Regni,
1075 2085 1167 2153 risis

43 2203 71 2261 et
84 2197 229 2280 perlootis
245 2194 402 2282 predictis
418 2195 534 2263 litteris
550 2195 727 2280 prodietum
751 2193 989 2279 possessionem
1005 2191 1155 2260 Kulohen

43 2303 120 2370 iuxta
133 2303 272 2370 formem
288 2303 465 2372 earundem
478 2303 661 2370 litterarum
684 2301 790 2378 eidem
821 2302 977 2388 Magistro
992 2299 1164 2369 Aladsrio·

44 2411 217 2496 reliquimus
233 2417 268 2478 et
282 2411 457 2478 statuimus
481 2416 638 2497 perpetuo
663 2409 916 2496 possidendum,
932 2406 1108 2478 tenendum
1124 2415 1167 2476 et·

44 2516 223 2586 iubendum.
240 2518 362 2586 Datum
377 2517 470 2588 Bude
501 2519 641 2603 septimo
666 2518 721 2584 dio
746 2516 965 2602 predictorum
978 2513 1159 2600 quindeno·

43 2645 102 2694 rum
116 2626 226 2695 Senoti
243 2625 375 2712 Georgij
386 2627 531 2696 martiris
546 2646 633 2695 anno
649 2625 781 2696 Domini
797 2627 847 2693 M⁰
863 2624 1085 2694 dueentesimo
1101 2641 1161 2688 no-

44 2737 196 2819 ugerimo
213 2741 318 2805 sexto.

44 2893 168 2960 (Ersdstis
183 2893 361 2964 btrhtrtyin.
370 2895 485 2964 melyro}
498 2909 516 2948 a
527 2893 620 2965 peustt
632 2895 709 2948 struis
726 2881 960 2961 selysmzsinoron
973 2893 1058 2957 fugg5
1080 2891 1154 2941 ebu-

369 2987 416 3039 ἀεὶ
428 2985 479 3038 krr.
493 2986 617 3038 kumerui
630 2981 822 3048 lostltirbeu.)

486 3268 699 3279 ——1—-1-

582 3761 658 3830 149.

43 3957 232 4030 Acearzmai
245 3962 403 4048 triptotam
426 3960 560 4048 Geryely
585 3983 684 4026 eomes
714 3961 841 4026 Rometo
860 3959 979 4042 fidoak
996 3958 1159 4043 juvaibao

392 4070 597 4154 hutdrjdrdrt
612 4077 683 4131 tart.
701 4068 799 4130 1296.

137 4225 206 4296 Nos
223 4227 408 4313 Capitulum
425 4226 634 4295 (ihusmensis
650 4225 798 4292 Ecclesie
825 4225 979 4292 memorie
1004 4243 1161 4290 oommen·

44 4332 148 4402 dentes
164 4334 387 4420 signifioamus
415 4335 531 4418 quibus
548 4333 679 4418 expedit
695 4331 853 4399 uniuersis
870 4331 1072 4417 presencium
1092 4348 1162 4415 per-

43 4445 194 4529 teuorem3
211 4443 300 4528 quod
315 4443 434 4510 nobilis
450 4444 499 4510 vir
517 4441 632 4508 Comes
649 4439 826 4524 Gregorius
840 4437 927 4506 filius
943 4436 1160 4534 Romouiperj

43 4551 189 4616 somliter
204 4549 404 4618 adnostram
419 4549 581 4618 oooedens
597 4547 833 4634 praesentiam,
852 4564 873 4610 s
890 4544 982 4612 nobis
998 4541 1172 4614 humiliter·
