3170 5166
603 267 756 364 -.un

116 461 201 528 mino
217 459 346 527 debitas
361 466 395 528 et
411 457 556 528 deuotus.
572 460 767 547 Recepimus
785 462 912 530 litteras
939 461 1052 532 Vestre
1084 463 1248 532 Serenita-

119 572 157 638 tis
173 570 295 637 honore
311 588 375 653 quo
391 567 499 636 decuit
515 568 738 648 continentcs3
756 577 791 636 ut
807 578 952 637 nostrum
970 571 1171 638 mitteremus
1188 569 1247 637 ho·

118 679 234 744 minem
251 696 310 761 pro
325 675 521 762 testimonio,
539 695 647 742 coram
665 697 729 762 quo
746 665 934 746 Dominicus
968 678 1156 747 tauernicus
1190 698 1244 746 ue·

121 791 183 852 ster
197 783 417 850 reambnlaret
432 789 537 850 terras
553 784 693 870 Nycolai
709 784 767 868 filij
785 787 890 852 Ereus
907 786 948 853 de
980 785 1103 853 Calidis
1133 786 1246 873 Aquis,

119 911 197 974 quas
212 889 349 957 haberet
364 890 398 958 in
414 891 576 977 Zyngata,
593 902 626 958 ct
641 893 831 981 sessionem,
849 893 980 961 domum
998 914 1070 961 cum
1097 893 1249 979 edilioijs,

118 1018 198 1082 quas
213 996 301 1063 idem
316 996 485 1082 Nycolaus
499 995 636 1065 haberet
651 999 684 1064 in
702 999 828 1067 Calidis
843 999 960 1086 Aquis,
978 1020 1017 1067 uc
1032 1000 1148 1068 vinens
1165 1001 1250 1069 eius·

119 1108 199 1195 dem,
217 1107 439 1172 rccmbularet
455 1113 487 1174 et
503 1113 661 1174 statueret
677 1108 834 1192 Magistro
850 1107 1038 1176 Alexandro
1055 1109 1120 1176 filio
1138 1109 1248 1196 clete,

118 1211 417 1297 contradictoribus,
435 1213 464 1280 si
480 1214 535 1296 qui
551 1213 675 1299 fierent,
694 1212 738 1278 ad
753 1223 897 1281 uestram
915 1217 1115 1302 presentiam
1139 1235 1246 1284 euooa·

117 1323 166 1388 tis
189 1322 260 1390 Nos
274 1321 375 1404 igitur
390 1320 545 1389 mandato
561 1322 677 1388 Vestre
693 1320 905 1390 Oelsltudinis
923 1322 1055 1390 obedire
1072 1321 1250 1409 eripientes,

118 1436 151 1494 ut
165 1433 325 1514 tenemur,
341 1449 412 1495 cum
430 1427 516 1496 dicto
533 1427 664 1495 homine
683 1436 790 1497 uestro
806 1431 936 1496 Petrum
968 1429 1120 1498 clericum
1154 1429 1249 1498 Ohori

117 1535 216 1604 nostri
231 1535 394 1603 hominem
411 1542 557 1603 nostrum
575 1537 723 1604 misimus
757 1538 801 1604 ad
830 1539 989 1626 premissa
1021 1537 1249 1622 exsequenda3

112 1646 170 1727 elui
184 1643 390 1732 postmodum
407 1643 450 1711 ad
466 1665 525 1712 nos
543 1644 716 1712 redeuntes
733 1647 828 1713 nobis
844 1647 1048 1714 concorditer
1057 1645 1249 1731 retulerunt,

117 1752 203 1836 quod
218 1752 388 1839 predictus
404 1751 500 1819 homo
517 1761 626 1820 uester
643 1761 795 1838 presente
819 1757 892 1838 ipso
923 1761 1033 1821 nostro
1064 1750 1250 1820 testimonio

118 1869 231 1946 terras,
248 1857 379 1925 domum
395 1879 467 1925 cum
484 1859 632 1945 edilioijs‚
649 1878 689 1927 ac
704 1860 817 1927 vineas
836 1860 977 1947 Nycolai
992 1859 1173 1946 supradicti
1203 1877 1251 1924 re-

116 1968 332 2050 ambulasset‚
365 1973 398 2032 et
429 1963 505 2031 dum
537 1967 664 2053 prelato
697 1967 853 2050 Magistro
884 1965 1073 2032 Alexandro
1104 1973 1249 2032 statuere

121 2072 288 2158 uoluisset,
305 2071 419 2141 Comes
436 2073 558 2139 Paulus
574 2071 725 2139 officialis
756 2093 904 2140 sororum
935 2075 976 2140 de
1006 2073 1118 2139 Insula
1147 2073 1250 2139 Beate

123 2179 265 2263 Virginis
282 2179 412 2247 nomine
430 2179 606 2247 earundem
624 2199 720 2266 snper
734 2181 830 2247 terris
846 2179 948 2266 ipsius
980 2179 1010 2244 N
1012 2180 1132 2266 yoolai,
1164 2199 1248 2261 quas

119 2285 237 2355 habere
254 2287 434 2354 dinoscitur
451 2287 485 2353 in
501 2287 664 2374 Zyngata,
680 2286 826 2355 domibus
843 2295 876 2354 et
892 2287 1028 2374 edificijs
1059 2289 1094 2354 in
1126 2285 1250 2354 Calidis

126 2394 226 2480 Aquis
245 2393 471 2482 existentibus,
487 2411 527 2461 ac
543 2411 641 2478 super
656 2414 722 2460 uua
736 2393 833 2462 vinea
849 2393 1066 2461 contradictor
1081 2393 1252 2462 extitisset.

117 2499 257 2588 ,Propter
273 2501 359 2584 quod
376 2502 461 2570 idem
478 2499 574 2568 homo
592 2508 701 2568 uester
717 2503 753 2568 in
769 2502 931 2569 dominica
946 2503 1095 2589 proxima
1111 2509 1185 2587 post
1200 2521 1249 2568 oc-

119 2614 211 2676 tauus
227 2608 417 2696 Epiphanio
432 2607 566 2674 Domini
580 2607 725 2694 prelatas
736 2629 866 2678 sorores
889 2607 931 2678 ad
947 2609 1148 2696 presenciam
1165 2615 1250 2675 uest·

120 2735 186 2782 ram
202 2717 367 2802 euocauit,
394 2715 632 2800 quindecimum
648 2713 734 2784 diem
749 2717 872 2788 eisdem
887 2737 946 2803 pro
976 2717 1112 2786 termino
1144 2717 1247 2800 assig-

118 2823 225 2890 nando
245 2841 355 2892 coram
371 2823 465 2890 uobis
481 2823 697 2908 comparendi.
713 2823 835 2890 Datum
850 2825 885 2892 in
910 2823 1053 2892 crastino
1078 2825 1247 2892 citacionis

119 2928 295 2998 antedicta.
1118 2982 1121 2996 .

226 3037 383 3106 Kivlll:
400 3039 541 3105 Domino
557 3037 640 3124 Regi
656 3037 825 3104 citacionis
842 3058 899 3122 pro
931 3036 1096 3105 sororibus
1127 3038 1168 3104 de
1199 3036 1251 3102 In·

116 3149 191 3216 eulc
207 3153 323 3216 contra
338 3145 530 3230 Magistrum
546 3145 769 3214 Alexandrum
791 3143 834 3212 ad
850 3143 1089 3229 quindecimum
1114 3143 1200 3212 diem
1231 3166 1252 3212 a

121 3254 288 3323 dominica
302 3259 375 3342 post
391 3259 525 3322 octauas
541 3254 726 3341 Epiphanie
740 3254 870 3323 Domini
886 3251 1113 3339 computando.

118 3449 258 3516 (Eredstie
267 3449 443 3521 bdrhdrtytm
458 3467 491 3504 an
504 3453 641 3505 oldalvast
656 3453 708 3504 oda
720 3457 843 3516 nyomott
856 3447 996 3518 ndrpccsdt
1008 3464 1071 3514 meg
1083 3463 1145 3512 ran,
1160 3463 1177 3500 a
1200 3450 1249 3500 bu-

458 3543 503 3593 dai
523 3539 575 3592 lrir.
589 3541 713 3592 kamarai
735 3535 927 3604 leveltdrban.)
