3098 5172
765 337 925 445 Q

284 543 400 608 mente
414 539 539 624 Regum
548 532 764 624 predictorum
781 552 821 600 ae
836 533 1034 619 Reginorum
1050 531 1235 604 inolitarum
1250 533 1327 628 igne
1337 551 1412 602 eon·

282 653 422 733 sumpla,
433 641 606 714 etsosdem
622 640 812 725 Magistrum
829 640 1017 728 Georgium,
1030 641 1160 708 Petrum
1170 650 1202 709 et
1211 641 1413 727 Stephanum

281 754 398 820 fratres
415 769 505 838 suos,
523 749 710 816 inuenimus
726 747 761 814 in
777 745 914 832 paoifiea
927 747 1138 832 possessione
1163 747 1317 816 villarum
1342 769 1414 834 pre·

279 860 450 927 diotarum:
461 855 592 926 easdem
598 854 700 920 uillas
712 851 917 940 l'eluemply,
928 855 1186 942 Koaepnemply
1197 861 1231 922 et
1246 855 1414 940 Olnempti

155 973 159 982 '
280 974 425 1054 nosulae,
437 968 675 1032 oommetaneas
690 959 779 1027 villis
789 961 898 1045 Suzta,
911 960 1047 1048 Gwnoh,
1060 961 1173 1028 Ruzka
1181 960 1269 1028 ultra
1279 962 1414 1028 fluuium

284 1072 432 1160 Harnad,
444 1076 477 1140 et
488 1068 642 1155 Weyohe,
657 1067 905 1153 Pelry,Perwen
920 1087 959 1134 ao
968 1068 1061 1151 Zyna
1070 1066 1417 1136 eiroumadiaeeutibus

282 1180 381 1249 simul
397 1197 471 1244 oum
488 1173 605 1242 ferretis
620 1174 705 1240 inter
719 1178 826 1240 terras
844 1171 904 1240 Ida
920 1180 951 1240 et
966 1173 1100 1242 Pernen
1119 1172 1346 1259 existentibus,
1354 1193 1416 1240 nee

283 1308 349 1354 nou
365 1283 513 1351 omuibus
529 1280 737 1364 utilitatibus,
754 1278 979 1366 pertinenoijs‚
990 1279 1261 1366 eiroumstauoijs,
1278 1280 1416 1346 attinen-

288 1393 350 1478 oijs
365 1398 398 1459 et
422 1387 627 1476 appendioiJs
651 1387 823 1470 uniuersis,
849 1386 952 1472 syluis
977 1387 1143 1476 videlieet,
1169 1389 1355 1456 nemoribus
1383 1393 1416 1456 et

284 1495 488 1576 molendinis,
503 1493 743 1582 piscacionibus
759 1493 794 1559 in
810 1493 907 1562 fluuio
925 1495 1073 1584 Harnad,
1101 1493 1218 1564 senelis
1234 1516 1275 1563 ao
1299 1495 1415 1580 pratis,

292 1611 390 1694 prout
405 1623 465 1691 per
481 1602 609 1672 eosdem
625 1599 761 1687 paoifioe
777 1620 925 1686 possesse
941 1602 1072 1668 suerunt
1095 1621 1198 1686 usque
1224 1602 1331 1689 modo,
1356 1601 1418 1668 eis-

289 1711 362 1780 dem
378 1711 536 1796 Magistro
554 1707 721 1793 Gregorio,
736 1709 832 1776 Petro
849 1713 882 1776 et
896 1709 1064 1796 Stephano
1089 1708 1243 1778 natnbus
1269 1709 1349 1796 suis,
1365 1727 1419 1774 eo·

288 1839 423 1906 rumque
432 1815 605 1886 heredibus
621 1812 842 1898 heredumque
857 1817 1100 1884 suecessoribus
1116 1817 1321 1902 reliquimus,
1346 1835 1419 1883 oon·

284 1928 418 1996 tulimus
434 1937 466 1994 et
480 1921 674 1992 tradidimus
684 1922 762 2007 jure
779 1929 935 2008 perpetuo
946 1922 1166 2010 possidendas
1180 1929 1214 1990 et
1225 1921 1396 1991 habendas
1410 1949 1418 2010 ;

286 2056 363 2124 ymo
393 2032 590 2102 oollaeiones
616 2029 835 2115 predictorum
860 2032 983 2116 Regum
1010 2031 1151 2116 Vagarie
1176 2030 1360 2098 Illustrinm
1386 2037 1421 2098 et

291 2143 490 2229 Reginorum
522 2137 719 2223 inolitarum,
751 2137 895 2204 maxims
923 2137 1090 2205 karissimi
1120 2139 1277 2205 consortis
1303 2139 1420 2226 nostri,

291 2247 489 2317 auctoritate
519 2247 725 2334 presencium
755 2247 985 2334 confirmanus,
1012 2247 1154 2334 duplieis
1178 2247 1280 2333 sigilli
1315 2249 1421 2314 nostri

290 2355 467 2424 munimine
483 2355 666 2422 roborando
682 2361 715 2422 et
729 2355 956 2440 approbando.
975 2355 1095 2422 Datum
1105 2376 1163 2441 per
1173 2375 1288 2423 manus
1300 2355 1422 2424 disere·

289 2464 317 2534 li
333 2461 395 2530 viri
410 2462 561 2548 Magistri
576 2461 754 2530 Andronioi
779 2463 941 2549 Prepesiti
967 2463 1238 2550 wesprimiensis
1263 2465 1341 2530 aule
1366 2483 1422 2532 ne

294 2577 360 2640 stre
375 2569 668 2654 vioe-Canoellarij
686 2569 792 2638 fidelis
808 2570 914 2638 nostri
932 2591 1018 2638 anno
1037 2571 1169 2638 Domini
1184 2569 1299 2644 uiroc„
1322 2590 1424 2639 nona·

290 2676 416 2762 gesimo
432 2679 555 2763 quinto,
573 2676 729 2746 kalendis
745 2677 835 2762 llaij.

290 2873 340 2940 (Aa
354 2879 413 2942 egri
426 2871 613 2944 kdplalannak
628 2876 706 2928 1346.
721 2877 766 2945 „in
782 2875 851 2928 festo
865 2877 1013 2928 Bealornm
1040 2875 1137 2929 Cosme
1150 2879 1178 2930 el
1200 2878 1331 2930 Damiani
1353 2891 1425 2928 mar·
1547 2897 1548 2907 ¹

292 2965 390 3018 tirone
410 2965 524 3030 ,nobilis
547 2967 655 3018 domine
677 2965 851 3032 Margarelhe
874 2966 968 3017 reliete
991 2965 1116 3032 Philippi
1135 2959 1272 3018 Palatini“
1295 2963 1427 3020 kdrdsdre

300 3055 405 3106 lrisdoll
419 3050 580 3120 dlirstabdh
594 3054 667 3119 moly
680 3065 806 3120 ugyensa
833 3055 893 3120 egri
917 3050 1051 3120 liptalan
1076 3051 1144 3106 illel
1160 3055 1312 3122 &igmend
1333 3049 1429 3120 lrirdly

289 3143 345 3195 nale
359 3146 534 3212 „Magnificus
548 3145 591 3194 vir
603 3145 736 3210 Magister
745 3145 842 3196 Petrus
853 3141 927 3195 filius
951 3144 1083 3209 symonis
1096 3146 1197 3208 Bonus,
1211 3144 1426 3196 nosterllneho-
1546 3191 1547 3230 p

290 3235 392 3284 niensis
405 3249 439 3284 ae
461 3233 554 3286 (lomes
567 3232 721 3284 Siculorum
743 3233 910 3286 nostrorum“
930 3231 1082 3288 keresenek
1104 3229 1427 3299 sulpldn,1401.,Bude
1546 3239 1547 3257 ¹

291 3322 360 3372 seria
374 3327 452 3373 sexta
474 3324 666 3389 proximaposl
692 3319 792 3374 festum
805 3323 894 3374 Pasce
913 3317 1039 3374 Domini“
1065 3323 1124 3376 luelt
1144 3320 1318 3390 parunesdrs,
1345 3325 1428 3376 1401.

293 3411 337 3475 ,in
354 3408 462 3464 oetauis
477 3410 541 3465 sesti
554 3408 655 3464 Pasee“
670 3410 750 3476 ujbdl
763 3409 905 3476 iliratotl3
919 3428 936 3463 a
947 3409 1022 3464 mdll.
1035 3409 1101 3466 bero
1112 3409 1227 3480 Porduyi
1237 3408 1332 3465 eraldd
1341 3429 1431 3482 nagg-
1545 3481 1546 3486 Ἰ

699 3500 812 3554 sadlldsi
826 3497 1021 3553 levdltardbau.

749 3785 957 3803 Μ
