3112 5158
97 1099 159 1164 III.
176 1099 288 1164 Eoum
302 1101 413 1186 kircilp
445 1101 613 1186 eltiltjoaz
629 1105 813 1190 eszterporui
845 1061 1112 1195 osiroslrateiscipot
1137 1111 1227 1187 atiel,

97 1209 177 1294 boqg
188 1231 228 1272 az
239 1212 621 1296 osztorpamt'epgbeizuok
639 1236 660 1276 a
673 1215 830 1278 udrosbou
845 1213 1125 1301 loleojobbeipyoit
1145 1239 1236 1302 orep.

292 1317 464 1386 adortasse
466 1367 478 1400 ,
494 1320 526 1385 es
533 1319 668 1405 felett'o'lr
685 1322 905 1406 bir·u'sleodp'oo.
924 1322 1021 1388 1294.

204 1493 424 1562 AndreasDei
441 1497 740 1584 graoiaHungarie,
758 1499 937 1587 Dalmaeie,
954 1500 1096 1586 Croaeie‚
1115 1502 1226 1584 Rama

98 1605 221 1689 Seruis,
254 1603 394 1670 Gallioie
419 1605 622 1693 Lodomerie,
640 1605 798 1674 (inmanis
816 1607 1033 1692 Bulgariequo
1061 1612 1131 1676 Rex
1161 1631 1226 1676 om·

87 1710 191 1788 ‚nibus
218 1709 337 1777 Christi
355 1710 502 1779 fidelibus
519 1719 585 1778 tam
602 1714 808 1799 presentibus
825 1735 921 1798 quam
949 1715 1065 1780 turturis
1093 1736 1225 1800 presen-

97 1827 160 1885 tem
176 1819 332 1903 paginam
349 1819 546 1902 inspecturis
562 1822 700 1886 salutern
717 1821 750 1886 in
769 1841 815 1904 eo,
832 1823 886 1906 qui
903 1822 1049 1906 Regibus
1067 1823 1124 1888 dat
1140 1826 1224 1890 salu·
1284 1802 1296 1820 ⁸

97 1933 170 1994 lem.
186 1927 318 2012 Sopitas
333 1927 509 1995 diffinitiue
525 1928 691 1994 senteneie
707 1929 830 1996 ealeulo
848 1950 999 2017 peruerse
1015 1925 1047 1996 et
1061 1931 1226 2014 impudico

97 2033 391 2120 mlumpnianeiun
409 2036 603 2122 questiones,
639 2055 681 2102 ne
696 2036 728 2101 in
746 2035 887 2102 residiue
906 2036 1124 2103 dissensionis
1143 2039 1226 2104 rela-

98 2144 426 2230 bantursornpulum,
452 2143 559 2210 viuaei
582 2145 763 2211 litterarum
789 2144 975 2210 testimonio
999 2146 1226 2213 commendare

96 2271 162 2316 uon
189 2251 292 2317 solum
325 2249 569 2319 canonicalium
596 2249 814 2334 Ciuiliumque
839 2251 1013 2317 decreuere
1037 2252 1224 2336 cognitores

96 2357 225 2424 Jurinm
240 2380 248 2442 ;
264 2357 324 2425 sed
349 2365 381 2424 ot
406 2359 478 2446 ipse
503 2358 683 2442 Regalibus
714 2363 747 2422 ot
777 2357 1015 2443 Principalibus
1048 2359 1226 2426 ratificatus

96 2465 250 2554 lastigijs,
266 2467 357 2534 euius
372 2488 438 2534 non
454 2466 536 2534 leuis
553 2487 627 2533 esse
659 2465 756 2532 debet
788 2465 973 2553 auotoritas,
999 2487 1040 2532 ne
1066 2453 1231 2535 immortua-¹

95 2574 144 2641 les
176 2593 248 2641 esse
273 2575 406 2640 ualeant
430 2575 505 2640 lites
536 2572 699 2640 bominum
726 2573 1031 2658 oalrrmpniosorum,
1064 2575 1224 2642 obviando

94 2681 245 2768 malieijs,
266 2679 490 2766 inrefragabili
507 2680 807 2749 sanoeioneslatuit
819 2701 887 2748 uros
899 2682 1168 2766 antiquustluius
1178 2681 1225 2748 rei

93 2788 211 2872 grauia
226 2789 449 2856 uniuersorum
466 2787 583 2856 notieio
613 2787 812 2874 presencium
839 2789 964 2873 pariter
990 2795 1021 2854 et
1047 2790 1223 2857 irrlurorum

92 2898 247 2963 duximus
263 2897 468 2982 presentibus
494 2895 750 2980 deelarunrlum5
768 2894 854 2978 quod
870 2916 941 2962 eum
958 2897 1151 2964 venerabilis
1167 2918 1226 2982 pa·

91 3011 142 3070 ter
159 3005 311 3072 dominus
327 3004 550 3092 Lodomerius,
570 3004 631 3070 Dei
649 3004 760 3087 grauia
776 3003 1049 3088 brebiepiseopus
1066 3005 1222 3089 Strigoui·

92 3113 184 3180 ensis
200 3120 232 3180 et
248 3113 365 3180 Comes
381 3113 559 3197 Perpetuus
575 3111 639 3179 looi
656 3109 812 3196 eiusdem,
830 3109 968 3176 ‹lileotns
987 3116 1018 3175 et
1034 3109 1142 3177 tidelis
1167 3127 1228 3178 no-'

91 3229 173 3308 ster,
208 3229 238 3288 et
254 3219 386 3289 disereti
403 3219 465 3285 riri
481 3219 666 3305 Capitulum
684 3219 831 3286 Ecolesie
857 3216 1102 3303 Strigouiensis,
1128 3239 1226 3303 super

86 3329 342 3414 grauaminibus
358 3335 391 3396 et
416 3327 681 3413 oppressionibus
708 3327 902 3413 populorum
929 3346 986 3393 son
1013 3325 1224 3410 iobagiouum

87 3459 235 3520 suorum,
267 3438 352 3503 intra
378 3435 538 3502 fossatum
563 3435 787 3517 strigoniense
818 3421 1084 3520 constitutorum,
1110 3439 1223 3500 eontra

85 3545 298 3633 Stephanum
314 3540 473 3626 Judioom,
490 3543 622 3608 iuratos
639 3549 670 3607 et
690 3542 855 3608 uniuersos
872 3541 967 3608 (lines
993 3542 1033 3606 do
1060 3542 1224 3626 Strigonio

84 3654 265 3720 materiam
284 3649 464 3737 questionis
480 3651 657 3717 munissent
672 3649 705 3715 in
723 3649 826 3732 figura
841 3647 976 3736 Judioijj
987 3669 1095 3716 eoram
1120 3650 1225 3736 nobis,

82 3769 118 3828 et
136 3763 176 3827 in
195 3763 265 3848 ipsu
292 3760 351 3826 lito
377 3759 460 3825 inter
484 3763 595 3844 partes
620 3757 780 3827 extitisset
805 3755 929 3825 diueius
954 3759 1167 3842 altereatum;
1195 3765 1227 3824 et

81 3870 169 3936 lieet
187 3867 229 3934 de
248 3867 396 3953 parcium
414 3887 558 3934 oonsono
573 3866 743 3934 uoluntate
758 3867 864 3952 ipsam
890 3885 1024 3932 oausam
1052 3863 1156 3950 primo
1182 3864 1226 3930 ad

82 3975 397 4062 congregacionem
414 3975 517 4060 Regni
532 3974 633 4043 nostri
648 3975 801 4060 futuram,
818 3993 857 4040 ao
883 3971 1001 4040 deinde
1027 3973 1070 4040 ad
1095 3971 1227 4056 quinde-

80 4105 148 4154 nas
179 4085 296 4152 Sanoti
329 4083 461 4168 Georgii
490 4083 633 4151 martiris
658 4101 938 4169 prorogassemus,
964 4080 1082 4146 uostris
1108 4080 1227 4147 litteris

79 4192 329 4278 mediantibus,
347 4191 444 4258 uertis
459 4191 554 4276 ponis
571 4189 687 4280 positis
704 4189 788 4256 inter
804 4197 926 4277 partes,
943 4208 1006 4272 que
1017 4188 1049 4253 in
1062 4187 1228 4272 prioribus

78 4300 219 4370 litteris
237 4300 356 4369 uostris
382 4298 624 4367 memorialibus
649 4297 768 4365 exinde
793 4297 948 4369 eonieetis
973 4295 1103 4384 plenius
1127 4294 1228 4366 eonti-

79 4417 235 4496 nentur,
253 4406 380 4476 demum
396 4413 505 4476 tamen
527 4405 613 4476 idem
630 4405 826 4475 venerabilis
844 4411 937 4490 pater
952 4403 1227 4491 Arohiepiseopus

79 4531 114 4589 et
135 4537 244 4587 suum
262 4515 458 4604 Capitulum,
474 4535 534 4583 nee
550 4535 615 4580 non
630 4515 787 4598 Magister
812 4512 1008 4584 Franoisous
1034 4510 1224 4602 Propositus

71 4625 240 4709 Euelesio
255 4621 368 4700 Sanuti
384 4622 509 4704 Thomu
525 4620 566 4692 do
582 4621 825 4701 Promoutborio
835 4618 1063 4710 strigoniensi,
1077 4617 1225 4714 frequen·
