3098 5172
826 309 978 408 Q—

335 501 377 567 dc
393 501 506 568 Zolum
517 521 625 568 coram
635 502 728 568 nobis
738 503 932 569 constitutus
942 507 1029 569 terra
1038 503 1222 587 mKuarzeg
1232 508 1456 592 nuncupatam,

332 629 431 695 super
447 629 513 694 qua
529 608 698 676 contencio
715 610 921 696 interipsum
947 631 988 676 ex
1013 631 1080 677 una
1094 617 1190 696 parte
1199 665 1208 698 ,
1226 617 1259 677 et
1272 611 1457 694 Magistrum

333 716 499 784 Andre-am
514 717 615 782 filium
630 716 761 784 Nicolai
789 737 830 782 ex
846 717 952 783 altera
976 724 1069 802 parte
1094 719 1177 783 uerti
1203 717 1456 802 dignoscebatur,

332 826 463 910 reliquit
496 823 601 892 eidem
625 824 782 907 Magistro
815 823 945 892 Andros
976 824 1229 909 possidendam
1260 833 1359 910 prout
1374 827 1456 912 prius

333 952 490 1020 possessa
506 931 624 999 dicitur
640 952 697 1018 per
714 931 862 1014 cundem,
874 931 1097 998 renunciando
1108 934 1212 998 eciam
1228 932 1382 1000 citacioni
1396 953 1454 1018 sue,

333 1061 431 1124 quam
446 1061 544 1128 super
574 1040 661 1108 facto
692 1039 794 1126 ipsius
820 1046 906 1104 terre
929 1040 1082 1124 Kuarzeg
1108 1046 1220 1107 comba
1245 1038 1385 1108 eundem
1400 1041 1455 1106 Ma-

333 1150 468 1234 gistrum
485 1146 649 1214 Andrean
665 1167 795 1215 mouere
820 1147 1047 1234 attemptabat,
1072 1153 1246 1232 propterea
1262 1148 1350 1216 idem
1365 1148 1453 1230 Magi-

333 1263 402 1323 ster
416 1255 567 1322 Andreas
583 1254 619 1320 in
635 1256 832 1323 contrarium
857 1260 977 1322 terram
1002 1257 1097 1341 Ryba
1122 1261 1290 1339 vocatam,
1318 1277 1381 1340 que
1396 1257 1453 1320 Ma·

332 1365 436 1447 gistro
454 1363 617 1430 Demetrio
648 1364 795 1449 predicto
827 1383 885 1448 per
900 1363 1030 1430 modum
1055 1363 1337 1449 impignorationis
1356 1361 1452 1430 aSte-

333 1473 443 1558 phano
458 1471 514 1538 filo
538 1470 666 1537 Nicolai
692 1471 846 1538 deuolute
871 1490 944 1538 esse
960 1470 1100 1554 dicitur,
1133 1471 1245 1537 eodem
1263 1470 1360 1538 modo
1374 1469 1451 1537 simi-

334 1579 408 1646 liter
426 1579 532 1646 eidem
548 1578 707 1662 Magistro
733 1580 899 1646 Demetrio
930 1578 1052 1646 dimisit
1069 1578 1310 1664 possidendam.
1344 1581 1451 1644 Datum

333 1685 427 1754 Bude
443 1684 478 1750 in
494 1685 659 1752 dominica
676 1683 769 1752 Oculi
784 1687 857 1752 mci.

439 1793 592 1860 Preterea
608 1792 747 1880 predicti
757 1793 912 1860 Nicolaus
930 1792 972 1860 de
987 1792 1091 1858 Kuari
1108 1801 1140 1858 et
1156 1793 1291 1860 Alexius
1308 1793 1453 1862 tiliusi'e-

334 1901 445 1969 ticiani
461 1903 503 1969 de
520 1901 691 1970 Ohalamia
723 1921 831 1968 coram
846 1902 943 1968 nobis
958 1901 1174 1986 personaliter
1200 1902 1368 1968 constituti
1376 1955 1385 1989 ,
1400 1903 1454 1988 pri·

331 2009 486 2094 uilegium
501 1997 649 2094 ipsorum
662 2009 783 2075 domini
794 2009 871 2074 Belo
886 2008 985 2092 Regis
1000 2008 1296 2096 propriisipsorum
1313 2011 1452 2076 manibus

333 2116 531 2203 confregere,
543 2118 687 2184 volentes
697 2114 783 2182 idem
793 2115 946 2181 Nicotaus
958 2121 991 2181 et
1001 2114 1237 2200 Alexius,qu0d
1247 2114 1383 2203 (eciam)
1394 2116 1451 2182 alia

332 2227 550 2292 instrumenta
566 2225 710 2308 ipsorum
727 2222 881 2290 uniuersa
906 2243 1003 2308 super
1027 2222 1103 2308 ipsa
1129 2230 1217 2290 terra
1241 2225 1451 2310 Kuarneguo·

332 2337 407 2398 eata
422 2329 580 2412 contecta,
596 2349 691 2397 cassa
706 2329 773 2397 sint
783 2331 948 2408 etviribus
964 2331 1117 2414 caritura,
1133 2337 1324 2415 perpetuum
1340 2331 1448 2398 eisdem

333 2437 503 2506 silencium
528 2435 722 2523 inponendo.
749 2435 948 2522 itascilicet,
971 2437 1057 2519 quod
1076 2456 1229 2521 processu
1245 2439 1395 2524 temporis
1408 2438 1448 2502 in·

336 2546 521 2614 strumentis
538 2565 595 2614 seu
611 2545 792 2631 priuilegiis
809 2544 889 2610 dicti
899 2544 1046 2628 Magistri
1056 2544 1186 2611 Andree
1196 2547 1320 2612 nullum
1330 2547 1448 2613 ualeant

333 2655 385 2720 uel
403 2653 530 2738 possint
545 2651 759 2740 preiudicium
774 2671 950 2737 generare,
985 2659 1017 2718 ct
1047 2653 1154 2738 ipsam
1174 2660 1296 2720 terram
1312 2655 1449 2734 Kuarreg

334 2769 488 2828 uocatam
504 2783 576 2829 eum
594 2763 744 2830 omnibus
760 2760 953 2826 utilitatibus
970 2767 1003 2826 ct
1022 2761 1232 2847 pertineneijs
1247 2763 1316 2829 suis
1331 2763 1448 2830 suben-

335 2869 430 2937 nibus
446 2869 541 2938 metis
552 2875 583 2936 et
593 2867 845 2934 limitacionibus
855 2864 1012 2951 predictis
1023 2867 1221 2950 reliquerunt
1232 2867 1295 2954 ipsi
1305 2869 1447 2952 Magistro

332 2976 463 3043 Andree
479 2983 513 3043 et
535 2975 698 3044 vuiuersis
713 2974 782 3042 suis
796 2973 969 3042 heredibus
994 2975 1063 3044 iure
1077 2983 1235 3062 perpetuo
1259 2983 1291 3042 et
1305 2978 1447 3045 irreuoea-

329 3087 388 3176 ,bili
405 3084 655 3171 possidendam
683 3082 933 3168 assumpmendo
951 3087 983 3150 et
1015 3081 1222 3150 consiliando
1238 3082 1331 3150 modo
1346 3083 1446 3170 preha-

333 3191 403 3258 bito
417 3191 587 3258 arbitrium
608 3189 763 3256 uobilium
774 3187 1001 3275 predictorum.
1020 3189 1056 3253 In
1073 3189 1163 3256 cuius
1180 3190 1229 3256 rei
1245 3190 1447 3258 testimouium

332 3307 498 3388 presentes
515 3301 734 3367 concessimus
749 3298 853 3382 sigilli
878 3300 984 3365 nostri
1009 3299 1185 3366 munimine
1202 3300 1375 3366 roboratas
1391 3300 1448 3364 Da-

331 3417 398 3476 tum
414 3429 473 3495 per
489 3429 607 3474 manus
623 3407 772 3493 Magistri
788 3407 923 3473 Henrici
938 3407 1085 3474 Lectoris
1098 3408 1244 3476 socteme
1254 3413 1361 3476 nostre
1372 3423 1448 3471 anno

334 3518 464 3584 Domini
479 3515 600 3583 ΜῦΟΟο
616 3515 826 3602 nonagesimo
837 3532 842 3541 ‘
854 3521 957 3580 sexto.
975 3515 1161 3582 Venerabili
1181 3517 1310 3583 Prelato
1327 3513 1445 3581 domiuo

334 3620 458 3710 H(aab)
476 3622 538 3688 Dei
555 3619 670 3706 gracia
695 3621 859 3705 Episcopo
876 3619 1041 3687 Waciensi
1058 3621 1238 3702 existent03
1255 3620 1381 3687 domino
1395 3621 1449 3684 Do·

331 3731 451 3798 mimico
467 3729 635 3814 Proposito
644 3779 653 3813 ‚
679 3726 849 3794 Dominioo
867 3726 1008 3795 (tantors
1018 3779 1026 3812 ‚
1053 3729 1197 3812 Julyanc
1213 3729 1364 3813 Custode,
1381 3726 1447 3810 Oly·

330 3839 421 3906 ueric
447 3835 688 3903 Archidiacono
719 3835 902 3918 Waciensi,
930 3837 1066 3903 Nicolao
1086 3835 1262 3923 Pestiensi,
1278 3834 1446 3920 Augustino

331 3948 373 4013 de
389 3947 548 4031 Zigetfeu,
564 3945 701 4012 Nicolao
719 3945 759 4010 de
777 3942 974 4030 Changarad
983 3997 992 4030 ‚
1008 3949 1042 4010 et
1057 3945 1197 4012 Goblino
1213 3945 1254 4012 de
1272 3943 1381 4010 Zonuk
1394 3940 1445 4005 Ar-

331 4053 534 4122 chidiaeonis
553 4052 777 4141 existentibus,
795 4073 836 4120 ae
846 4052 921 4121 aliis
937 4053 1044 4121 multis
1060 4053 1094 4119 in
1111 4053 1260 4120 Ecclesia
1276 4056 1372 4120 Beate
1381 4049 1442 4114 Vir-

330 4162 417 4248 ginis
433 4163 504 4229 Deo
521 4161 575 4248 pie
591 4159 823 4229 famulantibus
840 4160 1005 4228 humiliter
1025 4169 1057 4228 et
1073 4161 1200 4228 deuote.

634 4321 1170 4422 sale

330 4523 470 4587 (Eredetie
483 4518 657 4584 bb'rhdrtydm
672 4521 798 4587 mclynek
813 4521 917 4586 cgykor
938 4517 1019 4586 sirgs
1041 4517 1271 4584 sslyemssindron
1290 4517 1392 4584 fnggott
1401 4527 1441 4579 pr·

485 4609 541 4660 caet
551 4609 690 4662 elucerett.
710 4610 824 4662 Kozola
836 4611 894 4661 teir.
909 4605 1093 4674 Saentlsirallyi
1106 4605 1203 4660 Ldsald
1219 4607 1275 4672 nr.)
