3098 5172
333 1137 561 1206 Atermoaet
585 1139 768 1225 meteryumt'
791 1137 1299 1223 kouueutjtaekbizooysdyleueie,
1316 1139 1401 1224 hoyy
1428 1159 1462 1200 ua

333 1248 520 1333 austerqumi
535 1245 696 1334 kdptuluu
712 1247 743 1312 6³
763 1245 899 1331 tarny-i
914 1244 1072 1311 Demoleos
1088 1267 1184 1312 comes
1194 1246 1460 1332 aieseqrctdion'r-

332 1375 428 1439 uuqy,
446 1351 582 1419 Κουάοεί
597 1354 708 1420 koetiik
718 1373 812 1438 peres
827 1352 997 1418 oirtokora
1015 1355 1102 1418 ηόιυε
1120 1351 1332 1438 eqyezkedtek,
1362 1353 1460 1415 1295.

442 1545 508 1612 Nos
526 1547 641 1612 Frater
653 1545 808 1613 Nicolaos
819 1546 976 1628 Magister
987 1555 1019 1611 et
1030 1547 1215 1611 Conuentus
1227 1543 1462 1613 Cruoiserorum

326 1652 446 1720 ¹Sancti
478 1651 576 1734 Regis
603 1652 762 1738 Stephani
788 1651 828 1718 de
860 1653 1023 1737 Strigonio
1050 1651 1272 1736 significamus
1306 1652 1463 1719 uniuersis

333 1759 450 1842 quibus
477 1758 607 1844 expedit
632 1761 833 1844 presencium
862 1781 920 1846 per
938 1769 1099 1844 tenorem3
1117 1758 1203 1842 quod
1230 1779 1302 1827 eum
1327 1757 1462 1828 disereti

333 1867 402 1938 viri
414 1867 571 1950 Magister
586 1866 728 1932 Thomas
745 1866 934 1952 Propositus
952 1875 984 1933 et
1000 1867 1186 1952 Capitulum
1213 1866 1360 1934 Eoelesie
1386 1866 1462 1933 Stri-

333 1973 499 2058 goniensis
515 1993 611 2058 super
638 1975 853 2058 oeeupaeione
879 1983 910 2042 et
934 1975 1217 2042 usufructuaeione
1242 1982 1327 2040 terre
1353 1995 1463 2042 eorum

327 2079 472 2164 'Koaohy
498 2089 622 2164 uocato,
649 2081 819 2148 existentis
843 2081 877 2148 in
908 2081 1071 2150 comitatu
1098 2082 1328 2166 Negradiensi,
1355 2101 1460 2152 eoram

336 2188 459 2256 Gemite
475 2187 614 2253 Martino
631 2187 818 2254 Vieeiudiee
835 2189 931 2255 Curio
956 2189 1078 2256 domini
1096 2191 1196 2255 nostri
1222 2189 1322 2273 Regis
1347 2196 1458 2256 eontra

332 2294 490 2362 comitem
522 2293 728 2360 Dominioum
754 2294 794 2359 de
821 2297 945 2380 Turny‚
972 2295 1136 2381 quondam
1170 2295 1391 2362 Casteilanum
1419 2294 1458 2362 de

336 2399 547 2487 Wyssegrad,
565 2402 744 2468 munissent
770 2403 938 2469 materiam
966 2405 1155 2488 questionis,
1181 2411 1211 2470 et
1238 2403 1355 2470 fuisset
1378 2403 1461 2469 inter

334 2509 426 2592 ipsas
442 2515 552 2593 partes
569 2505 697 2575 diueins
713 2511 913 2590 altereatum,
931 2519 962 2577 ot
981 2509 1108 2576 demum
1125 2511 1200 2595 ipsa
1215 2517 1303 2576 terra
1328 2509 1361 2575 in
1386 2512 1461 2595 alijs

334 2614 402 2682 suis
419 2615 564 2700 partibus
582 2615 687 2682 eidem
704 2613 855 2701 Capitale
872 2617 1105 2700 Strigoniensis
1120 2617 1267 2684 Ecclesie
1284 2617 1463 2685 exstitisset

335 2722 396 2786 sub
412 2721 554 2805 antiquis
571 2723 665 2790 metis
680 2721 748 2789 suis
766 2730 798 2788 ot
822 2725 967 2790 terminis
994 2724 1155 2810 restituta,
1181 2731 1212 2789 et
1236 2724 1458 2791 tantummodo

336 2847 375 2894 ex
392 2829 504 2898 eadem
522 2849 619 2915 super
635 2835 723 2896 terra
740 2829 874 2895 duorum
891 2839 1073 2897 aratrorum
1091 2829 1268 2914 etdimidij‚
1286 2831 1342 2896 uei
1361 2831 1461 2916 paulo

333 2935 1461 3025 maioris‚autminorisquantitatis,ipsaquestioremansisset;tandmn

334 3043 554 3113 mediantibus
570 3043 653 3109 Bela
671 3043 794 3110 Ouriali
810 3041 931 3111 (inmite
944 3043 1171 3129 strigoniensi,
1182 3043 1314 3110 homine
1341 3045 1459 3112 domini

333 3152 440 3238 Regis,
457 3159 489 3217 et
505 3155 614 3217 nostro
631 3152 817 3218 testimonio
834 3151 876 3220 ad
892 3152 953 3219 hoo
969 3154 1137 3234 negocium
1165 3152 1341 3236 deputatis,
1366 3171 1459 3236 super

326 3258 419 3325 faoto
435 3257 580 3325 eiusdem
591 3264 676 3324 terre
694 3259 911 3342 oontenoiose,
928 3259 962 3325 in
978 3257 1178 3344 duaspartes
1195 3260 1331 3343 equales
1343 3259 1456 3347 diuise,

331 3365 480 3452 predicta
496 3367 663 3432 oontenoio
679 3385 739 3450 per·
755 3372 859 3432 metas
887 3373 919 3431 et
944 3367 1098 3433 terminos
1124 3365 1352 3452 infrascriptos
1378 3365 1461 3431 inter

334 3471 464 3540 easdem
491 3477 599 3556 partes
624 3472 740 3538 sedata
765 3473 875 3540 extitit
899 3471 1011 3540 taliter
1036 3481 1068 3539 et
1093 3473 1215 3559 sopita;
1242 3473 1330 3557 quod
1355 3474 1460 3559 prima

332 3587 417 3646 meta
434 3579 550 3666 insipit
565 3579 607 3644 ab
624 3579 759 3662 antiquo
776 3587 920 3664 tempore
936 3580 1068 3649 eleuata
1084 3587 1116 3646 et
1132 3581 1220 3648 ultra
1233 3579 1368 3647 fluuium
1380 3579 1461 3646 Cha·

330 3685 493 3773 arpotaka
511 3693 657 3754 uocatum
675 3707 695 3752 a
710 3693 803 3772 parte
830 3685 995 3772 Danubij;
1013 3695 1046 3754 et
1070 3687 1190 3756 exinde
1218 3687 1381 3755 transiens
1409 3687 1455 3771 ip·

242 3785 244 3790 ’
329 3813 400 3860 snm
416 3793 551 3860 fluuium
567 3792 688 3860 directe
703 3793 768 3861 itur
785 3793 844 3861 sub
862 3794 1036 3876 quemdam
1052 3793 1235 3879 lapidosum
1246 3793 1460 3860 monticulum

333 3903 473 3988 Kueateq
488 3901 667 3985 uulgariter
683 3909 915 3988 nuncupatum,
932 3901 975 3966 ad
991 3902 1155 3986 quandam
1181 3901 1329 3968 arborem
1362 3899 1459 3984 ilicis,

328 4028 394 4090 que
412 4015 460 4074 est
477 4009 512 4073 in
528 4008 595 4074 alia
612 4015 709 4092 meta,
726 4013 758 4074 et
773 4007 808 4073 in
834 4007 963 4074 modum
980 4009 1085 4076 eruois
1103 4016 1153 4075 est
1169 4009 1317 4092 signata;
1344 4006 1463 4073 abinde

330 4115 455 4182 uenitur
472 4135 584 4182 versus
602 4116 862 4201 septemtrionem
878 4113 920 4180 ad
936 4116 1070 4184 terciam
1087 4125 1218 4201 metam,
1235 4117 1269 4182 in
1285 4123 1376 4182 terra
1392 4133 1463 4181 ara·

331 4221 388 4288 bili
406 4225 632 4308 constitutam3
651 4243 749 4306 aqua
768 4223 976 4290 descenditur
992 4243 1109 4290 uersus
1125 4227 1282 4291 orientem
1305 4220 1350 4289 ad
1365 4239 1459 4307 quor-

338 4337 403 4398 tam
433 4341 551 4400 metam
584 4333 627 4399 ad
658 4333 822 4417 quandam
856 4351 1007 4416 magnam
1041 4333 1188 4402 arborem
1223 4331 1307 4400 ilieis
1333 4336 1463 4414 siccam,
1514 4335 1517 4338 ’

330 4441 391 4508 sub
417 4461 482 4524 qua
506 4449 580 4507 sunt
606 4439 669 4508 due
686 4447 771 4507 mete
787 4441 975 4526 angulares,
992 4461 1128 4523 quarum
1144 4462 1211 4509 una
1237 4447 1289 4508 est
1312 4439 1458 4508 Eoolesie
1544 4457 1545 4488 ÷

331 4547 573 4632 Strigoniensis‚
590 4548 657 4615 alia
674 4549 819 4614 eiusdem
829 4545 963 4615 Comitis
979 4547 1151 4634 Dominioi,
1169 4557 1272 4614 terras
1289 4567 1402 4615 eorum
1417 4547 1458 4616 ab
