3170 5166
833 960 910 1027 261.

312 1159 361 1224 Az
377 1163 446 1246 cyri
461 1157 686 1247 ltdptolaaaob
702 1161 937 1244 tomcnytezesi
951 1155 1156 1244 biaooycripa,
1171 1157 1251 1242 boqp
1271 1157 1345 1222 Aba
1357 1180 1443 1222 uem·

311 1268 471 1352 actsepbelc'
488 1267 618 1332 Soada
634 1265 868 1350 comesnekfiui,
883 1267 914 1330 ds
930 1264 1130 1351 Obepdrtoolc
1137 1263 1206 1346 fioc’
1226 1263 1293 1329 tear
1308 1266 1443 1330 Benno—

497 1373 652 1439 Zordolra
668 1383 747 1438 acolt
754 1372 894 1459 foldbeo
912 1370 1138 1438 ocatozlrodtolr.
1156 1372 1254 1437 1300.

417 1571 521 1636 Datur
537 1589 595 1654 pro
612 1567 766 1636 memoria
776 1620 784 1653 ,
803 1568 975 1653 quodcum
1000 1589 1058 1636 nos
1076 1569 1169 1634 iuxta
1200 1568 1443 1634 continenciam

310 1679 489 1744 litterarum
508 1677 641 1746 Comitis
666 1678 713 1742 St.
740 1676 935 1744 Viceiudieis
961 1677 1057 1742 Curis
1083 1675 1204 1743 domini
1229 1675 1328 1758 Regis
1345 1677 1445 1742 nobis

310 1785 572 1852 transmissarum
589 1804 660 1850 cum
677 1783 852 1871 Demetri0,
869 1784 1054 1851 Alexandro
1074 1791 1106 1852 et
1122 1783 1254 1850 Nicolao
1270 1783 1443 1866 Magistris

310 1894 387 1977 filijs
404 1890 538 1958 Comitis
554 1890 732 1956 Alexandri
757 1909 799 1956 ex
812 1911 879 1956 rina
904 1899 998 1976 parte
1006 1944 1017 1980 ,
1049 1898 1081 1957 et
1106 1889 1230 1957 Comite
1245 1890 1335 1956 Miluo
1353 1889 1444 1956 dieto

311 2001 455 2086 (lhurka,
474 2000 618 2067 Omodeo
634 2007 666 2066 et
681 1999 815 2067 Andrea
830 1999 906 2084 filijs
924 1999 1070 2084 Cbepani
1097 2021 1136 2066 ex
1154 2001 1278 2083 altera,
1294 1999 1378 2064 duos
1395 2000 1444 2064 vi·

311 2129 364 2176 ros
380 2109 526 2196 ydoneos
542 2115 574 2174 et
589 2108 721 2190 fideles,
754 2106 906 2174 uidelicet
926 2105 1078 2192 Egidium
1095 2108 1135 2173 de
1151 2107 1241 2172 Mera
1259 2113 1290 2172 ct
1307 2105 1445 2172 lllaroel-

311 2217 378 2284 lum
395 2217 436 2283 de
454 2217 513 2283 Ida
529 2215 724 2301 presbiteros
740 2235 799 2299 pro
819 2213 1002 2282 testimonio
1019 2215 1091 2281 viee
1116 2221 1227 2282 nostra
1244 2213 1445 2280 transmisis-

311 2343 428 2410 semus,
446 2324 563 2406 quibus
578 2323 783 2408 presentibus
801 2322 886 2388 dicte
909 2329 1037 2406 partes,
1065 2329 1098 2388 et
1114 2322 1216 2388 eciam
1234 2319 1443 2405 presentibus

310 2432 469 2516 Magistro
484 2431 643 2498 Michaele
658 2431 724 2497 lilio
745 2431 921 2517 Morhardy
942 2437 975 2497 et
992 2431 1069 2515 alljs
1086 2429 1250 2498 nobilibus
1267 2429 1302 2496 in
1319 2429 1444 2497 eisdem

310 2538 427 2606 litteris
444 2538 563 2605 indicis
580 2539 744 2623 expressis
760 2537 840 2606 feria
866 2539 967 2606 tercia
984 2540 1133 2624 proxima
1149 2545 1226 2604 ante
1242 2539 1361 2606 festum
1379 2537 1444 2604 Na-

311 2645 450 2712 tiuitatis
465 2645 562 2712 Beati
578 2646 738 2714 Johannis
754 2646 903 2733 Baptiste
922 2667 1022 2734 super
1046 2647 1132 2713 facto
1148 2653 1233 2714 terre
1257 2648 1445 2712 Bennazur-

312 2753 401 2820 duka
417 2758 531 2820 uocate
547 2753 761 2841 accederent,
788 2763 820 2819 ct
836 2753 975 2820 eandem
1000 2775 1058 2841 per
1075 2762 1178 2820 metas
1194 2761 1322 2820 veteres
1338 2771 1443 2819 ream·

312 2860 465 2946 holande,
481 2881 553 2927 cum
571 2861 733 2928 uniuersis
748 2862 943 2928 utilitatibus
960 2864 1027 2928 suis
1045 2861 1088 2926 ad
1105 2868 1169 2930 tres
1185 2865 1294 2948 partes
1314 2857 1442 2926 diuide-

309 2975 381 3036 rent
398 2970 550 3054 equales:
568 2969 667 3055 ijdem
683 2969 830 3036 homines
846 2972 946 3038 nostri
963 2969 1006 3036 ad
1033 2989 1093 3038 nos
1109 2969 1232 3037 reuersi
1257 2969 1354 3034 nobis
1370 2967 1443 3034 tali·

311 3085 360 3144 ter
376 3079 560 3161 recitarunt,
578 3074 664 3159 quod
674 3074 817 3162 predicte
832 3083 942 3162 partes
958 3077 1037 3161 ipsis
1053 3077 1266 3162 presentibus,
1288 3083 1322 3142 et
1339 3073 1443 3141 eciam

309 3185 496 3270 petentibus
515 3185 670 3267 Magistro
687 3185 811 3251 Detbor
826 3185 894 3252 lilio
911 3184 1045 3270 Detricy
1054 3235 1064 3271 ,
1091 3193 1123 3251 et
1139 3182 1306 3250 Demetrio
1323 3182 1366 3248 de
1380 3183 1443 3269 Zy-

311 3312 390 3377 mcr,
409 3290 538 3356 homine
555 3289 694 3374 predicti
710 3291 860 3375 Magistri
885 3289 1075 3376 Michaelis,
1101 3290 1134 3356 in
1150 3291 1223 3375 ipsa
1239 3291 1322 3357 feria
1339 3290 1444 3357 tercia

312 3398 526 3467 accessissent
541 3397 585 3461 ad
602 3395 718 3464 faciem
735 3405 820 3465 terre
845 3399 1049 3485 supradicte,
1077 3407 1108 3465 et
1128 3398 1265 3465 eandem
1283 3417 1342 3483 per
1357 3405 1444 3466 vete·

312 3527 363 3574 res
379 3513 482 3572 metas
513 3503 689 3572 circulares
720 3506 996 3588 reambolassent,
1031 3512 1062 3572 et
1079 3504 1314 3572 reambulando
1332 3510 1444 3589 ipsam

312 3623 432 3682 terram
449 3631 519 3678 eum
544 3613 702 3679 uniuersis
726 3613 922 3680 utilitatibus
953 3615 1020 3682 suis
1037 3614 1069 3680 in
1088 3622 1152 3682 tres
1167 3621 1278 3697 partes
1306 3613 1444 3696 equales

313 3722 519 3805 diuisissent;
537 3719 578 3787 de
595 3719 712 3804 quibus
729 3741 826 3788 vnam
843 3729 967 3806 partem
985 3721 1123 3808 predicti
1139 3721 1197 3804 filij
1215 3719 1351 3788 Comitis
1367 3721 1444 3786 Ale·

312 3830 444 3918 xandri,
460 3827 557 3896 sitam
573 3827 664 3893 iuxta
675 3835 794 3894 terram
811 3827 984 3896 eorundem
997 3827 1130 3896 Comitis
1147 3828 1237 3893 Miko
1252 3840 1286 3893 et
1302 3828 1443 3894 filiorum

312 3939 468 4026 Cbepani,
484 3959 505 4003 a
522 3937 655 4019 reliquis
672 3933 798 4004 duabus
814 3936 961 4021 partibus
987 3938 1081 4004 metis
1097 3935 1235 4003 inferius
1252 3937 1443 4021 specifican-

312 4049 362 4116 dis
379 4053 574 4132 separatam,
592 4043 696 4110 eidem
713 4044 830 4109 Comiti
846 4043 955 4130 Milro,
973 4051 1004 4110 et
1019 4044 1096 4129 filijs
1113 4043 1271 4130 Ghepani,
1289 4065 1330 4110 ae
1348 4044 1442 4110 here·

311 4157 405 4224 dibus
422 4154 615 4237 eorundem,
641 4151 862 4234 resignassent
888 4156 920 4216 et
936 4151 1143 4236 reliquissent
1168 4157 1325 4236 perpetuo
1341 4150 1444 4236 possi-

312 4261 473 4350 dendam,
500 4265 596 4347 prout
613 4258 715 4325 eciam
746 4259 838 4325 iuxta
853 4261 990 4328 formam
1020 4259 1202 4326 litterarum
1219 4257 1299 4326 dicti
1315 4257 1445 4327 ‚iudicis

312 4373 433 4441 eisdem
449 4369 658 4454 resignarent
684 4367 818 4434 terciam
834 4374 961 4452 partem
986 4373 1068 4432 terre
1094 4371 1287 4452 memorate;
1315 4367 1443 4450 relique

311 4502 389 4548 uero
405 4479 468 4546 due
485 4483 594 4564 partes
610 4474 733 4541 eisdem
748 4474 826 4559 filijs
842 4474 1021 4543 Alexandri
1047 4472 1181 4541 Comitis
1207 4478 1239 4540 et
1265 4473 1334 4542 suis
1348 4473 1446 4540 here·

312 4588 417 4680 dibus,
434 4586 583 4654 similiter
599 4605 669 4651 cum
695 4584 887 4656 utilitatibus
903 4585 991 4672 suis,
1017 4583 1151 4672 pacifice
1177 4582 1377 4672 possidenda
1392 4602 1442 4650 re·
