<?xml version="1.0" encoding="UTF-8"?>
<!DOCTYPE html PUBLIC "-//W3C//DTD XHTML 1.0 Transitional//EN"
    "http://www.w3.org/TR/xhtml1/DTD/xhtml1-transitional.dtd">
<html xmlns="http://www.w3.org/1999/xhtml" xml:lang="en" lang="en">
 <head>
  <title>
</title>
<meta http-equiv="Content-Type" content="text/html;charset=utf-8" />
  <meta name='ocr-system' content='tesseract 3.04.00' />
  <meta name='ocr-capabilities' content='ocr_page ocr_carea ocr_par ocr_line ocrx_word'/>
</head>
<body>
  <div class='ocr_page' id='page_1' title='image "./codexdiplomatic19wenzgoog_0403.png"; bbox 0 0 3120 5172; ppageno 0'>
   <div class='ocr_carea' id='block_1_1' title="bbox 609 313 769 415">
    <p class='ocr_par' dir='ltr' id='par_1_1' title="bbox 609 313 769 415">
     <span class='ocr_line' id='line_1_1' title="bbox 609 313 769 415; baseline 0 -36"><span class='ocrx_word' id='word_1_1' title='bbox 609 313 769 415; x_wconf 44' lang='lat' dir='ltr'><strong>jen-</strong></span> 
     </span>
    </p>
   </div>
   <div class='ocr_carea' id='block_1_2' title="bbox 115 508 1254 2338">
    <p class='ocr_par' dir='ltr' id='par_1_2' title="bbox 115 508 1254 2338">
     <span class='ocr_line' id='line_1_2' title="bbox 122 508 1250 595; baseline 0 -19"><span class='ocrx_word' id='word_1_2' title='bbox 122 528 155 576; x_wconf 86' lang='lat' dir='ltr'><strong>se</strong></span> <span class='ocrx_word' id='word_1_3' title='bbox 170 508 308 576; x_wconf 80' lang='lat' dir='ltr'><strong>tirmiter</strong></span> <span class='ocrx_word' id='word_1_4' title='bbox 325 508 518 592; x_wconf 76' lang='lat' dir='ltr'>obligarunt,</span> <span class='ocrx_word' id='word_1_5' title='bbox 535 509 622 591; x_wconf 89' lang='lat' dir='ltr'><strong>qued</strong></span> <span class='ocrx_word' id='word_1_6' title='bbox 639 509 729 576; x_wconf 86' lang='lat' dir='ltr'><strong>nullo</strong></span> <span class='ocrx_word' id='word_1_7' title='bbox 747 513 890 594; x_wconf 84' lang='lat' dir='ltr'><strong>unquam</strong></span> <span class='ocrx_word' id='word_1_8' title='bbox 901 529 1052 595; x_wconf 75' lang='lat' dir='ltr'><strong>processu</strong></span> <span class='ocrx_word' id='word_1_9' title='bbox 1072 515 1250 595; x_wconf 87' lang='lat' dir='ltr'><strong>temporum</strong></span> 
     </span>
     <span class='ocr_line' id='line_1_3' title="bbox 122 615 1251 703; baseline 0 -20"><span class='ocrx_word' id='word_1_10' title='bbox 122 617 310 702; x_wconf 77' lang='lat' dir='ltr'><strong>sepedictus</strong></span> <span class='ocrx_word' id='word_1_11' title='bbox 328 619 484 700; x_wconf 78' lang='lat' dir='ltr'>Magister</span> <span class='ocrx_word' id='word_1_12' title='bbox 497 615 685 701; x_wconf 78' lang='lat' dir='ltr'><strong>Stephanus</strong></span> <span class='ocrx_word' id='word_1_13' title='bbox 702 623 734 682; x_wconf 90' lang='lat' dir='ltr'><strong>et</strong></span> <span class='ocrx_word' id='word_1_14' title='bbox 749 617 854 703; x_wconf 91' lang='lat' dir='ltr'><strong>ipsius</strong></span> <span class='ocrx_word' id='word_1_15' title='bbox 879 617 1025 702; x_wconf 88' lang='lat' dir='ltr'><strong>heredes,</strong></span> <span class='ocrx_word' id='word_1_16' title='bbox 1052 625 1110 683; x_wconf 86' lang='lat' dir='ltr'><strong>ant</strong></span> <span class='ocrx_word' id='word_1_17' title='bbox 1135 618 1251 684; x_wconf 77' lang='lat' dir='ltr'><strong>Comes</strong></span> 
     </span>
     <span class='ocr_line' id='line_1_4' title="bbox 122 721 1249 812; baseline 0 -23"><span class='ocrx_word' id='word_1_18' title='bbox 122 721 231 792; x_wconf 84' lang='lat' dir='ltr'><strong>Oohuu</strong></span> <span class='ocrx_word' id='word_1_19' title='bbox 247 726 301 792; x_wconf 91' lang='lat' dir='ltr'><strong>uel</strong></span> <span class='ocrx_word' id='word_1_20' title='bbox 318 724 464 792; x_wconf 88' lang='lat' dir='ltr'><strong>eiusdem</strong></span> <span class='ocrx_word' id='word_1_21' title='bbox 481 743 701 812; x_wconf 87' lang='lat' dir='ltr'><strong>sueeessores,</strong></span> <span class='ocrx_word' id='word_1_22' title='bbox 717 722 897 810; x_wconf 74' lang='lat' dir='ltr'><strong>predictum</strong></span> <span class='ocrx_word' id='word_1_23' title='bbox 915 723 1139 792; x_wconf 84' lang='lat' dir='ltr'><strong>eoneambium</strong></span> <span class='ocrx_word' id='word_1_24' title='bbox 1164 725 1249 792; x_wconf 88' lang='lat' dir='ltr'><strong>inter</strong></span> 
     </span>
     <span class='ocr_line' id='line_1_5' title="bbox 121 829 1252 917; baseline -0.001 -19"><span class='ocrx_word' id='word_1_25' title='bbox 121 852 157 898; x_wconf 91' lang='lat' dir='ltr'><strong>se</strong></span> <span class='ocrx_word' id='word_1_26' title='bbox 172 831 296 899; x_wconf 81' lang='lat' dir='ltr'><strong>taetrum</strong></span> <span class='ocrx_word' id='word_1_27' title='bbox 312 831 442 917; x_wconf 78' lang='lat' dir='ltr'>possint</span> <span class='ocrx_word' id='word_1_28' title='bbox 471 831 659 914; x_wconf 82' lang='lat' dir='ltr'>aliqualiter</span> <span class='ocrx_word' id='word_1_29' title='bbox 675 851 841 900; x_wconf 82' lang='lat' dir='ltr'><strong>renouare.</strong></span> <span class='ocrx_word' id='word_1_30' title='bbox 857 831 938 898; x_wconf 86' lang='lat' dir='ltr'><strong>Pars</strong></span> <span class='ocrx_word' id='word_1_31' title='bbox 955 837 1061 897; x_wconf 89' lang='lat' dir='ltr'><strong>autem</strong></span> <span class='ocrx_word' id='word_1_32' title='bbox 1073 829 1252 917; x_wconf 75' lang='lat' dir='ltr'><strong>predictum</strong></span> 
     </span>
     <span class='ocr_line' id='line_1_6' title="bbox 125 938 1252 1022; baseline 0.002 -18"><span class='ocrx_word' id='word_1_33' title='bbox 125 939 353 1006; x_wconf 88' lang='lat' dir='ltr'><strong>eoneambium</strong></span> <span class='ocrx_word' id='word_1_34' title='bbox 385 938 655 1006; x_wconf 87' lang='lat' dir='ltr'><strong>irraeionabiliter</strong></span> <span class='ocrx_word' id='word_1_35' title='bbox 669 946 715 1005; x_wconf 56' lang='lat' dir='ltr'><strong>‘et</strong></span> <span class='ocrx_word' id='word_1_36' title='bbox 741 938 925 1004; x_wconf 88' lang='lat' dir='ltr'><strong>uoluntarie</strong></span> <span class='ocrx_word' id='word_1_37' title='bbox 951 957 1105 1006; x_wconf 82' lang='lat' dir='ltr'><strong>resonare</strong></span> <span class='ocrx_word' id='word_1_38' title='bbox 1129 941 1252 1022; x_wconf 83' lang='lat' dir='ltr'><strong>nolens,</strong></span> 
     </span>
     <span class='ocr_line' id='line_1_7' title="bbox 120 1044 1249 1133; baseline 0 -21"><span class='ocrx_word' id='word_1_39' title='bbox 120 1068 180 1133; x_wconf 85' lang='lat' dir='ltr'><strong>pro</strong></span> <span class='ocrx_word' id='word_1_40' title='bbox 195 1045 462 1113; x_wconf 80' lang='lat' dir='ltr'><strong>manifestissimo</strong></span> <span class='ocrx_word' id='word_1_41' title='bbox 488 1044 572 1112; x_wconf 79' lang='lat' dir='ltr'><strong>vieie</strong></span> <span class='ocrx_word' id='word_1_42' title='bbox 598 1045 786 1130; x_wconf 89' lang='lat' dir='ltr'><strong>ealumpnie</strong></span> <span class='ocrx_word' id='word_1_43' title='bbox 813 1046 971 1112; x_wconf 80' lang='lat' dir='ltr'><strong>habeatur</strong></span> <span class='ocrx_word' id='word_1_44' title='bbox 997 1064 1055 1131; x_wconf 85' lang='lat' dir='ltr'><strong>pro</strong></span> <span class='ocrx_word' id='word_1_45' title='bbox 1081 1046 1249 1128; x_wconf 86' lang='lat' dir='ltr'><strong>eenuieta;</strong></span> 
     </span>
     <span class='ocr_line' id='line_1_8' title="bbox 122 1152 1252 1238; baseline -0.001 -18"><span class='ocrx_word' id='word_1_46' title='bbox 122 1154 338 1222; x_wconf 87' lang='lat' dir='ltr'><strong>nisieeaetns</strong></span> <span class='ocrx_word' id='word_1_47' title='bbox 354 1152 452 1221; x_wconf 84' lang='lat' dir='ltr'><strong>fuerit</strong></span> <span class='ocrx_word' id='word_1_48' title='bbox 468 1159 501 1221; x_wconf 88' lang='lat' dir='ltr'><strong>et</strong></span> <span class='ocrx_word' id='word_1_49' title='bbox 517 1155 703 1238; x_wconf 87' lang='lat' dir='ltr'><strong>eompulsns</strong></span> <span class='ocrx_word' id='word_1_50' title='bbox 714 1155 756 1220; x_wconf 87' lang='lat' dir='ltr'><strong>ab</strong></span> <span class='ocrx_word' id='word_1_51' title='bbox 767 1153 994 1237; x_wconf 87' lang='lat' dir='ltr'><strong>inpetiteribus</strong></span> <span class='ocrx_word' id='word_1_52' title='bbox 1013 1153 1252 1238; x_wconf 88' lang='lat' dir='ltr'><strong>possessionum</strong></span> 
     </span>
     <span class='ocr_line' id='line_1_9' title="bbox 121 1249 1253 1347; baseline -0.002 -18"><span class='ocrx_word' id='word_1_53' title='bbox 121 1281 183 1347; x_wconf 83' lang='lat' dir='ltr'><strong>per</strong></span> <span class='ocrx_word' id='word_1_54' title='bbox 200 1249 325 1347; x_wconf 84' lang='lat' dir='ltr'><strong>partem</strong></span> <span class='ocrx_word' id='word_1_55' title='bbox 344 1263 482 1328; x_wconf 87' lang='lat' dir='ltr'><strong>alteram</strong></span> <span class='ocrx_word' id='word_1_56' title='bbox 498 1261 560 1328; x_wconf 91' lang='lat' dir='ltr'><strong>sibi</strong></span> <span class='ocrx_word' id='word_1_57' title='bbox 578 1260 782 1328; x_wconf 87' lang='lat' dir='ltr'><strong>donatarum.</strong></span> <span class='ocrx_word' id='word_1_58' title='bbox 808 1261 876 1328; x_wconf 84' lang='lat' dir='ltr'><strong>Nee</strong></span> <span class='ocrx_word' id='word_1_59' title='bbox 891 1261 952 1326; x_wconf 92' lang='lat' dir='ltr'><strong>hoe</strong></span> <span class='ocrx_word' id='word_1_60' title='bbox 978 1261 1253 1346; x_wconf 86' lang='lat' dir='ltr'><strong>pretermittimus,</strong></span> 
     </span>
     <span class='ocr_line' id='line_1_10' title="bbox 121 1367 1254 1455; baseline -0.002 -21"><span class='ocrx_word' id='word_1_61' title='bbox 121 1369 208 1452; x_wconf 90' lang='lat' dir='ltr'><strong>qnod</strong></span> <span class='ocrx_word' id='word_1_62' title='bbox 238 1369 400 1455; x_wconf 82' lang='lat' dir='ltr'><strong>prediatus</strong></span> <span class='ocrx_word' id='word_1_63' title='bbox 426 1369 584 1452; x_wconf 78' lang='lat' dir='ltr'><strong>Magister</strong></span> <span class='ocrx_word' id='word_1_64' title='bbox 608 1367 792 1453; x_wconf 80' lang='lat' dir='ltr'>Stephanus</span> <span class='ocrx_word' id='word_1_65' title='bbox 824 1367 958 1454; x_wconf 83' lang='lat' dir='ltr'><strong>addidit,</strong></span> <span class='ocrx_word' id='word_1_66' title='bbox 989 1389 1065 1454; x_wconf 84' lang='lat' dir='ltr'><strong>ymo</strong></span> <span class='ocrx_word' id='word_1_67' title='bbox 1098 1367 1254 1453; x_wconf 89' lang='lat' dir='ltr'><strong>persoluit</strong></span> 
     </span>
     <span class='ocr_line' id='line_1_11' title="bbox 119 1475 1249 1562; baseline -0.004 -18"><span class='ocrx_word' id='word_1_68' title='bbox 119 1476 261 1560; x_wconf 88' lang='lat' dir='ltr'><strong>triginta</strong></span> <span class='ocrx_word' id='word_1_69' title='bbox 277 1495 404 1544; x_wconf 86' lang='lat' dir='ltr'><strong>mareas</strong></span> <span class='ocrx_word' id='word_1_70' title='bbox 420 1477 537 1543; x_wconf 84' lang='lat' dir='ltr'><strong>Gemiti</strong></span> <span class='ocrx_word' id='word_1_71' title='bbox 555 1476 664 1544; x_wconf 84' lang='lat' dir='ltr'><strong>Oehua</strong></span> <span class='ocrx_word' id='word_1_72' title='bbox 681 1478 813 1560; x_wconf 82' lang='lat' dir='ltr'><strong>insuper</strong></span> <span class='ocrx_word' id='word_1_73' title='bbox 837 1495 969 1544; x_wconf 85' lang='lat' dir='ltr'><strong>suarum</strong></span> <span class='ocrx_word' id='word_1_74' title='bbox 995 1475 1249 1562; x_wconf 86' lang='lat' dir='ltr'><strong>possessionum,</strong></span> 
     </span>
     <span class='ocr_line' id='line_1_12' title="bbox 119 1583 1250 1670; baseline -0.004 -20"><span class='ocrx_word' id='word_1_75' title='bbox 119 1583 201 1668; x_wconf 86' lang='lat' dir='ltr'><strong>qnia</strong></span> <span class='ocrx_word' id='word_1_76' title='bbox 216 1585 442 1668; x_wconf 88' lang='lat' dir='ltr'><strong>possessiones</strong></span> <span class='ocrx_word' id='word_1_77' title='bbox 468 1583 601 1651; x_wconf 79' lang='lat' dir='ltr'><strong>Comitis</strong></span> <span class='ocrx_word' id='word_1_78' title='bbox 616 1583 726 1651; x_wconf 83' lang='lat' dir='ltr'><strong>Oehun</strong></span> <span class='ocrx_word' id='word_1_79' title='bbox 752 1584 792 1651; x_wconf 90' lang='lat' dir='ltr'><strong>de</strong></span> <span class='ocrx_word' id='word_1_80' title='bbox 818 1583 1079 1670; x_wconf 78' lang='lat' dir='ltr'><strong>possessionibus</strong></span> <span class='ocrx_word' id='word_1_81' title='bbox 1104 1583 1250 1666; x_wconf 82' lang='lat' dir='ltr'><strong>Magistri</strong></span> 
     </span>
     <span class='ocr_line' id='line_1_13' title="bbox 117 1689 1253 1777; baseline -0.003 -20"><span class='ocrx_word' id='word_1_82' title='bbox 117 1691 283 1777; x_wconf 82' lang='lat' dir='ltr'><strong>Stephani</strong></span> <span class='ocrx_word' id='word_1_83' title='bbox 316 1691 351 1756; x_wconf 88' lang='lat' dir='ltr'><strong>in</strong></span> <span class='ocrx_word' id='word_1_84' title='bbox 376 1693 600 1758; x_wconf 88' lang='lat' dir='ltr'><strong>eoneambinm</strong></span> <span class='ocrx_word' id='word_1_85' title='bbox 623 1692 773 1760; x_wconf 88' lang='lat' dir='ltr'><strong>datarum</strong></span> <span class='ocrx_word' id='word_1_86' title='bbox 800 1693 933 1760; x_wconf 88' lang='lat' dir='ltr'><strong>maioris</strong></span> <span class='ocrx_word' id='word_1_87' title='bbox 968 1689 1158 1774; x_wconf 88' lang='lat' dir='ltr'><strong>quantitatis</strong></span> <span class='ocrx_word' id='word_1_88' title='bbox 1184 1689 1253 1757; x_wconf 82' lang='lat' dir='ltr'><strong>vise</strong></span> 
     </span>
     <span class='ocr_line' id='line_1_14' title="bbox 119 1799 1247 1887; baseline -0.004 -22"><span class='ocrx_word' id='word_1_89' title='bbox 119 1799 266 1882; x_wconf 71' lang='lat' dir='ltr'><strong>fuerant,</strong></span> <span class='ocrx_word' id='word_1_90' title='bbox 284 1809 317 1866; x_wconf 87' lang='lat' dir='ltr'><strong>et</strong></span> <span class='ocrx_word' id='word_1_91' title='bbox 332 1799 486 1868; x_wconf 82' lang='lat' dir='ltr'><strong>utilitatis</strong></span> <span class='ocrx_word' id='word_1_92' title='bbox 500 1799 653 1868; x_wconf 90' lang='lat' dir='ltr'><strong>melioris.</strong></span> <span class='ocrx_word' id='word_1_93' title='bbox 669 1801 774 1883; x_wconf 83' lang='lat' dir='ltr'><strong>Igitur</strong></span> <span class='ocrx_word' id='word_1_94' title='bbox 800 1821 860 1868; x_wconf 90' lang='lat' dir='ltr'><strong>nos</strong></span> <span class='ocrx_word' id='word_1_95' title='bbox 885 1801 928 1868; x_wconf 86' lang='lat' dir='ltr'><strong>ad</strong></span> <span class='ocrx_word' id='word_1_96' title='bbox 953 1799 1150 1887; x_wconf 88' lang='lat' dir='ltr'><strong>petieienem</strong></span> <span class='ocrx_word' id='word_1_97' title='bbox 1176 1815 1247 1882; x_wconf 88' lang='lat' dir='ltr'><strong>per-</strong></span> 
     </span>
     <span class='ocr_line' id='line_1_15' title="bbox 117 1906 1253 1993; baseline -0.002 -22"><span class='ocrx_word' id='word_1_98' title='bbox 117 1906 210 1972; x_wconf 85' lang='lat' dir='ltr'><strong>eium</strong></span> <span class='ocrx_word' id='word_1_99' title='bbox 225 1906 457 1991; x_wconf 85' lang='lat' dir='ltr'><strong>predietarnm,</strong></span> <span class='ocrx_word' id='word_1_100' title='bbox 483 1926 524 1972; x_wconf 92' lang='lat' dir='ltr'><strong>ne</strong></span> <span class='ocrx_word' id='word_1_101' title='bbox 539 1907 655 1992; x_wconf 88' lang='lat' dir='ltr'><strong>elapsu</strong></span> <span class='ocrx_word' id='word_1_102' title='bbox 681 1911 863 1992; x_wconf 86' lang='lat' dir='ltr'><strong>temporum</strong></span> <span class='ocrx_word' id='word_1_103' title='bbox 887 1907 1082 1993; x_wconf 88' lang='lat' dir='ltr'><strong>premissum</strong></span> <span class='ocrx_word' id='word_1_104' title='bbox 1108 1923 1253 1971; x_wconf 87' lang='lat' dir='ltr'><strong>eoneem·</strong></span> 
     </span>
     <span class='ocr_line' id='line_1_16' title="bbox 120 2013 1254 2099; baseline -0.002 -21"><span class='ocrx_word' id='word_1_105' title='bbox 120 2015 216 2079; x_wconf 90' lang='lat' dir='ltr'><strong>bium</strong></span> <span class='ocrx_word' id='word_1_106' title='bbox 233 2014 337 2099; x_wconf 88' lang='lat' dir='ltr'><strong>possit</strong></span> <span class='ocrx_word' id='word_1_107' title='bbox 352 2013 386 2078; x_wconf 93' lang='lat' dir='ltr'><strong>in</strong></span> <span class='ocrx_word' id='word_1_108' title='bbox 413 2013 538 2079; x_wconf 88' lang='lat' dir='ltr'><strong>irritum</strong></span> <span class='ocrx_word' id='word_1_109' title='bbox 565 2013 723 2099; x_wconf 79' lang='lat' dir='ltr'><strong>renouari,</strong></span> <span class='ocrx_word' id='word_1_110' title='bbox 749 2015 966 2082; x_wconf 79' lang='lat' dir='ltr'><strong>concessimus</strong></span> <span class='ocrx_word' id='word_1_111' title='bbox 990 2013 1117 2080; x_wconf 84' lang='lat' dir='ltr'><strong>litteras</strong></span> <span class='ocrx_word' id='word_1_112' title='bbox 1143 2017 1254 2078; x_wconf 91' lang='lat' dir='ltr'><strong>nestro</strong></span> 
     </span>
     <span class='ocr_line' id='line_1_17' title="bbox 117 2117 1249 2206; baseline -0.004 -20"><span class='ocrx_word' id='word_1_113' title='bbox 117 2119 227 2204; x_wconf 85' lang='lat' dir='ltr'><strong>sigilii</strong></span> <span class='ocrx_word' id='word_1_114' title='bbox 244 2123 423 2186; x_wconf 84' lang='lat' dir='ltr'><strong>roboratas.</strong></span> <span class='ocrx_word' id='word_1_115' title='bbox 439 2119 558 2188; x_wconf 84' lang='lat' dir='ltr'><strong>Datum</strong></span> <span class='ocrx_word' id='word_1_116' title='bbox 576 2121 611 2186; x_wconf 90' lang='lat' dir='ltr'><strong>in</strong></span> <span class='ocrx_word' id='word_1_117' title='bbox 625 2120 799 2204; x_wconf 83' lang='lat' dir='ltr'><strong>quingenis</strong></span> <span class='ocrx_word' id='word_1_118' title='bbox 824 2119 920 2189; x_wconf 88' lang='lat' dir='ltr'><strong>Beati</strong></span> <span class='ocrx_word' id='word_1_119' title='bbox 947 2119 1077 2206; x_wconf 79' lang='lat' dir='ltr'><strong>Georgij</strong></span> <span class='ocrx_word' id='word_1_120' title='bbox 1107 2117 1249 2184; x_wconf 87' lang='lat' dir='ltr'><strong>martiris</strong></span> 
     </span>
     <span class='ocr_line' id='line_1_18' title="bbox 115 2225 974 2338; baseline -0.001 -45"><span class='ocrx_word' id='word_1_121' title='bbox 115 2247 219 2338; x_wconf 52' lang='lat' dir='ltr'><strong>kanne</strong></span> <span class='ocrx_word' id='word_1_122' title='bbox 233 2225 365 2294; x_wconf 91' lang='lat' dir='ltr'><strong>Domini</strong></span> <span class='ocrx_word' id='word_1_123' title='bbox 377 2225 550 2293; x_wconf 89' lang='lat' dir='ltr'><strong>millesimo</strong></span> <span class='ocrx_word' id='word_1_124' title='bbox 566 2225 635 2292; x_wconf 81' lang='lat'><strong>00⁰</strong></span> <span class='ocrx_word' id='word_1_125' title='bbox 650 2227 863 2311; x_wconf 88' lang='lat' dir='ltr'><strong>nonagesimo</strong></span> <span class='ocrx_word' id='word_1_126' title='bbox 879 2248 974 2296; x_wconf 89' lang='lat' dir='ltr'><strong>nonu.</strong></span> 
     </span>
    </p>
   </div>
   <div class='ocr_carea' id='block_1_3' title="bbox 123 2420 1260 2580">
    <p class='ocr_par' dir='ltr' id='par_1_3' title="bbox 123 2420 1260 2580">
     <span class='ocr_line' id='line_1_19' title="bbox 123 2420 1260 2510; baseline -0.004 -34"><span class='ocrx_word' id='word_1_127' title='bbox 123 2425 266 2510; x_wconf 72' lang='lat' dir='ltr'><strong>Eredstie</strong></span> <span class='ocrx_word' id='word_1_128' title='bbox 281 2420 457 2490; x_wconf 67' lang='lat' dir='ltr'><strong>bdrhdrtyaim</strong></span> <span class='ocrx_word' id='word_1_129' title='bbox 471 2441 489 2476; x_wconf 84' lang='lat' dir='ltr'><strong>a</strong></span> <span class='ocrx_word' id='word_1_130' title='bbox 502 2423 588 2492; x_wconf 81' lang='lat' dir='ltr'><strong>sttggd</strong></span> <span class='ocrx_word' id='word_1_131' title='bbox 600 2423 690 2492; x_wconf 71' lang='lat' dir='ltr'><strong>poeste</strong></span> <span class='ocrx_word' id='word_1_132' title='bbox 705 2425 854 2490; x_wconf 81' lang='lat' dir='ltr'><strong>slvesaett;</strong></span> <span class='ocrx_word' id='word_1_133' title='bbox 874 2441 892 2477; x_wconf 84' lang='lat' dir='ltr'><strong>a</strong></span> <span class='ocrx_word' id='word_1_134' title='bbox 901 2425 984 2478; x_wconf 87' lang='lat' dir='ltr'><strong>budai</strong></span> <span class='ocrx_word' id='word_1_135' title='bbox 997 2424 1049 2476; x_wconf 79' lang='lat' dir='ltr'><strong>sur.</strong></span> <span class='ocrx_word' id='word_1_136' title='bbox 1073 2425 1195 2476; x_wconf 83' lang='lat' dir='ltr'><strong>kamarai</strong></span> <span class='ocrx_word' id='word_1_137' title='bbox 1223 2420 1260 2472; x_wconf 86' lang='lat' dir='ltr'><strong>ls-</strong></span> 
     </span>
     <span class='ocr_line' id='line_1_20' title="bbox 614 2511 779 2580; baseline 0.006 -18"><span class='ocrx_word' id='word_1_138' title='bbox 614 2511 779 2580; x_wconf 72' lang='lat' dir='ltr'><strong>velitrban.)</strong></span> 
     </span>
    </p>
   </div>
   <div class='ocr_carea' id='block_1_4' title="bbox 646 3339 723 3406">
    <p class='ocr_par' dir='ltr' id='par_1_4' title="bbox 646 3339 723 3406">
     <span class='ocr_line' id='line_1_21' title="bbox 646 3339 723 3406; baseline -0.013 -1"><span class='ocrx_word' id='word_1_139' title='bbox 646 3339 723 3406; x_wconf 80' lang='grc'><strong>239.</strong></span> 
     </span>
    </p>
   </div>
   <div class='ocr_carea' id='block_1_5' title="bbox 107 3532 1257 3624">
    <p class='ocr_par' dir='ltr' id='par_1_5' title="bbox 107 3532 1257 3624">
     <span class='ocr_line' id='line_1_22' title="bbox 107 3532 1257 3624; baseline -0.003 -20"><span class='ocrx_word' id='word_1_140' title='bbox 107 3537 141 3604; x_wconf 78' lang='lat' dir='ltr'><em>A</em></span> <span class='ocrx_word' id='word_1_141' title='bbox 163 3539 326 3603; x_wconf 74' lang='lat' dir='ltr'><strong>antandri</strong></span> <span class='ocrx_word' id='word_1_142' title='bbox 340 3535 531 3602; x_wconf 74' lang='lat' dir='ltr'><strong>tenuentneie</strong></span> <span class='ocrx_word' id='word_1_143' title='bbox 547 3537 817 3624; x_wconf 70' lang='lat' dir='ltr'><strong>bieonyadqieeete‚</strong></span> <span class='ocrx_word' id='word_1_144' title='bbox 833 3539 917 3623; x_wconf 73' lang='lat' dir='ltr'><strong>hoyy</strong></span> <span class='ocrx_word' id='word_1_145' title='bbox 933 3532 1056 3600; x_wconf 70' lang='lat' dir='ltr'><strong>Bitoco</strong></span> <span class='ocrx_word' id='word_1_146' title='bbox 1075 3538 1257 3622; x_wconf 70' lang='lat' dir='ltr'><strong>nemzetetg-</strong></span> 
     </span>
    </p>
   </div>
   <div class='ocr_carea' id='block_1_6' title="bbox 104 3644 1374 3732">
    <p class='ocr_par' dir='ltr' id='par_1_6' title="bbox 104 3644 1374 3732">
     <span class='ocr_line' id='line_1_23' title="bbox 104 3644 1374 3732; baseline -0.004 -19"><span class='ocrx_word' id='word_1_147' title='bbox 104 3648 180 3713; x_wconf 82' lang='lat' dir='ltr'><strong>beli</strong></span> <span class='ocrx_word' id='word_1_148' title='bbox 196 3645 312 3732; x_wconf 73' lang='lat' dir='ltr'><strong>qued</strong></span> <span class='ocrx_word' id='word_1_149' title='bbox 322 3646 480 3710; x_wconf 80' lang='lat' dir='ltr'><strong>omnesneie</strong></span> <span class='ocrx_word' id='word_1_150' title='bbox 488 3646 568 3727; x_wconf 79' lang='lat' dir='ltr'><strong>fiai,</strong></span> <span class='ocrx_word' id='word_1_151' title='bbox 579 3644 726 3730; x_wconf 76' lang='lat' dir='ltr'><strong>e‘sByllei</strong></span> <span class='ocrx_word' id='word_1_152' title='bbox 741 3645 896 3710; x_wconf 65' lang='lat' dir='ltr'><strong>conamen</strong></span> <span class='ocrx_word' id='word_1_153' title='bbox 904 3645 973 3727; x_wconf 83' lang='lat' dir='ltr'><strong>fiai</strong></span> <span class='ocrx_word' id='word_1_154' title='bbox 990 3645 1257 3731; x_wconf 74' lang='lat' dir='ltr'><strong>eyyanetlaasdgei·</strong></span> <span class='ocrx_word' id='word_1_155' title='bbox 1365 3701 1374 3708; x_wconf 87' lang='lat'><em>.</em></span> 
     </span>
    </p>
   </div>
   <div class='ocr_carea' id='block_1_7' title="bbox 258 3752 1027 3840">
    <p class='ocr_par' dir='ltr' id='par_1_7' title="bbox 258 3752 1027 3840">
     <span class='ocr_line' id='line_1_24' title="bbox 258 3752 1027 3840; baseline 0 -26"><span class='ocrx_word' id='word_1_156' title='bbox 258 3800 261 3805; x_wconf 84' lang='lat'>.</span> <span class='ocrx_word' id='word_1_157' title='bbox 343 3752 391 3815; x_wconf 81' lang='lat' dir='ltr'><strong>ieet</strong></span> <span class='ocrx_word' id='word_1_158' title='bbox 407 3753 643 3837; x_wconf 71' lang='lat' dir='ltr'><strong>berdtsdgoaon</strong></span> <span class='ocrx_word' id='word_1_159' title='bbox 658 3752 913 3840; x_wconf 72' lang='lat' dir='ltr'><strong>ieieyyenlz&#39;tette&#39;k.</strong></span> <span class='ocrx_word' id='word_1_160' title='bbox 931 3755 1027 3818; x_wconf 85' lang='lat'><em>1299.</em></span> 
     </span>
    </p>
   </div>
   <div class='ocr_carea' id='block_1_8' title="bbox 100 3945 1261 4671">
    <p class='ocr_par' dir='ltr' id='par_1_8' title="bbox 100 3945 1261 4671">
     <span class='ocr_line' id='line_1_25' title="bbox 234 3945 1259 4014; baseline 0.002 -2"><span class='ocrx_word' id='word_1_161' title='bbox 234 3945 302 4014; x_wconf 86' lang='lat' dir='ltr'><strong>Nes</strong></span> <span class='ocrx_word' id='word_1_162' title='bbox 328 3945 428 4012; x_wconf 84' lang='lat' dir='ltr'><strong>frater</strong></span> <span class='ocrx_word' id='word_1_163' title='bbox 459 3947 506 4012; x_wconf 86' lang='lat' dir='ltr'><strong>St.</strong></span> <span class='ocrx_word' id='word_1_164' title='bbox 538 3945 753 4014; x_wconf 89' lang='lat' dir='ltr'><strong>miseraeione</strong></span> <span class='ocrx_word' id='word_1_165' title='bbox 779 3945 901 4013; x_wconf 88' lang='lat' dir='ltr'><strong>Dinina</strong></span> <span class='ocrx_word' id='word_1_166' title='bbox 924 3946 1037 4014; x_wconf 85' lang='lat' dir='ltr'><strong>Abbas</strong></span> <span class='ocrx_word' id='word_1_167' title='bbox 1053 3945 1259 4014; x_wconf 84' lang='lat' dir='ltr'><strong>Zaladiensis</strong></span> 
     </span>
     <span class='ocr_line' id='line_1_26' title="bbox 104 4037 1258 4139; baseline -0.005 -13"><span class='ocrx_word' id='word_1_168' title='bbox 104 4061 256 4139; x_wconf 83' lang='lat' dir='ltr'><strong>lenique</strong></span> <span class='ocrx_word' id='word_1_169' title='bbox 280 4054 425 4122; x_wconf 89' lang='lat' dir='ltr'><strong>eiusdem</strong></span> <span class='ocrx_word' id='word_1_170' title='bbox 457 4055 643 4122; x_wconf 68' lang='lat' dir='ltr'><strong>conuentus</strong></span> <span class='ocrx_word' id='word_1_171' title='bbox 671 4037 894 4136; x_wconf 81' lang='lat' dir='ltr'><strong>significamus</strong></span> <span class='ocrx_word' id='word_1_172' title='bbox 926 4060 1038 4121; x_wconf 89' lang='lat' dir='ltr'><strong>tenore</strong></span> <span class='ocrx_word' id='word_1_173' title='bbox 1053 4054 1258 4138; x_wconf 86' lang='lat' dir='ltr'><strong>preseneinur</strong></span> 
     </span>
     <span class='ocr_line' id='line_1_27' title="bbox 101 4159 1257 4248; baseline -0.003 -14"><span class='ocrx_word' id='word_1_174' title='bbox 101 4162 305 4234; x_wconf 76' lang='lat' dir='ltr'><strong>vniuersis:</strong></span> <span class='ocrx_word' id='word_1_175' title='bbox 322 4163 407 4246; x_wconf 89' lang='lat' dir='ltr'><strong>qnod</strong></span> <span class='ocrx_word' id='word_1_176' title='bbox 423 4161 546 4231; x_wconf 89' lang='lat' dir='ltr'><strong>nobiles</strong></span> <span class='ocrx_word' id='word_1_177' title='bbox 567 4163 709 4247; x_wconf 88' lang='lat' dir='ltr'><strong>jnuenes</strong></span> <span class='ocrx_word' id='word_1_178' title='bbox 742 4163 912 4229; x_wconf 72' lang='lat' dir='ltr'><strong>iohannes</strong></span> <span class='ocrx_word' id='word_1_179' title='bbox 940 4159 1058 4248; x_wconf 67' lang='lat' dir='ltr'><strong>(does),</strong></span> <span class='ocrx_word' id='word_1_180' title='bbox 1089 4163 1257 4246; x_wconf 88' lang='lat' dir='ltr'><strong>Nieelaus,</strong></span> 
     </span>
     <span class='ocr_line' id='line_1_28' title="bbox 100 4269 1258 4356; baseline -0.003 -16"><span class='ocrx_word' id='word_1_181' title='bbox 100 4272 295 4356; x_wconf 82' lang='lat' dir='ltr'><strong>Andreas,</strong></span> <span class='ocrx_word' id='word_1_182' title='bbox 313 4269 468 4356; x_wconf 81' lang='lat' dir='ltr'><strong>Egidius,</strong></span> <span class='ocrx_word' id='word_1_183' title='bbox 487 4269 664 4338; x_wconf 83' lang='lat' dir='ltr'><strong>Ladialaus</strong></span> <span class='ocrx_word' id='word_1_184' title='bbox 691 4277 722 4337; x_wconf 89' lang='lat' dir='ltr'><strong>et</strong></span> <span class='ocrx_word' id='word_1_185' title='bbox 750 4271 831 4337; x_wconf 91' lang='lat' dir='ltr'><strong>Iuan</strong></span> <span class='ocrx_word' id='word_1_186' title='bbox 854 4269 913 4342; x_wconf 87' lang='lat' dir='ltr'><strong>filii</strong></span> <span class='ocrx_word' id='word_1_187' title='bbox 936 4271 1071 4337; x_wconf 74' lang='lat' dir='ltr'><strong>Comitis</strong></span> <span class='ocrx_word' id='word_1_188' title='bbox 1089 4269 1198 4355; x_wconf 80' lang='lat' dir='ltr'><strong>Egidij</strong></span> <span class='ocrx_word' id='word_1_189' title='bbox 1217 4271 1258 4336; x_wconf 86' lang='lat' dir='ltr'><strong>de</strong></span> 
     </span>
     <span class='ocr_line' id='line_1_29' title="bbox 100 4376 1258 4469; baseline -0.009 -17"><span class='ocrx_word' id='word_1_190' title='bbox 100 4396 246 4469; x_wconf 87' lang='lat' dir='ltr'><strong>genere</strong></span> <span class='ocrx_word' id='word_1_191' title='bbox 263 4376 398 4462; x_wconf 83' lang='lat' dir='ltr'><strong>Bykath</strong></span> <span class='ocrx_word' id='word_1_192' title='bbox 416 4379 458 4445; x_wconf 90' lang='lat' dir='ltr'><strong>ab</strong></span> <span class='ocrx_word' id='word_1_193' title='bbox 475 4399 541 4445; x_wconf 89' lang='lat' dir='ltr'><strong>una</strong></span> <span class='ocrx_word' id='word_1_194' title='bbox 556 4385 658 4464; x_wconf 85' lang='lat' dir='ltr'><strong>parte,</strong></span> <span class='ocrx_word' id='word_1_195' title='bbox 677 4385 710 4445; x_wconf 89' lang='lat' dir='ltr'><strong>et</strong></span> <span class='ocrx_word' id='word_1_196' title='bbox 719 4379 842 4446; x_wconf 88' lang='lat' dir='ltr'><strong>Paulus</strong></span> <span class='ocrx_word' id='word_1_197' title='bbox 858 4397 898 4443; x_wconf 88' lang='lat' dir='ltr'><strong>ae</strong></span> <span class='ocrx_word' id='word_1_198' title='bbox 913 4380 1031 4445; x_wconf 87' lang='lat' dir='ltr'><strong>Petrus</strong></span> <span class='ocrx_word' id='word_1_199' title='bbox 1046 4378 1105 4462; x_wconf 88' lang='lat' dir='ltr'><strong>filij</strong></span> <span class='ocrx_word' id='word_1_200' title='bbox 1124 4378 1258 4444; x_wconf 81' lang='lat' dir='ltr'><strong>Comitis</strong></span> 
     </span>
     <span class='ocr_line' id='line_1_30' title="bbox 100 4485 1256 4573; baseline -0.003 -17"><span class='ocrx_word' id='word_1_201' title='bbox 100 4493 148 4559; x_wconf 88' lang='lat' dir='ltr'><strong>de</strong></span> <span class='ocrx_word' id='word_1_202' title='bbox 167 4485 279 4572; x_wconf 84' lang='lat' dir='ltr'><strong>Bytle</strong></span> <span class='ocrx_word' id='word_1_203' title='bbox 297 4485 339 4550; x_wconf 87' lang='lat' dir='ltr'><strong>ab</strong></span> <span class='ocrx_word' id='word_1_204' title='bbox 355 4485 472 4573; x_wconf 84' lang='lat' dir='ltr'><strong>altera,</strong></span> <span class='ocrx_word' id='word_1_205' title='bbox 490 4507 598 4554; x_wconf 78' lang='lat' dir='ltr'><strong>eornm</strong></span> <span class='ocrx_word' id='word_1_206' title='bbox 627 4488 724 4555; x_wconf 91' lang='lat' dir='ltr'><strong>nobis</strong></span> <span class='ocrx_word' id='word_1_207' title='bbox 742 4487 955 4572; x_wconf 82' lang='lat' dir='ltr'><strong>personaliter</strong></span> <span class='ocrx_word' id='word_1_208' title='bbox 973 4485 1147 4572; x_wconf 81' lang='lat' dir='ltr'><strong>constituti,</strong></span> <span class='ocrx_word' id='word_1_209' title='bbox 1165 4485 1256 4552; x_wconf 85' lang='lat' dir='ltr'><strong>exhi·</strong></span> 
     </span>
     <span class='ocr_line' id='line_1_31' title="bbox 108 4591 1261 4671; baseline -0.002 -4"><span class='ocrx_word' id='word_1_210' title='bbox 108 4599 272 4671; x_wconf 84' lang='lat' dir='ltr'><strong>buerunt</strong></span> <span class='ocrx_word' id='word_1_211' title='bbox 289 4591 381 4660; x_wconf 90' lang='lat' dir='ltr'><strong>nobis</strong></span> <span class='ocrx_word' id='word_1_212' title='bbox 390 4595 520 4662; x_wconf 88' lang='lat' dir='ltr'><strong>litteras</strong></span> <span class='ocrx_word' id='word_1_213' title='bbox 537 4596 724 4664; x_wconf 81' lang='lat' dir='ltr'><strong>Conuentus</strong></span> <span class='ocrx_word' id='word_1_214' title='bbox 740 4597 873 4664; x_wconf 86' lang='lat' dir='ltr'><strong>fratrum</strong></span> <span class='ocrx_word' id='word_1_215' title='bbox 885 4592 1121 4662; x_wconf 83' lang='lat' dir='ltr'><strong>Ornoifererurn</strong></span> <span class='ocrx_word' id='word_1_216' title='bbox 1138 4595 1261 4665; x_wconf 90' lang='lat' dir='ltr'><strong>Domus</strong></span> 
     </span>
    </p>
   </div>
   <div class='ocr_carea' id='block_1_9' title="bbox 0 0 1564 5172">
    <p class='ocr_par' dir='ltr' id='par_1_9' title="bbox 0 0 1564 5172">
     <span class='ocr_line' id='line_1_32' title="bbox 0 0 1564 5172; baseline 0 1"><span class='ocrx_word' id='word_1_217' title='bbox 0 0 1564 5172; x_wconf 95' lang='lat' dir='ltr'><strong> </strong></span> 
     </span>
    </p>
   </div>
  </div>
 </body>
</html>
