3132 5162
92 1113 242 1177 Lodorner
258 1081 444 1197 materqomc‘
460 1112 613 1177 ersekaek
628 1113 865 1199 beismeruc'aye,
882 1114 969 1198 bogy
986 1137 1008 1178 a
1028 1137 1067 1180 ez.
1096 1116 1216 1178 tamesi

92 1221 271 1306 cezurqomi
289 1220 486 1306 prepostedp
509 1219 641 1284 acuebat
667 1241 688 1282 o
713 1221 905 1306 oytllsziqeti
929 1219 1216 1304 apdezozctrdciool

215 1349 237 1390 o
251 1329 335 1412 pesti
349 1325 629 1411 oomjovedetemoe
644 1328 737 1390 oezoc
763 1326 967 1412 eqyezleedett.
985 1327 1083 1393 1291.

191 1535 406 1604 Lodomerius
422 1537 636 1604 miseracione
650 1536 775 1604 Diuina
789 1537 1064 1624 Archiepiscopus
1091 1539 1215 1623 Strigo·

90 1644 208 1712 niensis
223 1642 351 1728 locique
360 1644 506 1710 eiusdem
517 1643 632 1710 (lomes
643 1651 819 1730 perpetuus
829 1647 992 1714 uniuersis
1004 1646 1210 1733 presencium

90 1749 238 1817 noticiam
253 1750 412 1818 habituris
429 1751 571 1818 salutem
586 1750 621 1816 in
636 1752 784 1819 Domino.
801 1754 960 1821 Nouerint
978 1753 1119 1820 uniuersi
1142 1773 1213 1836 pre·

91 1857 227 1924 sancium
237 1858 390 1925 noticiam
401 1858 552 1944 habituri,
564 1857 652 1942 quod
668 1879 738 1926 cum
749 1861 835 1926 inter
846 1881 905 1928 uos
915 1863 1047 1928 nomine
1062 1859 1214 1945 Magistri

92 1965 208 2030 Thome
223 1965 385 2051 Propositi
400 1965 514 2032 Sancti
530 1965 654 2032 Thome
671 1967 812 2032 martiris
829 1967 870 2034 de
885 1967 1108 2035 Promontorio
1135 1967 1214 2033 Stri-

91 2071 240 2159 goniensi,
257 2071 393 2140 scolaris
419 2071 581 2158 Paduani,
600 2081 631 2140 et
657 2073 800 2158 Capituli
824 2074 889 2140 loci
914 2074 1058 2141 eiusdem
1085 2094 1125 2138 ex
1150 2095 1216 2141 una

77 2187 186 2264 parte,
201 2188 235 2247 et
250 2183 436 2248 Conuentus
452 2180 675 2266 religiosarum
693 2203 904 2266 personarum
932 2203 1077 2252 sororum
1104 2183 1216 2249 Mona·

90 2288 172 2372 sterij
191 2287 313 2354 Sancte
328 2289 430 2356 llario
445 2288 487 2356 de
502 2289 614 2356 Insula
638 2289 731 2356 iuxta
755 2290 882 2358 Budam
910 2310 950 2357 ex
975 2293 1091 2372 altera,
1110 2309 1207 2374 super

89 2393 261 2462 medietate
278 2396 393 2461 tributi
410 2394 472 2462 lori
488 2395 530 2462 de
546 2396 656 2462 Ueteri
672 2396 759 2482 Pcst,
777 2418 874 2482 quam
889 2418 929 2464 ex
947 2397 1126 2465 collacione
1141 2396 1214 2462 ieli-

90 2499 133 2568 cis
148 2501 393 2570 recordacionis
409 2504 572 2586 quondam
590 2505 730 2571 Emerici
741 2505 841 2590 Regis
851 2505 1020 2588 Hungarie
1031 2509 1217 2589 competere

88 2607 147 2674 sibi
161 2607 304 2696 dicebat,
321 2609 467 2695 predicte
483 2611 633 2679 Ecclesie
650 2611 761 2678 Sancti
779 2611 915 2696 Thomu,
944 2609 1036 2677 euius
1062 2610 1223 2678 Ecclesie‘

88 2715 128 2779 ad
143 2723 289 2784 nostram
305 2716 549 2783 solicitudinem
561 2718 767 2803 pertinentis,
784 2720 1051 2800 procuracionem
1076 2737 1135 2783 uos
1161 2737 1214 2800 ge

88 2821 186 2889 rimus
202 2823 311 2905 quoad
327 2843 472 2910 presens,
490 2805 628 2910 primum
640 2845 748 2890 coram
758 2826 916 2894 Ladiuleo
931 2827 1021 2908 Rege
1032 2825 1214 2910 Hungarie,

89 2936 119 2996 ct
133 2911 224 2996 nunc'
236 2950 347 2999 eoram
364 2931 496 2998 Andrea
512 2932 574 2998 Dei
590 2933 703 3014 gracia
718 2931 824 3016 Regni
840 2932 1011 3014 Hungarie
1027 2933 1118 3014 Rege
1145 2931 1215 2996 illu-

90 3035 157 3122 stri,
175 3047 265 3104 mota
280 3038 396 3106 suisset
412 3040 549 3106 materia
564 3039 766 3122 questionis,
795 3044 827 3104 et
851 3040 924 3125 ipsa
951 3037 1076 3121 questio
1101 3037 1218 3105 fnisset

88 3144 292 3227 aliquamdiu
310 3147 479 3231 uentilata,
497 3153 529 3212 et
545 3147 747 3231 postmodum
765 3165 822 3228 pcr
838 3165 908 3224 uos,
927 3152 958 3210 et
976 3143 1092 3210 fratres
1118 3143 1215 3226 Vgri-

88 3271 162 3318 num
178 3252 284 3318 filium
300 3253 439 3320 Parazth
456 3253 498 3320 de
522 3273 643 3338 genere
668 3251 792 3332 Chaak,
819 3249 1011 3336 Gregorium
1036 3250 1216 3330 Lectorem,

86 3357 226 3427 Paulum
243 3365 277 3425 et
293 3359 454 3426 Briceium
471 3359 513 3428 dc
537 3359 658 3428 Ordine
674 3363 823 3427 Fratrum
850 3357 1106 3440 Predicatorum,
1131 3354 1216 3441 ipsa·

89 3484 157 3530 rum
186 3463 415 3548 religiosarum
440 3485 587 3534 sororum
609 3472 836 3552 procuratores
863 3463 1016 3548 legaliter
1041 3461 1217 3548 institutos,

87 3581 117 3638 ct
133 3571 177 3640 de
193 3573 432 3640 ratihabitione
448 3573 622 3642 earundem
639 3570 938 3640 sanctimonialium
956 3569 1111 3636 mandato
1127 3569 1214 3636 sufli-

87 3679 188 3746 cienti
203 3679 357 3762 munitos,
374 3681 408 3745 in
424 3699 599 3765 personam
615 3678 737 3748 domini
764 3677 867 3745 nostri
882 3679 921 3744 A.
948 3675 1047 3758 Regis
1075 3675 1134 3742 snb
1160 3695 1218 3758 ap·

86 3787 255 3868 posicions
287 3794 374 3854 certe
404 3807 487 3874 pene
512 3787 712 3872 pecuniaria,
739 3806 836 3869 quam
853 3804 928 3871 pars
952 3803 1016 3850 non
1044 3787 1219 3865 acceptans

86 3893 217 3960 soluere
232 3893 365 3960 deberet
380 3893 463 3978 parti
489 3893 655 3960 arbitrium
669 3892 872 3978 acceptasti,
898 3911 939 3957 ex
963 3896 1100 3972 ubsque
1125 3891 1219 3973 parte

87 4001 357 4084 compromissum
374 3999 508 4086 tutorem
522 4002 653 4069 undem
669 4001 837 4084 utriusque
861 3998 965 4084 partis
990 3993 1218 4063 instrumentis

84 4124 194 4170 coram
210 4103 379 4190 deputatis
395 4125 416 4172 a
432 4105 562 4174 domino
578 4111 688 4174 nostro
706 4108 796 4190 Rege
811 4102 951 4170 Prolatis
969 4109 1001 4168 et
1026 4101 1215 4170 Beronibus

86 4213 220 4282 iusticie
235 4211 419 4280 zelantibus
445 4211 620 4279 hincinde
647 4211 808 4296 exhibitis,
832 4210 930 4296 plene
955 4208 1118 4294 perlectis,
1143 4207 1215 4273 dili·

85 4327 207 4406 genter
222 4321 420 4390 examinatis
436 4327 469 4388 et
484 4321 613 4406 plenius
642 4319 826 4403 intellectis,
852 4323 928 4383 ante
954 4320 1104 4384 euentum
1130 4314 1215 4381 arbi-

85 4429 137 4516 trij
156 4431 230 4498 siue
247 4428 338 4496 laudi
354 4428 583 4515 promulgandi
597 4445 655 4514 per
670 4427 777 4513 ipsum
795 4424 959 4493 dominum
984 4429 1129 4491 nostrum
1154 4422 1213 4487 Re-

85 4557 173 4626 gem,
191 4538 226 4606 in
241 4537 328 4606 hane
344 4537 478 4622 pacifice
503 4534 750 4623 composicionis
766 4533 882 4603 seriem
898 4532 970 4618 pari
996 4528 1173 4600 concordia
1188 4536 1221 4596 et
