3170 5166
337 416 456 509 piendo
468 422 763 490 cumterradesola
780 459 820 470 -
847 457 879 468 -
899 457 942 468 -
963 425 1012 485 est
1029 420 1113 486 inter
1123 419 1315 503 magistrum
1330 413 1460 488 llielrae·

339 531 401 596 lem
418 536 450 596 et
465 529 549 597 filios
566 529 733 616 Ghepani,
764 526 894 594 Andree
926 531 958 593 et
974 525 1105 592 Martini
1135 547 1239 612 usque
1271 527 1314 594 au
1329 533 1462 595 meatum

339 657 432 724 aque,
444 657 505 722 que
515 644 648 723 separat
658 639 742 704 inter
760 636 951 720 magistrum
966 635 1181 702 Laurencium
1197 635 1416 715 antedictum
1426 635 1463 703 de

339 747 445 813 seruis
461 752 578 831 autem,
597 743 761 813 libertinis
779 748 809 811 et
826 744 954 810 ancillis
971 741 1075 808 eidem
1101 741 1258 826 magistro
1273 743 1463 814 Zumuroes·

338 853 459 922 sissent
469 861 502 921 et
513 892 552 903 -
567 853 723 922 issent-
733 891 775 903 —-
787 850 910 918 ancilla
920 872 992 918 cum
1003 848 1130 918 duobus
1140 849 1217 935 filijs
1227 851 1294 918 uuis
1304 857 1336 917 et
1346 852 1464 920 duabus

340 959 472 1029 filiabus
487 961 566 1047 suis,
593 960 739 1028 Rusinoh
755 980 826 1026 cum
842 959 958 1026 maiori
973 957 1042 1025 lilia
1058 978 1128 1043 sua,
1145 965 1177 1024 et
1194 977 1276 1024 unns
1292 958 1466 1048 libertinus,

340 1069 462 1137 Paulus
478 1068 603 1137 seilicet
619 1069 701 1138 lilius
718 1070 823 1146 Ereu3
851 1069 892 1134 de
917 1065 1179 1154 possessionibus
1195 1073 1306 1134 autem
1328 1067 1465 1154 ipsorum
1572 1123 1573 1126 ,

340 1177 571 1262 ipsimagistro
587 1178 708 1245 Zumur
718 1197 790 1245 oum
800 1177 902 1245 tribus
912 1175 1067 1245 tratribus
1083 1176 1160 1262 suis,
1172 1175 1352 1244 Laurencio
1364 1175 1468 1244 videli-

343 1291 402 1370 cet,
414 1285 565 1354 Michaeli
578 1293 609 1353 et
625 1287 728 1354 Paulo
744 1286 920 1354 cessissent
935 1283 1137 1369 Sunu‚Arpa
1147 1292 1180 1351 et
1193 1284 1298 1370 Buun,
1309 1292 1342 1352 et
1352 1291 1468 1352 terrem

342 1393 534 1479 populorum
562 1395 759 1462 Waraskate
783 1394 877 1460 fratri
902 1395 1026 1478 Panlo;
1058 1398 1200 1461 castrum
1224 1414 1300 1462 vero
1326 1395 1468 1478 ipsorum

346 1500 501 1570 Ghezmus
518 1509 668 1570 vocatum
684 1522 756 1568 cum
772 1507 859 1568 term
875 1500 918 1568 ad
934 1503 1040 1588 ipsum
1057 1508 1196 1569 cestrum
1212 1503 1374 1588 spectanti
1388 1523 1469 1570 eom-

341 1607 480 1676 muniter
494 1609 707 1696 possiderent,
718 1615 749 1677 et
766 1644 808 1657 -·-
818 1645 862 1656 -
873 1645 915 1657 -
934 1615 1155 1677 tolamterram
1171 1610 1266 1676 Rada
1280 1631 1354 1676 cum
1370 1613 1467 1676 omni-

342 1718 401 1784 bus
417 1717 611 1784 utilitatibus
622 1718 690 1785 suis
701 1725 732 1784 ct
748 1717 957 1803 pertinencijs
972 1718 1131 1786 uniuersis
1146 1739 1204 1804 pro
1222 1738 1283 1785 usu
1299 1738 1359 1785 suo
1376 1718 1469 1784 habe·

343 1830 422 1909 rent,
447 1821 577 1908 iobagio
594 1860 639 1871 -
657 1862 696 1872 —
715 1829 871 1907 -prout
894 1823 1106 1892 dinoscuntur
1130 1823 1250 1890 habere
1266 1824 1308 1890 ab
1325 1825 1471 1908 antiquo.

342 1931 484 2015 Vtigitur
501 1931 596 2000 huius
623 1931 795 1999 diuisionis
815 1934 916 1999 series
930 1933 1028 2000 robur
1042 1939 1198 2019 perpetue
1214 1933 1377 2000 firmitatis
1393 1933 1473 1999 obti-

251 2034 260 2056 '
342 2044 428 2124 neat,
453 2058 514 2106 neo
538 2059 595 2125 per
620 2039 803 2124 quempiam
827 2038 971 2123 ipsorum
996 2041 1159 2106 inirritum
1175 2041 1287 2107 ualeat
1302 2039 1355 2106 uel
1370 2043 1474 2125 possit

343 2147 522 2232 retractari,
540 2147 584 2214 ad
607 2146 802 2212 instanciam
820 2154 852 2213 et
868 2145 1061 2231 peticionem
1079 2147 1222 2233 ipsorum
1238 2147 1301 2234 ipsi
1317 2149 1474 2232 magistro

344 2256 463 2321 Zumur
488 2260 656 2341 presentes
687 2259 835 2338 patentes
867 2254 993 2322 litteras
1024 2261 1153 2324 nostras
1185 2256 1335 2324 duximus
1361 2256 1475 2324 confir-

345 2359 492 2431 mandas.
525 2363 646 2427 Datum
677 2361 711 2427 in
743 2361 870 2429 octauis
904 2361 1016 2430 Sancti
1048 2361 1166 2430 Jacobi
1206 2364 1356 2450 Apostoli
1388 2385 1475 2431 anno

344 2469 474 2537 Domini
490 2470 660 2540 millesimo
677 2470 910 2540 trecentesimo.

429 2667 567 2734 (Eredetie
581 2685 598 2721 a
617 2671 710 2722 Korde
730 2667 825 2725 csaltd
839 2667 1038 2723 levtlttrtbun.
1052 2671 1131 2725 Kseli
1143 2672 1240 2724 Knaua
1254 2668 1384 2740 Nitndor.)

806 2959 1020 2968 -ffl-—n

869 3369 944 3436 263.
1033 3435 1036 3441 .

339 3547 377 3630 ‘A
392 3567 543 3653 pompat
558 3563 934 3652 capesserecapescere
949 3561 1221 3634 stomatasm.
1238 3567 1353 3632 moure
1368 3567 1489 3652 taren

348 3673 509 3760 anyjcllroz
526 3697 547 3738 a
559 3679 764 3760 pcruucec'ra
794 3673 941 3738 Demeter
973 3675 1082 3738 callot
1103 3673 1245 3759 folcpdu
1269 3677 1302 3738 es
1327 3675 1489 3761 Lampon

607 3781 777 3864 comcsfiai
795 3781 882 3846 lciiatc'
896 3782 1099 3866 ely'drdsdrol.
1116 3781 1214 3847 1300.

456 3975 638 4043 Excellenti
670 3975 798 4044 domine
829 3997 887 4044 sue
903 3975 963 4043 Th.
993 3977 1090 4043 matri
1118 3975 1250 4044 Andree
1274 3975 1337 4042 Dei
1362 3976 1489 4060 gracia

347 4077 488 4148 illustris
504 4082 604 4166 Regis
620 4082 784 4168 Vngaric‚
801 4084 939 4152 Ducisse
970 4083 1075 4152 tocius
1106 4084 1290 4171 Solauonie,
1307 4090 1340 4150 et
1355 4084 1490 4150 Guber-

346 4187 463 4255 natrici
489 4189 639 4257 Parcium
671 4190 985 4261 Gitradanubialium
1016 4213 1121 4280 usquo
1150 4213 1257 4279 mare,
1292 4190 1491 4276 Capitulum

349 4294 443 4362 Beati
459 4298 548 4364 Petri
564 4295 604 4364 de
619 4299 772 4384 Posugha
790 4299 961 4369 oraciones
986 4301 1020 4368 in
1035 4300 1187 4370 Domino.
1203 4300 1346 4367 Litteras
1362 4299 1493 4366 Uestre

348 4401 592 4488 magnificencie
608 4413 792 4472 reuerenter
807 4409 986 4493 recepimus
1002 4409 1036 4476 in
1053 4409 1114 4477 lrec
1129 4407 1247 4478 uerba:

457 4511 598 4579 Domina
614 4511 676 4578 Th.
693 4513 733 4578 D.
749 4532 798 4600 gr.
816 4521 920 4582 muter
936 4515 1060 4586 domini
1075 4513 1206 4586 andree
1221 4512 1362 4584 Illustris
1378 4507 1494 4596 legio
