3098 5172
574 311 734 412 ,usq-

86 507 298 592 obligarunt:
315 511 425 573 tumen
441 525 483 572 ne
499 506 558 573 heo
574 505 693 574 diuisio
708 507 774 572 iam
791 526 877 572 nuno
892 511 924 571 et
939 509 980 574 ab
1006 505 1082 576 olim
1106 505 1220 577 babila

82 618 157 684 siue
173 615 272 698 laeta,
290 613 375 681 sieut
390 612 596 698 premittitur,
614 613 698 681 inter
713 619 825 701 partes
850 613 1028 680 seeundum
1054 616 1219 684 eontinen-

81 725 172 790 oiam
186 721 285 789 huius
301 721 461 809 presentis
477 721 643 811 priuilegij
660 722 763 788 nostri
779 721 941 790 ethorum
958 721 1096 789 duorum
1120 724 1218 811 prini-

84 831 251 916 legiornm
279 836 460 898 nostrorum
484 829 628 916 priorum
654 827 718 897 boe
741 828 861 898 iudieio
884 837 1012 898 eentum
1037 850 1218 898 marearum

82 939 272 1023 mediante,
300 958 341 1005 ne
367 936 450 1006 forte
475 937 659 1023 aliqualiter
683 937 855 1006 retraetari
880 939 932 1004 uel
957 923 1091 1006 dissolui
1114 943 1230 1027 possit

83 1047 241 1135 temporis
256 1045 290 1114 iu
306 1066 481 1132 prooessu,
498 1067 539 1112 ex
556 1066 595 1113 eo
610 1052 748 1131 utraque
764 1066 841 1133 pars
873 1045 914 1113 de
941 1066 1032 1114 mera
1046 1049 1217 1115 uoluntate

82 1174 148 1222 sua
161 1154 224 1222 boe
241 1151 401 1222 iudicium
430 1154 502 1221 siue
527 1172 648 1238 penam
674 1153 875 1236 singularum
891 1160 1020 1222 eentum
1035 1173 1218 1222 marearum

83 1264 127 1328 ab
144 1267 283 1346 utroque
296 1261 470 1348 priuilegio
495 1268 607 1328 nostro
633 1261 810 1328 eximentes
826 1267 1025 1346 exceperunt
1051 1263 1218 1330 exthraen·

85 1375 138 1436 tes
156 1366 244 1456 (lgy)
261 1367 444 1455 abolendo,
476 1368 651 1436 uoluerunt
681 1376 714 1437 et
737 1370 993 1454 prouunoiarunt
1011 1392 1076 1438 non
1092 1371 1217 1456 teneri;

87 1477 154 1544 isto
169 1475 275 1559 modo,
291 1461 414 1542 seilicet
429 1475 457 1541 si
474 1494 537 1559 qua
552 1474 700 1560 parcium
716 1475 771 1544 uel
779 1475 955 1560 singularis
973 1497 1049 1562 pars
1066 1479 1107 1544 de
1122 1478 1221 1563 parti·

86 1583 150 1650 bus
175 1589 355 1651 retraetare
378 1580 494 1652 nolens
520 1582 606 1649 hano
637 1581 830 1651 diuisionem
855 1583 889 1648 in
905 1590 974 1651 toto
997 1586 1049 1650 vel
1063 1585 1099 1650 in
1115 1591 1218 1671 parte,

82 1694 212 1777 absque
231 1689 367 1776 strepitu
393 1688 513 1775 Judiuij
539 1689 678 1758 alienius
704 1690 954 1777 oalumpniatrix
979 1691 1154 1776 habeatem
1170 1693 1218 1759 ni-

84 1797 282 1867 chilominus
298 1798 359 1866 beo
373 1799 484 1866 totalis
500 1799 617 1867 diuisio
633 1800 667 1865 in
684 1798 745 1886 hys
765 1799 867 1867 tribus
883 1799 1017 1885 paribus
1032 1799 1218 1886 priuilegio·

83 1926 156 1974 rum
172 1913 376 1993 nostrorum,
393 1914 425 1973 et
441 1906 475 1973 in
491 1907 677 1992 putentibus
707 1908 824 1976 litteris
849 1907 978 1974 domine
993 1908 1129 1976 Duoisse
1145 1927 1218 1975 eon-

81 2021 175 2082 tenta
191 2015 315 2082 seriose
331 2023 364 2082 et
381 2035 558 2101 expressa,
585 2015 618 2082 in
635 2036 693 2083 suo
712 2018 827 2083 robore
842 2015 1074 2082 inuiolabiliter
1090 2023 1123 2082 et
1137 2016 1213 2085 irre·

82 2123 292 2209 fragabiliter
308 2124 550 2210 permaneatis
575 2128 766 2209 perpetuum
786 2124 954 2191 duratura.
980 2124 1051 2189 Hoo
1066 2143 1132 2191 nou
1147 2145 1218 2211 pre·

84 2233 248 2318 terruisse,
266 2231 353 2318 quod
368 2232 446 2315 quia
463 2230 590 2316 prefato
606 2231 770 2316 possessio
786 2229 925 2316 Orrywa
939 2239 1058 2299 vooata
1074 2251 1146 2298 oum
1166 2251 1217 2298 oa-

77 2349 151 2409 stro
166 2360 228 2409 sno
245 2359 333 2406 nune
358 2346 408 2406 est
432 2347 526 2405 extra
552 2358 668 2405 manns
692 2338 840 2422 peruium
859 2345 1088 2421 utrarumque:
1104 2358 1164 2423 pro
1181 2359 1218 2407 eo

82 2456 198 2534 partes
215 2449 302 2515 bane
317 2448 558 2532 possessionem
575 2466 647 2513 eum
668 2453 776 2512 eastro
792 2465 852 2513 suo
868 2465 1060 2533 recuperare
1075 2453 1108 2513 et
1123 2446 1216 2514 reba·

83 2558 171 2643 bere,
187 2555 274 2624 sieut
291 2551 481 2639 expedierit,
501 2553 604 2619 eciam
621 2552 794 2632 redimere,
811 2552 915 2618 modis
930 2553 1079 2620 omuibus
1095 2554 1219 2638 absque

81 2662 327 2730 intermissione
343 2660 387 2727 ad
402 2659 673 2744 boolaborantes,
688 2659 829 2728 debeant
844 2667 876 2727 et
891 2665 1063 2728 teneantur
1079 2681 1217 2730 eommu-

81 2771 182 2836 nibus
197 2769 268 2837 suis
283 2768 451 2836 laboribus
479 2775 511 2834 et
528 2768 691 2851 expensis.
709 2769 829 2836 Cursus
845 2775 955 2834 autem
972 2776 1130 2835 metarum
1161 2789 1220 2855 per

80 2879 217 2944 modum
229 2876 637 2963 diuisionisseparaueium
652 2875 869 2944 vuluersalem
881 2877 1117 2961 possessionem
1134 2882 1219 2944 ntra·

81 3005 222 3069 rumque
239 2984 386 3070 parcium
403 2983 490 3050 ultra
506 2984 653 3050 Dranam
680 2983 881 3069 existentem,
898 2981 980 3050 sieut
995 2983 1030 3048 in
1045 2983 1220 3068 priuilegio

79 3099 197 3163 nostro
213 3093 315 3176 priori
333 3092 450 3160 exinde
466 3091 614 3159 eouseoto
639 3089 780 3157 uidimus
795 3091 962 3174 eontineri,
988 3092 1062 3158 talis
1088 3091 1220 3158 esl:1n·

77 3201 240 3287 eipiendo
256 3199 382 3267 scilieet
409 3198 444 3265 in
468 3198 574 3266 medio
599 3199 735 3266 duorum
761 3204 948 3284 stagnorum
965 3197 1075 3264 Ordan
1091 3207 1218 3267 uocato-

77 3330 155 3376 rum
173 3308 209 3373 in
225 3327 291 3372 una
318 3313 404 3373 meta
420 3314 545 3387 terrea,
572 3306 605 3371 in
631 3326 697 3389 qna
723 3312 773 3372 est
797 3307 893 3372 arbor
909 3303 1004 3390 yliois
1020 3304 1219 3374 deoortiouts

76 3419 113 3482 in
131 3414 248 3497 aliqua
264 3415 316 3480 sni
341 3416 435 3498 parte
461 3432 519 3498 pro
538 3413 645 3499 signo,
676 3410 781 3480 tondit
804 3413 926 3479 direote
944 3431 1074 3496 semper
1090 3413 1133 3477 ad
1149 3433 1221 3497 par·

76 3529 150 3590 tem
169 3521 383 3604 orientalem,
411 3520 514 3604 primo
547 3520 720 3588 adunam
745 3521 891 3586 arborem
922 3519 1012 3604 pirus
1045 3520 1220 3587 decortioa·

73 3637 148 3695 tam
168 3629 203 3693 iu
220 3627 332 3711 aliqua
362 3631 455 3712 parte
480 3647 540 3712 pro
566 3627 679 3711 rign03
706 3626 824 3694 deinde
855 3625 947 3692 vadit
979 3627 1022 3692 ad
1054 3625 1138 3693 alius
1154 3635 1220 3694 tres

73 3739 220 3804 arbores
236 3731 396 3820 fraxsiny,
413 3735 512 3819 wlmy
537 3739 568 3799 et
592 3731 687 3819 yliois
713 3739 837 3799 stantes
864 3731 1067 3814 coniunctim,
1084 3753 1219 3815 quarum

73 3843 168 3910 rami
187 3840 272 3906 inter
287 3859 323 3906 se
338 3841 463 3906 mixtim
480 3847 667 3922 creuerunt,
700 3839 756 3907 ubi
773 3848 822 3906 est
838 3859 904 3908 una
919 3843 1007 3905 meta
1028 3848 1144 3924 terrea,
1161 3840 1220 3906 ibi·

74 3971 143 4034 que
161 3947 266 4014 intrat
291 3947 326 4013 iu
350 3947 511 4030 quandam
543 3966 695 4029 magnam
711 3946 829 4013 siluam
861 3946 1033 4031 Bodzygos
1050 3952 1220 4024 uocatam3

73 4053 295 4147 procedendo
312 4075 370 4139 per
385 4053 525 4120 medinm
553 4055 649 4122 buius
665 4055 748 4122 silue
777 4053 903 4120 venitur
929 4054 1071 4120 adduas
1088 4053 1221 4122 arbores

71 4166 254 4255 perrupta
271 4165 304 4226 et
321 4161 390 4226 llud
420 4159 541 4228 alieubi
557 4161 773 4229 decorticatas
803 4180 861 4246 pro
878 4159 991 4245 sign03
1023 4159 1143 4227 abinde
1158 4159 1221 4227 itur

72 4271 121 4339 ad
138 4268 311 4354 quoddam
328 4275 481 4352 stagnum
497 4269 663 4336 Yezeroba
679 4273 851 4347 nouatum
877 4288 939 4352 quo
955 4267 1086 4354 quidem
1103 4277 1222 4354 stagno

73 4376 227 4448 bannito
244 4396 303 4464 per
319 4373 465 4443 medinm
490 4377 617 4444 venitur
633 4377 719 4444 inter
734 4376 817 4443 duas
833 4375 904 4443 vias
919 4376 962 4442 ab
979 4375 1074 4442 binus
1089 4375 1223 4443 arbores

71 4487 225 4576 ydem,
240 4482 301 4550 snb
319 4481 437 4567 quibus
455 4489 505 4551 est
530 4489 745 4570 metaterrea,
760 4482 816 4549 vbi
832 4481 938 4549 exitur
952 4481 1122 4549 abeodem
1138 4483 1223 4550 silua

73 4593 257 4680 Bodygus,
275 4597 308 4658 et
322 4591 415 4660 iuxta
429 4610 549 4676 aquam
559 4590 687 4677 Woyno
697 4596 845 4659 vocatam
856 4591 920 4657 itur
934 4589 979 4656 ad
993 4588 1124 4658 arbores
1135 4588 1225 4677 pomi
