3120 5172
630 1095 708 1162 199.

99 1297 208 1360 lauda
243 1316 342 1359 comcs
373 1293 660 1378 atorschttronat
685 1291 815 1359 Korona
842 1295 965 1382 helysdp
992 1295 1236 1383 hotdripaza'to'-

101 1409 177 1468 su'ra
193 1405 373 1468 uonudwsd
387 1401 615 1486 tdrvdapkezdsi
630 1403 824 1468 iatc'zitcddsc
840 1426 881 1468 az
907 1406 1092 1492 easterpumi
1116 1407 1239 1491 topra-

99 1511 222 1591 louhoz,
239 1509 380 1574 Benedaic
395 1511 567 1596 aazpra'mt
578 1511 704 1595 priapb'k
722 1513 754 1576 ds
776 1510 866 1575 chb
883 1513 1004 1576 unokdi
1024 1514 1103 1576 ledat.
1131 1513 1239 1580 1298,

207 1703 295 1770 Viris
312 1703 552 1772 venerabilibus
569 1709 601 1769 et
626 1703 795 1788 discretis,
815 1705 955 1771 dominis
981 1710 1014 1770 et
1029 1705 1145 1772 amicis
1161 1705 1240 1774 suis-

102 1811 304 1878 Reucrendis
321 1811 472 1896 capituto
483 1810 699 1894 Strigoniensi
716 1809 833 1877 Comes
849 1811 1034 1897 Stephanus
1055 1813 1242 1880 Viceiuderr

102 1916 196 1984 Gurie
212 1917 335 1984 domini
351 1917 451 2000 Regis
462 1939 498 1984 se
513 1920 614 1983 totum
626 1938 698 1982 cum
714 1916 849 1985 honore.
867 1918 1041 2006 Noueritis,
1060 1917 1229 2002 quodcum

101 2027 194 2093 iuxta
208 2024 347 2092 formam
372 2026 553 2092 litterarum
571 2025 707 2092 Comitis
732 2026 902 2092 Benedicti
926 2027 1088 2110 quondam
1105 2027 1240 2095 Viceiu-

102 2133 182 2200 dicis
198 2133 295 2200 Curio
311 2133 433 2218 Regie,
460 2132 628 2216 inquibus
658 2139 727 2199 tota
753 2133 853 2201 series
877 2133 1069 2200 iudiciorum
1088 2134 1241 2201 eiusdem.

103 2240 299 2326 continetur,
314 2240 515 2306 venerabilis
541 2246 636 2324 pater
663 2239 813 2308 dominus
839 2239 874 2305 Β.
892 2240 1075 2326 Episcopus
1092 2239 1235 2325 Wespri·

100 2346 236 2413 miensis
253 2367 327 2432 pars
343 2354 484 2412 actores
499 2367 567 2411 nna
581 2352 685 2432 parte,
696 2354 728 2412 et
738 2347 857 2434 Zuard,
870 2343 933 2434 (et)
945 2347 1061 2413 Chaak
1070 2347 1242 2434 Magistri,

101 2460 240 2538 nepotes
256 2453 388 2540 Weech,
406 2473 446 2519 ac
455 2453 571 2520 Petrus
587 2453 751 2537 quondam
769 2455 868 2520 irater
885 2454 1072 2540 eorundum,
1091 2455 1146 2537 qui
1163 2455 1237 2520 iam.

100 2560 254 2645 decessit,
270 2580 349 2646 pars
365 2561 504 2626 aduersa
521 2579 562 2626 ex
578 2559 703 2646 altera,
721 2561 933 2644 superiectis
949 2543 1034 2627 terre'
1050 2561 1161 2627 Koroa
1178 2581 1236 2626 uo—

101 2675 183 2752 cate,
199 2666 332 2733 racione
348 2666 439 2734 cuius
458 2665 664 2734 contenditur
680 2667 764 2732 inter
789 2675 918 2752 partes,
944 2668 978 2733 in
996 2667 1169 2750 quindenis
1185 2685 1241 2733 re

101 2773 248 2841 sidencio
264 2772 429 2848 exercitus
455 2772 577 2839 domini
602 2774 701 2856 Regis
727 2775 934 2859 presentibus
950 2772 1074 2841 duobus
1090 2775 1241 2841 testimo-

99 2879 168 2965 nijs
182 2879 302 2947 uestris
318 2897 391 2946 cum
417 2877 542 2947 duobus
567 2880 753 2946 hominihus
786 2879 910 2946 domini
926 2881 1047 2965 Regis,
1079 2879 1245 2948 uidelicet

101 2987 286 3054 Laurencio
302 3007 422 3071 magno
437 2987 478 3052 de
493 2987 609 3054 Jenew
620 2993 653 3053 et
667 2987 786 3054 Cosma
797 2987 837 3052 de
855 2987 1047 3053 Kuhulkuth
1064 2987 1233 3075 accedere,

100 3101 135 3159 et
149 3115 210 3182 per
225 3093 303 3163 illas
321 3102 433 3179 metas,
449 3113 512 3177 qne
536 3097 571 3160 in
585 3095 760 3179 priuilegio
787 3094 866 3160 Bele
890 3093 990 3178 Regis
1015 3095 1243 3182 continentur,

99 3201 175 3287 ipso
191 3201 369 3287 priuilegio
395 3201 471 3268 Bele
496 3200 616 3289 Regis,
640 3201 718 3267 item
751 3199 825 3285 aiijs
842 3200 967 3267 duobus
982 3199 1164 3286 priuilegijs
1180 3223 1235 3268 ve-

99 3310 191 3394 stris,
208 3315 242 3376 et
270 3309 373 3375 tercio
399 3307 574 3394 priuilegio
599 3309 788 3375 Casuentus
803 3306 996 3394 Pilisiensis,
1014 3329 1072 3393 per
1102 3305 1256 3375 eosdem.

97 3421 241 3500 nepotes
256 3415 378 3482 Weech
403 3413 485 3480 inibi
510 3413 680 3497 exhibitis,
705 3415 912 3483 reambulare
921 3465 932 3502 ,
949 3420 982 3480 et
997 3413 1039 3480 dc
1054 3412 1130 3501 ipsa
1146 3421 1243 3480 terra

95 3519 311 3588 contensiose
329 3539 536 3606 cognoscere,
554 3519 583 3586 si
597 3521 642 3587 sit
656 3520 744 3587 intra
758 3525 864 3588 metas
879 3523 915 3588 in
940 3521 1022 3606 ipsis
1048 3517 1259 3606 priuilegijs„

95 3649 161 3714 per
178 3628 309 3696 eosdem
325 3627 433 3694 Zuard
449 3634 482 3694 et
499 3627 592 3694 Ohah
606 3628 783 3712 Magistros
799 3626 954 3695 exhibitis
980 3627 1232 3712 comprehensas

93 3737 179 3823 ipsa
192 3739 279 3802 terre
295 3735 504 3800 contensiose
519 3733 647 3800 inclusa
664 3754 723 3801 nec
739 3754 791 3819 nc,
808 3733 1014 3818 debuissent3
1032 3734 1159 3800 demum
1184 3733 1241 3820 ip·-

94 3843 145 3910 sis
162 3839 274 3908 Zuard
289 3845 322 3907 et
337 3838 451 3908 Chaak
466 3841 631 3925 Magistris
647 3841 864 3926 personaliter
880 3861 938 3926 pro
954 3861 991 3907 se
1008 3849 1041 3907 et
1056 3841 1151 3908 Petro
1169 3840 1242 3906 ira·⁴

93 3960 148 4017 tre
166 3969 277 4018 eorum
294 3947 447 4014 defuncto
463 3949 506 4013 ab
522 3968 588 4014 una
613 3954 714 4035 parte,
742 3956 774 4014 et
790 3950 945 4033 Magistro
970 3948 1066 4013 Petro
1092 3947 1241 4014 Oantore

92 4054 352 4142 vesprimiensi,
368 4058 401 4120 et
417 4055 521 4120 eciam
536 4053 634 4121 Petro
649 4053 718 4120 filio
727 4055 836 4141 Ethey
847 4053 982 4128 officiali
992 4055 1098 4140 ipsius
1109 4051 1244 4122 domini,

91 4163 256 4249 Episcopi
272 4182 332 4249 pro
346 4161 460 4228 codem
477 4161 608 4228 domino
624 4161 789 4248 Episcopo
806 4181 878 4228 cum
895 4159 1131 4230 sufficientibus
1159 4183 1233 4247 pro-

93 4267 278 4354 eurstorijs
292 4267 410 4336 litteris
426 4274 462 4334 ut
478 4275 570 4336 actor
585 4289 626 4335 ex
642 4269 748 4336 altera
762 4269 1020 4353 comparuissent
1036 4269 1156 4335 iterato
1183 4290 1244 4336 co·-

93 4397 174 4444 ram
193 4375 295 4461 nobis,
314 4373 531 4441 exhibuerunt
546 4375 642 4442 nobis
658 4375 785 4442 litteras
800 4385 938 4458 uestras,
955 4375 988 4440 in
1006 4373 1124 4458 quibus
1150 4393 1244 4441 com--

92 4483 260 4571 perimus,
275 4481 363 4565 quod
378 4482 455 4549 iicet
469 4481 568 4566 ijdcm
584 4488 720 4568 nepotes
744 4482 870 4549 Weech
894 4481 929 4546 in
954 4483 1037 4567 ipsis
1062 4481 1245 4563 quindenis

90 4589 288 4659 residencie
303 4592 465 4659 exercitus
480 4609 576 4675 super
601 4589 688 4658 iacto
705 4589 809 4674 ipsius
825 4595 912 4656 terre
937 4589 1138 4658 contensiose
1161 4607 1242 4656 cnm

87 4697 185 4784 ipsis
219 4695 345 4765 duobus
376 4695 570 4780 testimonijs
595 4697 715 4766 vestris
738 4715 846 4764 coram
873 4695 996 4764 eisdem
1024 4695 1150 4764 duobus
1180 4697 1241 4762 ho-
