3112 5158
670 927 728 999 95.

116 1133 178 1202 ΙΙΙ.
185 1133 415 1219 Maretirctly
425 1133 605 1219 moperb'sitr'
628 1129 965 1231 V.Iatericlrircilyreole
977 1127 1152 1195 Dertosam·
1168 1128 1252 1212 boly-

119 1247 202 1332 etpet
217 1247 374 1330 tdrpyazd
388 1241 586 1326 adomdnycit
601 1235 674 1303 Aba
699 1239 928 1325 reemaetaepbelc‘
943 1238 1046 1303 Pa'tcr
1061 1245 1172 1302 amate-r·
1187 1241 1252 1300 czd·
1318 1237 1321 1242 '

569 1351 673 1415 andra.
692 1347 791 1412 1294.

225 1561 376 1630 Andreas
392 1558 454 1627 Dei
470 1559 582 1644 gracia
598 1559 753 1646 Vngar-ie,
768 1555 950 1646 Dalmacic,
968 1556 1113 1646 (treacle,
1138 1559 1249 1643 Reme,

116 1669 238 1755 Sernie,
255 1665 406 1755 Gallieie,
423 1664 621 1752 Lodomerie‚
636 1667 803 1751 Cumania,
820 1663 1037 1749 Balgarieque
1053 1667 1123 1732 Rex
1148 1663 1249 1731 omni·

115 1778 174 1844 bns
189 1775 312 1843 Christi
327 1770 488 1858 fidelihus}
507 1780 689 1861 presentem
705 1774 859 1861 paginam
885 1772 1079 1856 inspecturis
1110 1771 1249 1838 salutem

116 1884 148 1950 in
163 1885 306 1952 omnium
322 1883 497 1951 saluatore.
515 1881 568 1950 Ad
584 1881 807 1949 uniuersorum
836 1879 992 1948 noticiam
1017 1880 1136 1946 harum
1163 1878 1250 1946 serie
1315 1961 1319 1970 ·

116 1993 273 2058 uolumus
289 1990 471 2077 peruenire,
488 1989 574 2074 quod
590 1990 747 2073 Magister
763 1989 877 2055 Petrus
895 1988 982 2056 filius
1010 1985 1179 2074 Compoldi
1206 1985 1248 2054 de

117 2119 235 2184 genere
251 2097 324 2164 Aba
338 2103 483 2164 nostram
500 2096 614 2164 adiens
629 2095 785 2181 presencia
801 2117 832 2160 m
851 2094 999 2162 exhibuit
1009 2094 1103 2160 nobis
1118 2093 1246 2178 priuile-

116 2206 204 2291 gium
221 2203 379 2292 Stephani
395 2206 484 2271 clarc
499 2203 642 2272 nemoric
658 2203 820 2288 quondam
837 2203 974 2269 illustris
999 2202 1097 2286 Regis
1114 2200 1246 2285 ilunga-

115 2314 161 2380 rie
176 2311 345 2379 karissimi
361 2311 471 2379 fratris
488 2311 589 2378 nostri
604 2309 760 2396 patruelis
770 2329 866 2394 saper
877 2309 1055 2376 collacione
1075 2308 1245 2376 cuiusdam

114 2432 199 2491 terre
215 2419 396 2486 Dumnslou
411 2424 526 2486 uocate
542 2416 732 2505 confectum,
750 2422 864 2502 petens
881 2439 901 2483 a
916 2416 1011 2484 nobis
1029 2417 1195 2484 humiliter
1212 2423 1244 2486 et

114 2529 244 2614 deuote,
260 2533 297 2594 ut
311 2528 418 2614 ipsum
435 2525 642 2613 priuilegium
658 2532 762 2594 ratum
779 2526 908 2610 habere,
926 2533 958 2592 ct
974 2533 1083 2594 nostro
1094 2527 1242 2613 dignare-

113 2655 184 2701 mur
198 2633 370 2722 priailegio
387 2633 586 2701 confirmare.
604 2633 703 2701 Cuius
720 2632 849 2718 quidem
866 2633 1029 2720 priuilegij
1048 2640 1140 2702 tenor
1164 2634 1241 2702 talis

113 2747 185 2810 est:
275 2747 280 2752 ’

222 2843 409 2932 Stephanus
425 2845 466 2912 D.
484 2866 531 2930 gr.
545 2844 655 2930 junior
669 2847 740 2912 Rex
756 2845 925 2930 Hungaric
941 2848 1004 2915 stb.
1032 2845 1244 2936 (hdvetkezik

111 2953 226 3022 Istrbn
243 2951 352 3019 ahhor
363 2952 467 3038 iljabb
483 2953 662 3038 kirtlynak
680 2953 819 3020 1263-ki
835 2952 1023 3039 ademanya
1047 2955 1129 3021 mint
1153 2955 1245 3041 gyttj·

114 3060 318 3146 temenytlnlr
345 3059 430 3129 VIII.
458 3061 575 3147 vagyis
600 3081 622 3128 a
645 3059 796 3128 maeodik
826 3059 951 3146 folyam
981 3059 1037 3128 ΙΙΙ.
1068 3061 1245 3130 kbteleben

112 3172 167 3238 69.
186 3168 274 3254 lap.)

224 3278 293 3344 Nos
310 3275 419 3362 itaque
435 3274 628 3362 peticionem
645 3276 746 3364 ipsius
762 3275 911 3360 Magistri
928 3275 1014 3342 Petri
1039 3277 1243 3345 attendentes

109 3383 181 3453 sore
199 3385 330 3472 iustam,
346 3383 626 3471 consideratisque
657 3384 867 3454 fidelitatibus
884 3390 916 3451 ct
941 3385 1151 3452 seruiciorom
1178 3407 1241 3454 me·

106 3491 183 3561 ritis
201 3490 360 3578 eiusdem,
377 3511 441 3578 qne
456 3492 550 3560 nobis
568 3493 688 3580 sepios,
705 3499 737 3558 et
761 3491 948 3577 specialiter
973 3493 1008 3559 in
1033 3493 1244 3580 expedicione

104 3608 227 3668 nostra
242 3605 357 3668 contra
373 3600 540 3667 dominum
566 3600 735 3666 Albertum
762 3599 885 3667 Ducem
910 3600 1040 3668 Austrie
1066 3609 1099 3668 et
1125 3603 1242 3688 Styrie,

103 3708 219 3793 Regni
236 3709 337 3775 nostri
354 3713 431 3774 tunc
448 3708 621 3794 capitalem
639 3707 805 3776 inimicum
822 3707 943 3792 habita,
962 3710 1017 3776 vbi
1035 3707 1118 3776 idem
1136 3709 1242 3776 diocr-

102 3815 152 3884 sis
169 3815 450 3883 fortune'casibus
476 3835 512 3881 sc
544 3814 734 3882 submittere
760 3835 824 3881 non
849 3813 1057 3902 formidarit5
1080 3823 1113 3882 et
1138 3817 1240 3883 eciam

100 3943 179 3991 cum
198 3942 262 3990 nos
278 3926 392 3990 contra
407 3921 491 3989 lilios
508 3921 633 3988 'Phorne
649 3925 736 3988 moto
753 3921 897 3988 exercitu
921 3929 1032 3990 nostro
1056 3923 1240 4011 iuissemus,

99 4037 133 4098 et
149 4035 270 4099 castra
285 4031 428 4117 ipsorum
442 4031 624 4117 expugnari
639 4036 671 4096 ct
687 4029 835 4098 demoliri
857 4029 1054 4117 fecissemus,
1071 4030 1105 4096 in
1122 4051 1240 4117 expug-

97 4141 248 4208 nacione
264 4139 363 4207 castri
378 4137 521 4224 Adryan,
537 4138 624 4204 idern
641 4137 798 4222 Magister
814 4138 927 4204 Petras
953 4140 1098 4222 grauiter
1125 4139 1241 4205 extite-

96 4253 150 4314 rat
169 4246 356 4334 sauciatas‚
375 4244 512 4312 fideliter
528 4245 676 4315 exhibuit
691 4253 724 4312 et
736 4244 905 4332 inpendit;
922 4245 1112 4329 quiaeciam
1123 4243 1241 4312 dictam

95 4361 230 4427 terram
247 4373 305 4440 pcr
322 4351 487 4420 dominum
503 4354 615 4420 Belem
632 4356 755 4439 Regem
771 4353 990 4422 mediantibus
1007 4353 1074 4421 auis
1104 4354 1241 4440 patenti·

97 4461 162 4532 bus
179 4461 308 4530 litteris
324 4461 410 4530 dicto
437 4461 554 4530 domiti
581 4462 756 4551 Compolth
782 4461 875 4532 iuxta
900 4463 1113 4532 collacionem
1137 4461 1240 4549 ipsios

93 4569 230 4644 domini
247 4569 408 4662 Stephani
423 4569 523 4662 Regis
538 4571 608 4642 fore
624 4573 776 4644 collatam
794 4572 1019 4662 comperimus,
1036 4571 1157 4644 dictum
1173 4570 1237 4660 pri·
