3098 5172
864 297 927 382 lbi

327 503 395 594 tho,
413 505 536 576 'Pbome
554 504 717 597 etssunnoh
735 513 768 575 et
782 527 918 575 uxorum
939 503 1125 594 eorundem,
1143 503 1268 573 Ohothn
1287 509 1319 573 et
1333 489 1454 572 'lbomb

328 616 370 685 de
386 617 483 684 Nona
497 617 584 685 Villa
601 616 642 686 de
668 614 815 684 districtu
840 615 985 684 Ecclesia
1001 614 1113 683 Sancti
1138 614 1300 681 Dominici
1324 610 1365 678 de
1381 609 1455 676 Stri-

328 725 438 812 gonio,
455 745 583 792 necnon
597 744 695 810 super
710 723 838 810 iniurijs
854 723 1059 811 uerbalibus,
1075 742 1133 808 per
1148 721 1320 790 Nicolaum
1337 715 1454 784 aurita·

328 833 422 900 brum
449 832 554 899 ciuem
579 831 835 915 strigoniensem
867 829 1059 913 quibusdam
1085 850 1126 897 ex
1150 827 1263 898 eodem
1289 823 1453 912 Capitulo,

328 945 361 1006 et
377 939 602 1024 iobagionibus
617 959 728 1007 eorum
743 939 857 1024 illatis,
873 937 980 1024 ipsum
1000 937 1171 1006 Nicolaum
1183 936 1226 1008 ad
1249 932 1449 1024 presenciam

328 1054 472 1114 nostram
489 1045 585 1112 citari
600 1044 763 1131 iecissent,
782 1051 814 1111 et
828 1043 1008 1111 uoluissent
1028 1064 1103 1111 eum
1127 1043 1322 1113 iudicialiter
1346 1055 1449 1128 agere

327 1175 436 1222 coram
452 1153 564 1237 nobis;
588 1151 674 1218 idem
699 1151 854 1220 Nicolaus
869 1151 927 1236 per
952 1149 1083 1219 modum
1108 1151 1313 1239 excepoionis
1338 1157 1448 1219 contra

327 1260 459 1327 eosdem
473 1259 590 1326 iratres
605 1265 733 1326 nostros
749 1257 918 1344 proposuit
933 1264 965 1325 et
981 1259 1049 1342 egit
1066 1258 1176 1326 taliter
1192 1279 1211 1326 e
1227 1259 1393 1345 eouuer'so,
1419 1262 1452 1325 nt

327 1365 376 1433 illi
393 1363 541 1432 homines
556 1364 598 1431 de
614 1365 709 1432 Noua
724 1365 812 1431 Villa
828 1372 938 1433 essent
954 1364 1143 1450 iobagiones
1170 1365 1284 1452 ipsius,
1299 1372 1332 1434 et
1358 1385 1453 1451 super

326 1483 412 1540 terra
428 1471 498 1542 eius
513 1471 695 1546 residerent
709 1493 767 1558 per
783 1473 891 1559 ipsum
906 1471 1015 1556 locati,
1031 1480 1065 1539 et
1081 1491 1180 1559 super
1195 1473 1256 1541 hoc
1279 1471 1453 1559 priuilegia

327 1580 447 1668 domini
462 1579 605 1666 Philippi
622 1580 705 1646 bone
721 1581 874 1647 memorie
891 1579 1054 1664 quondam
1071 1578 1316 1667 Archicpisoopi
1332 1581 1453 1664 Strigo·

325 1689 460 1776 niensis,
474 1689 612 1775 proximi
630 1687 872 1773 predecessoris
888 1689 998 1776 nostri,
1017 1695 1049 1756 et
1065 1695 1210 1755 nostrum
1226 1688 1362 1756 haberet
1375 1709 1448 1755 cou-

325 1795 420 1864 lecta.
437 1795 464 1862 E
479 1796 641 1863 contrario
655 1802 763 1863 autem
780 1795 880 1880 ijdem
897 1797 1012 1864 fratres
1028 1795 1131 1863 nostri
1147 1795 1344 1881 replicantes
1361 1793 1449 1861 dixe-

325 1912 410 1992 runt,
425 1910 460 1970 ut
476 1904 536 1972 illa
551 1909 648 1992 terra,
663 1924 762 1990 super
778 1923 843 1987 qua
858 1901 994 1990 predioti
1003 1903 1151 1972 homines
1160 1903 1348 1990 residerent,
1367 1913 1452 1970 esset

325 2015 384 2100 eis,
402 2020 435 2080 et
450 2013 564 2080 suisset
579 2013 612 2080 in
633 2013 823 2078 concambio
851 2018 883 2077 et
907 2015 1148 2097 permutacione
1172 2018 1258 2078 terre
1283 2031 1394 2077 eorum
1419 2011 1452 2075 in

325 2121 477 2189 suburbio
494 2118 602 2187 castri
625 2117 858 2204 Strigoniensis
889 2121 923 2186 in
951 2125 1043 2205 parte
1068 2119 1244 2186 occidentis
1270 2117 1452 2199 constitute,

324 2248 423 2312 super
439 2247 505 2310 qua
519 2249 578 2314 pro
593 2227 688 2294 uobis
705 2234 809 2294 ortum
824 2226 894 2293 fieri
910 2215 1044 2293 fecimus
1061 2233 1092 2292 et
1108 2225 1290 2314 pistrinum,
1318 2245 1377 2311 per
1392 2243 1453 2292 uos

324 2333 493 2418 assignata
509 2335 542 2400 in
559 2341 749 2420 perpetuum
765 2339 797 2400 et
813 2339 946 2420 statuta,
964 2333 1067 2401 nostri
1092 2333 1242 2418 pruilegij
1268 2334 1453 2403 testimonio

324 2442 475 2510 similiter
491 2440 674 2525 mediante,
692 2439 778 2526 quod
793 2459 828 2509 se
844 2440 965 2508 habere
982 2441 1085 2508 eciam
1101 2447 1176 2507 sunt
1192 2437 1348 2507 confessi.
1359 2439 1452 2506 Vnde

200 2564 202 2569 ’
319 2537 445 2616 ¹auditis
462 2549 607 2636 parcium
619 2549 900 2634 proposicionibus
910 2547 1094 2615 huiusmodi
1105 2547 1318 2634 decreuimus,
1328 2547 1452 2615 eisdem

324 2655 508 2724 uolentibus
522 2664 555 2724 et
570 2656 865 2742 assumpmentibus
881 2655 1059 2722 liberaliter
1075 2662 1105 2722 et
1121 2653 1280 2738 libenter3
1300 2661 1334 2722 ut
1343 2654 1378 2722 in
1387 2660 1451 2722 ter·

325 2765 412 2837 mino
429 2764 472 2830 ad
489 2765 551 2832 hoe
568 2787 588 2832 a
604 2766 698 2832 nobis
715 2765 903 2850 specialiter
928 2771 961 2831 et
986 2763 1125 2831 libenter
1150 2763 1327 2848 assignato,
1355 2755 1451 2829 ambe

323 2881 433 2958 partes
449 2871 625 2958 priuilegia
641 2879 674 2940 et
691 2871 908 2939 instrumenta
923 2893 992 2953 suc,
1009 2871 1037 2937 si
1054 2891 1115 2954 que
1125 2869 1255 2957 habent,
1272 2889 1381 2936 coram
1391 2889 1446 2934 uo-

323 2979 384 3064 bis,
400 3000 497 3066 super
511 2981 571 3046 hoo
587 2977 737 3046 conlecta
752 2979 898 3065 negocio,
927 2977 970 3045 ad
994 2979 1136 3045 inuioe'm
1160 2977 1195 3043 in
1218 2979 1324 3062 figura
1348 2977 1451 3044 nostri

321 3085 433 3172 iudicij
451 3086 650 3155 exhiberent.
668 3087 786 3154 Verum
803 3107 875 3154 oum
891 3107 949 3173 per
966 3085 1095 3155 eosdem
1121 3105 1229 3153 coram
1254 3083 1349 3152 nobis
1372 3082 1450 3150 luis·

320 3203 393 3263 sent
409 3191 523 3263 eadem
539 3193 713 3280 privilegia
728 3199 937 3278 presentata;
964 3213 1023 3262 nos
1048 3195 1230 3279 predictam
1256 3177 1379 3262 terrarn'
1399 3213 1450 3259 re-

321 3301 511 3386 collegimus
528 3308 559 3368 et
575 3298 786 3386 comperimus
803 3300 906 3367 nostri
933 3299 1098 3387 priuilegij
1125 3321 1165 3369 ex
1188 3306 1299 3368 tenore
1325 3301 1450 3370 eisdem

321 3407 476 3476 fratribus
491 3408 611 3476 nostris
627 3427 698 3476 osse
714 3407 825 3475 datam
852 3414 884 3475 et
910 3409 1061 3476 collatam
1085 3407 1119 3473 in
1144 3407 1240 3476 modo
1265 3409 1449 3494 concambij

320 3519 354 3582 et
377 3515 638 3604 permutacionis,
664 3515 937 3602 quemadmodum
963 3523 1013 3582 est
1038 3513 1243 3604 premissum,
1268 3522 1300 3582 et
1325 3537 1348 3583 a
1374 3515 1450 3584 looo

321 3621 464 3692 eiusdem
479 3625 575 3692 vinee
590 3623 902 3711 archiepiscopalis,
930 3641 1028 3708 quam
1053 3621 1138 3690 idem
1165 3623 1322 3692 Nicolaus
1348 3623 1450 3692 babet

319 3730 362 3797 ad
377 3749 511 3818 presens
527 3738 560 3800 et
575 3737 673 3816 tenet,
688 3751 747 3816 por
762 3751 914 3816 magnum
931 3731 1078 3816 spacium
1090 3737 1176 3798 terre
1192 3729 1323 3819 distare,
1341 3738 1374 3798 et
1401 3731 1449 3798 lo·

319 3857 374 3906 our
392 3857 478 3926 aree,
492 3858 552 3906 seu
568 3839 752 3926 torcularis,
769 3838 803 3904 in
829 3857 893 3921 quo
920 3843 969 3904 est
992 3837 1233 3906 reclinatorium
1258 3839 1329 3906 siue
1354 3848 1449 3924 tugu-

317 3945 412 4034 rium,
429 3947 561 4018 racione
588 3945 679 4014 ouius
695 3944 865 4031 predictas
882 3951 987 4030 terras
1012 3943 1217 4013 sessionales
1240 3945 1326 4012 idem
1352 3947 1449 4015 Nico·

317 4053 389 4119 laus
405 4050 579 4120 uendioare
606 4053 669 4120 sibi
695 4049 921 4132 contendebat,
946 4049 989 4116 sit
1012 4033 1099 4118 intra
1122 4053 1274 4120 terminos
1301 4053 1448 4122 eiusdem

315 4159 409 4225 vinee
425 4161 636 4243 constitutus3
653 4165 749 4244 prout
765 4157 869 4225 ceiam
886 4157 1049 4244 adipsum
1067 4165 1185 4226 terram
1202 4161 1446 4246 inspiciendam

259 4293 265 4308 ·
316 4265 463 4333 homines
478 4275 611 4334 nostros
627 4266 741 4333 fideles
758 4265 799 4331 de
816 4264 913 4331 domo
931 4273 1041 4333 nostra
1058 4265 1205 4334 duximus
1222 4267 1449 4358 destinandos,
1532 4351 1535 4354 y

315 4374 371 4461 qui
387 4376 484 4442 nobis
499 4378 675 4443 retulerunt
699 4373 929 4440 nichilominus
954 4374 1038 4441 illud
1063 4376 1160 4445 idem.
1184 4375 1263 4446 Ideo
1289 4397 1351 4444 nos
1377 4397 1447 4466 pre-

317 4483 438 4550 dictam
454 4490 572 4550 terram
587 4481 812 4568 sessioualem,
825 4486 971 4564 pretextu
982 4481 1072 4550 cuius
1086 4483 1127 4551 lis
1139 4481 1245 4553 fuerat
1254 4487 1446 4575 susscitata,

313 4587 435 4658 eisdem
452 4589 604 4657 fratribus
620 4589 752 4684 nostris,
767 4587 936 4675 Prepesito
952 4594 985 4654 et
1002 4588 1153 4687 Capitulo
1168 4593 1438 4664 Ecclesieuostre
