3112 5158
787 269 947 370 „Q

302 457 456 543 uilegium
475 460 596 528 domini
615 464 773 549 Stephani
789 465 888 550 Regia
904 485 967 532 uon
993 465 1218 551 cancellatum,
1244 483 1320 531 non·
1335 461 1423 530 abra·

302 585 385 648 sum,
402 587 462 636 uec
477 571 511 635 in
529 571 640 654 aliqua
666 571 717 636 sui
741 579 833 657 parte
859 572 1023 657 viciatum,
1040 571 1080 650 de
1096 573 1193 638 uerbo
1220 571 1264 638 ad
1296 572 1423 638 uerbum

301 679 508 760 presentibus
539 681 706 767 insertum,
739 685 809 749 sinc
842 683 922 749 iuris
954 682 1054 750 alieni
1086 681 1263 769 preiudicio
1294 680 1424 748 auctori·
1544 693 1545 696 ’

301 787 369 850 tate
385 785 587 867 presencium
603 789 819 854 confirmanus
838 787 976 874 duplicis
1004 788 1103 874 sigilli
1128 788 1229 856 nostri
1254 787 1425 854 munimine

305 891 500 958 roborando.
517 895 637 960 Datum
654 915 712 980 per
726 915 842 964 manus
859 895 989 962 disereti
1005 895 1066 962 viri
1092 895 1239 980 Magistri
1266 891 1425 962 Theodori

306 995 461 1068 Albensis
478 1001 625 1070 Ecclesie
640 1001 800 1088 Prepositi
818 1005 893 1072 aule
909 1009 1020 1071 nostre
1038 1002 1323 1088 Viae-Cancellarij
1351 999 1425 1066 dile·
1545 1049 1546 1098 p

302 1103 346 1169 oti
361 1113 394 1174 et
409 1108 516 1176 tidelis
532 1111 634 1177 nostri
658 1131 745 1178 auno
767 1112 898 1179 Domini
922 1110 1042 1180 M⁰GO⁰
1066 1111 1277 1196 nonagesimo
1301 1105 1425 1193 quartoi
1545 1103 1546 1158 l

305 1219 402 1281 sexto
420 1215 580 1286 kalendas
597 1219 784 1288 Decembris
800 1220 901 1305 Regni
919 1227 1027 1287 autem
1043 1222 1143 1288 nostri
1159 1240 1245 1287 auno
1262 1218 1385 1304 quinto.

310 1411 447 1469 (Eredetie
461 1411 634 1483 beirbbrtybn,
649 1419 763 1484 melyrb'l
777 1435 793 1469 a
805 1417 896 1486 kirtly
909 1421 997 1471 lrettiis
1009 1417 1184 1485 pacsttjtnek
1198 1416 1328 1471 ibredblre
1341 1412 1426 1482 uirga·

464 1511 539 1558 vbrbs
552 1506 780 1578 selyemzsinbrou
793 1509 849 1574 fug,
864 1525 880 1560 a
894 1511 944 1560 kir.
958 1511 1079 1561 kamarai
1093 1505 1288 1574 levblttrban).

308 2533 371 2602 ΙΙΙ.
389 2535 500 2600 Eredrc
515 2537 623 2622 bircilp
640 2537 819 2602 irrte'zkedilt
835 2561 916 2603 ceca
931 2537 1038 2603 illctc‘le
1055 2539 1158 2622 iruint,
1178 2535 1289 2619 melyet
1305 2557 1328 2597 a
1343 2529 1435 2618 cyril·

309 2645 424 2728 seipeti
449 2645 677 2730 apcicaozrirMa
695 2646 875 2710 udmazeclc'i
900 2669 921 2708 a
946 2647 1070 2728 birdlpi
1086 2641 1297 2709 lovcszotoak
1314 2639 1436 2706 Badais

655 2753 770 2835 fluctui
786 2755 954 2818 tortcztrrk.
972 2754 1068 2818 1294.

419 2949 485 3016 Nos
501 2948 650 3016 Andreas
667 2949 729 3015 Dei
756 2950 866 3032 gracia
889 2952 960 3015 Rex
984 2949 1151 3032 Hungarie
1176 2949 1329 3016 memorie
1352 2969 1437 3018 com-

311 3055 502 3124 mendantes
519 3054 740 3139 significamus
755 3056 936 3123 uniuersis:
951 3057 1037 3140 quod
1053 3057 1128 3122 licet
1143 3055 1228 3122 iuter·
1243 3055 1438 3141 Magistrum

311 3163 512 3249 Stephanum
529 3165 748 3231 stabularium
765 3169 909 3230 nostrum
925 3166 1115 3248 fungentem
1131 3163 1202 3232 vice
1218 3163 1343 3231 Matbci
1369 3165 1436 3231 Ma-

310 3271 401 3356 gistri
432 3273 621 3356 Agasouum
646 3279 827 3338 nostrorum
852 3279 884 3337 et
910 3271 1044 3338 Comitis
1070 3271 1279 3338 Posoniensis
1304 3289 1347 3337 ex
1373 3291 1441 3337 una

309 3386 420 3464 parte;
447 3386 479 3446 et
494 3381 628 3445 fratrem
646 3379 831 3446 iohannem
848 3386 1086 3463 procuratorem
1103 3399 1248 3446 sororum
1265 3376 1305 3447 de
1320 3379 1440 3446 Insula

312 3485 458 3569 Virginis
490 3485 639 3553 Gloriosc
664 3506 704 3553 ex
730 3486 844 3573 altera,
872 3487 1038 3554 contencio
1064 3493 1175 3554 exorta
1199 3485 1314 3554 fuisset
1339 3507 1442 3572 super

311 3591 478 3661 solucione
494 3593 589 3660 unius
605 3613 721 3680 marce,
740 3615 802 3678 que
818 3614 839 3660 a
855 3593 1033 3678 tributarijs
1049 3593 1224 3662 stabulario
1249 3599 1360 3660 nostro
1387 3593 1441 3664 de

315 3704 408 3769 betur
425 3701 514 3768 iuxta
528 3701 634 3786 Regni
651 3702 750 3769 nostri
778 3701 1051 3787 cousuetudinem,
1067 3701 1114 3767 ita
1131 3707 1167 3767 ut
1182 3701 1268 3768 idem
1278 3701 1442 3788 Magister

313 3809 499 3896 Stephanus
515 3831 536 3875 a
552 3809 732 3896 tributas-ijs
748 3808 904 3878 dictarum
922 3831 1067 3878 sororum
1083 3812 1125 3878 de
1151 3809 1263 3877 Castro
1289 3810 1441 3879 Budensi

312 3925 344 3985 et
360 3915 400 3984 dc
414 3918 500 4002 Pest,
516 3937 554 3983 ao
571 3919 806 4002 pertinentibus
824 3919 866 3986 ad
883 3921 1023 4007 cosdem,
1038 3927 1105 3987 tres
1121 3937 1247 3986 marcas
1273 3917 1338 3984 sibi
1364 3919 1443 3988 dari

309 4026 527 4112 postulasset:
542 4033 651 4094 tamen
669 4028 747 4110 quia
764 4027 911 4094 constitit
926 4029 1022 4095 nobis
1038 4049 1095 4114 per
1111 4025 1286 4113 priuilegia
1302 4033 1335 4092 et
1350 4026 1442 4094 litte-

310 4153 365 4202 ras
381 4133 542 4200 dictarum
558 4155 701 4202 sonorum
728 4136 770 4200 ab
796 4135 978 4204 illustribus
1003 4135 1148 4220 Regibus
1174 4132 1442 4221 progenitoribus

311 4242 432 4310 nostris
448 4249 608 4326 optentus,
621 4241 751 4310 nonnisi
767 4263 866 4310 unam
892 4261 1034 4309 marcam
1060 4262 1119 4328 per
1146 4241 1277 4309 eosdem
1301 4241 1444 4320 tributa·
1479 4319 1481 4324 p

311 4349 376 4418 rius
393 4348 500 4418 Casiri
515 4347 675 4418 Budensis
693 4356 725 4417 et
742 4348 782 4417 de
812 4351 888 4419 Pest
913 4352 996 4418 solui
1025 4349 1159 4418 debere:
1186 4351 1357 4418 statuimus
1386 4349 1442 4418 ‹ie-

311 4463 490 4546 cernentcs,
506 4458 592 4541 quod
608 4459 735 4526 nonnisi
751 4481 847 4526 vnam
864 4479 1006 4526 marcam
1022 4458 1173 4545 paranni
1198 4458 1353 4526 circulum
1382 4457 1444 4524 tri-

310 4565 431 4656 butarij
451 4565 610 4634 dictarum
624 4587 771 4638 sororum
787 4569 822 4638 in
840 4573 946 4638 castro
963 4567 1104 4638 Budeusi
1131 4573 1164 4638 et
1188 4567 1222 4635 iu
1247 4565 1325 4643 Pcst
1349 4568 1443 4643 exis·
