3170 5166
729 272 890 371 *aad*

246 467 404 556 quidquid
419 468 453 534 in
477 467 564 534 facto
591 464 677 535 dicte
702 471 786 534 terre
816 465 908 532 iuxta
940 465 1179 534 continenciam
1194 467 1378 534 litterarum

243 573 479 644 memorialium
493 570 632 657 predicti
664 572 800 640 Comitis
817 571 976 658 Stephani
991 579 1100 640 actum
1132 572 1248 662 fuerit,
1281 575 1377 641 nobit

242 680 442 750 rescribatis.
458 680 578 746 Datum
602 678 695 746 Bude
710 678 794 746 seria
825 679 939 763 quinta
957 677 1109 766 proxima
1134 687 1212 748 ante
1227 679 1370 748 Domini·

255 808 308 856 arn
322 787 418 858 Oculi
433 785 508 873 Mei,
523 806 609 853 anno
625 787 758 854 Domini
774 785 903 854 M⁰OGO
911 798 930 851 ⁰.

280 1001 316 1068 (A
330 1003 491 1072 pdcsvdrcdi
512 1002 688 1056 kenrentnek
702 1003 780 1055 1300.
798 999 980 1068 jelsntdsdbdl
993 1003 1064 1053 mint
1075 1001 1158 1053 alabb
1172 1003 1234 1055 270.
1246 1019 1284 1054 ss.
1302 1001 1342 1066 a.)

805 1742 880 1810 att.

247 1963 308 2027 ΙΠ.
323 1961 431 2028 Eudae
446 1960 617 2045 birdlpaclc
632 1958 780 2045 bizonpos
795 1985 816 2024 a
832 1960 955 2044 Lapat-i
979 1963 1098 2027 odrhoz
1123 1965 1242 2026 tartozo'
1259 1963 1379 2048 fb'idre

243 2069 416 2136 ooaatloozd
432 2067 615 2152 adomdaya
630 2066 694 2131 Pol
709 2089 818 2149 comeo,
833 2067 979 2132 Demeter
1003 2081 1111 2134 mester·
1135 2070 1272 2155 zdtyomi
1288 2069 1373 2154 fitia

543 2179 613 2258 peta
630 2176 784 2239 cervicosa
798 2179 958 2241 ozomdra.
975 2173 1073 2241 1300.

357 2404 426 2470 Nos
442 2401 591 2469 Andreas
606 2404 669 2470 Dei
687 2404 799 2486 gracia
824 2404 893 2468 Rex
917 2404 1088 2486 Hungarie
1112 2407 1267 2474 memorie
1292 2428 1373 2474 com·

247 2509 438 2579 mendantes
454 2516 565 2577 tenore
582 2511 789 2596 presencium
807 2511 1028 2594 significamus
1044 2512 1160 2596 quibus
1185 2513 1320 2598 expedit
1343 2521 1373 2578 et

246 2623 416 2704 presentes
426 2615 635 2685 ostendentur
645 2619 815 2703 uniuersis,
828 2618 915 2702 quod
930 2618 1007 2702 quia
1023 2617 1137 2686 Comes
1154 2621 1277 2689 Paulus
1288 2621 1374 2686 filius

247 2725 390 2792 Maoaeh
406 2725 553 2795 seruiens
571 2726 722 2810 Magistri
738 2725 894 2810 Demetrij
915 2724 1049 2792 Comitis
1065 2724 1107 2792 de
1121 2727 1236 2794 Zolnm
1263 2728 1372 2794 dilecti

247 2839 280 2899 et
304 2832 409 2900 fidelis
441 2835 541 2902 nostri
573 2832 685 2900 fideles
716 2831 888 2902 famulatus
915 2839 948 2899 et
971 2833 1127 2918 obsequia
1162 2835 1317 2919 graciosa
1340 2837 1372 2901 in

246 2939 387 3009 diuersis
405 2941 671 3027 expeditionibus
681 2943 804 3010 nostris
820 2949 852 3009 et
867 2942 973 3024 Regni
988 2942 1102 3030 nostri,
1128 2949 1161 3009 et
1187 2943 1378 3028 specialiter

246 3049 333 3116 circa
349 3069 468 3134 aquam
483 3051 575 3135 Reyn
593 3050 690 3118 simul
706 3070 777 3116 oum
795 3051 911 3116 eodem
927 3049 1085 3134 Magistro
1110 3041 1277 3116 Demetrio
1302 3071 1374 3117 oum

246 3153 402 3222 effusione
420 3154 659 3241 suisanguinis
676 3157 850 3222 cumomni
877 3156 1008 3224 feruore
1033 3156 1202 3224 fidelitatis
1229 3157 1375 3224 exhibuit

248 3267 280 3328 et
295 3260 473 3348 inpendere
489 3263 625 3350 curauit,
643 3268 678 3329 ut
694 3263 830 3332 fideliter
847 3265 894 3330 sio
910 3261 1036 3351 deuote,
1062 3263 1228 3348 quandam
1254 3271 1374 3330 terram

246 3377 394 3438 nostram
410 3369 567 3454 Regalem
584 3371 751 3458 siluosam,
769 3391 832 3456 que
847 3392 1013 3454 nunquam
1029 3375 1191 3458 populosa
1216 3371 1380 3438 hactenus

242 3477 346 3546 fuisse
363 3476 551 3566 dinoscitur,
569 3499 590 3545 a
606 3486 694 3546 terra
710 3487 823 3548 nostra
841 3478 1035 3567 Sceunyoha
1060 3479 1229 3548 nominata
1254 3478 1374 3563 excipi-

244 3585 338 3674 endo,
355 3607 452 3671 quam
470 3588 599 3672 quidem
623 3593 743 3655 terram
766 3587 884 3655 fluuius
908 3589 1047 3655 Zalatua
1073 3586 1202 3653 nomine
1227 3609 1286 3674 par
1311 3605 1376 3653 me-

243 3696 333 3762 dium
350 3697 507 3785 distingit,
525 3701 560 3762 ut
576 3695 701 3781 dieitur,
728 3697 773 3763 ad
799 3694 950 3782 predium
976 3701 1121 3762 nostrum
1147 3693 1189 3762 de
1213 3693 1374 3782 Lypthow

244 3805 470 3892 pertinentem,
487 3804 592 3871 eidem
610 3804 726 3882 Comiti
745 3803 847 3872 Paulo
864 3808 896 3869 et
910 3803 979 3870 suis
990 3801 1168 3876 heredibus
1186 3801 1334 3868 dedimus
1344 3803 1376 3866 et

243 3915 438 3981 contulimus
454 3909 610 3999 perpetuo
630 3911 862 4000 possidendam
877 3912 951 3978 sine
966 3909 1147 3997 prejudicio
1157 3909 1245 3993 juris
1263 3908 1372 3976 alieni.

238 4021 361 4090 Datum
376 4021 467 4088 Bude
483 4021 517 4088 in
530 4021 646 4106 vigilia
662 4023 868 4089 Pentecostes
883 4039 969 4086 anno
985 4017 1118 4084 Domini
1134 4015 1282 4084 Μθῡῦὒο

244 4221 382 4286 (Eredetie
395 4219 572 4288 bbrhdrtydm
586 4237 603 4274 a
615 4217 769 4288 pecsdtnelr,
793 4221 866 4286 mely
878 4217 956 4270 httul
968 4219 1024 4270 uolt
1037 4218 1090 4270 oda
1101 4233 1228 4283 nyomr,
1242 4217 1310 4268 esais
1330 4219 1374 4266 to·

430 4311 530 4366 reddire
542 4327 598 4365 ran
622 4307 687 4376 mbr,
701 4325 719 4364 a
732 4307 970 4376 Benicakyosaldd
982 4304 1191 4372 levtltcrtbanp
