3112 5158
82 1189 170 1255 Jclcos
186 1187 328 1272 epotaret
343 1187 428 1252 traete
454 1185 575 1252 Milodds
602 1185 776 1252 ecardouat'
795 1188 981 1273 pitepdkuek
995 1187 1198 1273 mepltopyju,

84 1295 155 1380 lopp
170 1295 306 1380 epylrdei
320 1295 488 1380 leuto'sdth
504 1295 581 1358 erae
596 1297 685 1380 eajdt
697 1294 839 1380 peepelti
863 1295 1065 1380 mepyejdbto
1080 1294 1197 1381 pyuke·

524 1401 619 1489 rodja
648 1404 745 1470 1293.

176 1613 346 1682 lohannes
361 1615 483 1681 Diuina
499 1613 714 1682 miseracione
740 1614 948 1700 spalatensis
974 1613 1195 1699 Archiepisco·

79 1743 139 1809 pus,
150 1723 259 1788 tocius
276 1721 456 1807 Dalmacie,
475 1721 608 1788 Croucie
624 1721 860 1806 Sclauonieque
875 1722 1002 1789 Primos
1013 1721 1195 1790 venerabili

79 1828 161 1894 fratri
179 1829 308 1895 domino
325 1824 492 1918 N(icolao)
509 1849 568 1914 per
584 1827 720 1895 eandem
738 1829 899 1913 Episcopo
916 1826 1137 1894 Scardoncnsi
1148 1847 1197 1894 sa-

78 1939 166 2004 lutem
183 1939 218 2004 in
234 1937 386 2006 Domino.
402 1937 558 2005 Testante
576 1937 676 2003 Sacro
705 1937 849 2004 Concilio
874 1957 959 2004 anno
983 1937 1137 2022 preterito
1164 1935 1199 2002 in

78 2045 202 2130 Spoleto
218 2045 392 2132 celebrato,
409 2046 578 2112 ordinasse
595 2065 634 2110 ae
650 2045 782 2112 firmiter
799 2046 983 2130 precepisse
1008 2043 1194 2132 recolimus,

77 2151 153 2236 quod
169 2152 279 2219 nullus
296 2155 574 2238 suffraganeorum
590 2159 772 2220 nostrorum
787 2153 822 2220 in
838 2151 1051 2238 preludlcium
1061 2151 1196 2220 alteriue

77 2260 218 2328 Dioccsis
235 2260 279 2326 ad
294 2280 405 2327 sacros
422 2259 552 2327 ordines
568 2280 769 2347 promouere,
796 2265 852 2326 aut
876 2259 945 2325 alia
971 2259 1197 2327 ecclesiastice

75 2375 103 2431 et
117 2369 316 2454 episcopalia
330 2375 536 2435 sacramenta
564 2367 748 2433 ministrare
773 2374 946 2453 presumat,
973 2367 1032 2434 sub
1057 2387 1142 2452 pena
1167 2368 1197 2435 D

76 2472 244 2558 librarum3
263 2473 323 2541 sed
337 2495 396 2541 sue
412 2475 558 2542 Dioccsis
576 2475 695 2542 finibus
711 2475 754 2540 sit
765 2481 943 2540 contentus.
961 2471 1053 2550 Quod
1064 2493 1196 2560 precep-

76 2587 137 2644 tum
153 2589 186 2646 ct
203 2589 270 2646 tam
286 2582 419 2649 salubre
435 2588 592 2648 statutum
607 2580 804 2648 venerabilis
821 2579 922 2647 frater
937 2587 1047 2648 uester
1058 2579 1199 2669 &bego-

75 2685 151 2773 rius)
167 2688 229 2754 Dei
241 2689 594 2773 graciaTraguriensis
610 2689 791 2774 Episcopus
802 2687 835 2752 in
845 2687 928 2756 festo
937 2687 1031 2754 Beati
1041 2690 1196 2778 Dompnij

72 2795 273 2876 presentibus
290 2797 411 2863 nostris
427 2797 653 2883 suffraganeis,
669 2799 702 2864 in
718 2797 870 2865 uniuerso
897 2795 993 2862 Olero
1018 2816 1074 2862 ros
1101 2796 1196 2862 inire

69 2901 154 2985 gisse
172 2904 319 2986 grauiter
336 2904 430 2970 nobis
448 2913 497 2971 est
514 2912 725 2989 conquestus;
762 2904 882 2992 diceus,
900 2924 958 2972 voe
970 2904 1197 2972 Sibeuicenses

69 3010 200 3076 ciericos
218 3011 262 3076 ad
278 3031 390 3078 sacros
408 3012 540 3078 ordines
552 3011 765 3098 promouisse,
776 3033 814 3078 ac
826 3011 872 3078 cis
883 3011 1000 3077 crisma
1011 3011 1197 3094 contulisse,

68 3135 208 3184 necnon
225 3118 390 3202 baptisma
406 3119 623 3203 paruulorum,
642 3139 681 3184 ac
711 3117 777 3186 alia
808 3123 1016 3184 sacramenta
1047 3117 1196 3183 ecclesio·

65 3225 142 3292 stica
159 3231 194 3292 et
204 3226 409 3311 episcopalia
425 3227 609 3294 celebrasse
621 3226 653 3292 in
665 3228 716 3294 sui
725 3227 937 3312 preiudieium
948 3232 981 3291 et
992 3243 1189 3310 grauemen;

62 3351 131 3396 curn
147 3329 227 3401 dieti
245 3333 352 3400 clerici
368 3334 596 3402 Sibenieeuses
613 3341 757 3402 ettotum
774 3333 957 3402 Sibeuieum
974 3333 1114 3401 subiecti
1124 3330 1190 3400 sint

62 3439 99 3503 de
113 3439 187 3506 iure
202 3439 365 3528 Episcopo
383 3449 415 3510 et
431 3441 644 3528 Episcopatui
659 3441 870 3526 Traguriensi
887 3470 893 3528 3
912 3448 1107 3508 excusantes
1134 3461 1192 3508 vos

60 3549 169 3613 omnia
187 3549 380 3634 supradicte
394 3557 505 3618 nostro
521 3552 677 3619 mandato
694 3557 725 3617 et
741 3553 932 3619 auctoritate
948 3551 1074 3619 secisse.
1099 3549 1194 3617 Hauc

61 3662 159 3720 totam
178 3677 272 3723 suam
290 3659 523 3742 querimoniam
540 3659 634 3726 nobis
659 3659 858 3745 inpingendo
876 3665 907 3724 ct
923 3666 1034 3725 contra
1050 3677 1196 3724 noscou.

59 3764 230 3849 uertendo,
249 3765 420 3849 plurimum
438 3767 542 3855 uobis,
558 3767 637 3850 quin
660 3766 772 3854 pocius
789 3765 1033 3852 supramodum
1050 3765 1197 3833 debitum

59 3873 167 3939 extitit
202 3873 340 3940 infestus
372 3881 405 3938 et
435 3875 602 3964 molestus,
629 3881 783 3960 tanquam
808 3877 949 3959 grauiter
974 3874 1140 3942 sauciatus
1166 3881 1198 3943 et

56 3981 215 4048 afflictus.
233 3981 316 4049 Etsi
331 3983 414 4048 bene
439 3981 592 4068 recolitis,
620 4003 692 4049 curn
717 4003 822 4070 nuper
848 3983 883 4049 in
909 3983 1065 4050 societate
1089 3983 1185 4050 Pauli

55 4087 136 4157 Beni
155 4090 207 4157 ad
223 4111 283 4158 nos
300 4091 497 4176 accessistis,
516 4113 613 4177 super
630 4091 745 4160 eodem
762 4091 849 4161 laeto
866 4111 933 4158 non
949 4093 1052 4159 solum
1070 4113 1090 4158 a
1115 4094 1193 4159 Tra-

54 4197 278 4284 guriensibus,
298 4199 477 4267 sedeciam
494 4221 515 4266 a
530 4199 780 4287 Spelaleusibus
796 4198 1009 4285 grauissimas
1035 4199 1194 4264 lementa·

52 4305 179 4393 rienes,
201 4313 235 4370 et
251 4306 414 4374 terribiles
430 4308 687 4394 conquestiones,
705 4309 738 4374 in
755 4307 926 4394 presencie
951 4305 1071 4372 domini
1097 4307 1187 4373 Pote-

51 4413 145 4479 stetis
163 4413 388 4502 Spalatensis,
400 4415 583 4483 etomninm
601 4415 758 4483 nobilium
770 4415 981 4502 Spelati,non
995 4415 1119 4498 absque
1130 4433 1197 4480 ma·

48 4543 110 4604 gno
127 4523 241 4591 nostri
258 4522 367 4589 cordis
383 4523 504 4613 dolore,
523 4531 554 4590 et
571 4524 663 4588 multi
680 4523 869 4589 certaminis
885 4541 1004 4608 agone,
1022 4521 1196 4607 opprobria

46 4637 149 4706 esiam
168 4639 289 4703 contra
305 4651 365 4700 nos
383 4633 489 4719 rigide
505 4643 536 4701 et·
552 4636 642 4720 dura,
671 4651 788 4718 aspcra
815 4641 846 4700 et
873 4631 1011 4699 molesta
1039 4637 1185 4720 aprpella-
