3112 5158
801 283 960 380 „ss-

320 479 485 562 sepediete
516 477 734 564 possessionis
765 483 797 545 et
828 475 1039 564 pertinenoijs
1064 475 1236 555 uniuersis,
1268 473 1444 543 seeundum

317 585 403 666 quod
418 587 489 671 ipse
504 585 659 669 Magister
673 586 838 654 Arnoldus
855 591 888 651 et
904 584 1127 671 progenitores
1142 583 1192 651 sui
1209 583 1344 669 paoifioe
1369 603 1443 668 pos·

317 690 470 758 sederunt
485 711 587 776 nsque
603 691 707 776 modo,
718 697 875 778 perpetuo
886 697 918 758 et
927 690 1187 759 irreuooabiliter
1197 689 1440 776 possidendam.

315 793 405 872 Quas
420 797 551 882 quidem
567 797 822 882 quadringentas
838 817 964 866 mareas
979 797 1061 863 liniti
1071 797 1198 880 argenti
1222 797 1308 864 idem
1334 797 1437 880 blagi-

316 909 382 970 ster
396 903 557 971 Amoldus
574 924 645 974 enm
661 905 846 991 supradicto
862 904 1005 992 pondere
1021 905 1168 991 plenarie
1198 902 1364 972 oonfessus
1390 911 1439 971 est

317 1029 353 1078 se
368 1011 505 1099 habere3
523 1014 708 1099 reeipiendo
725 1015 954 1083 nichilominus
963 1011 1144 1081 antedictas
1171 1013 1343 1096 sexaginta
1378 1018 1442 1078 tres

317 1139 443 1186 mareas
460 1121 503 1186 ab
519 1120 643 1188 eisdem
660 1122 738 1207 filijs
755 1123 855 1189 (ialal
871 1121 905 1187 in
931 1141 1102 1206 sumpnem
1126 1119 1438 1203 quadringentarum

314 1245 492 1294 marearum
522 1227 750 1312 predictarum.
767 1230 841 1296 Tali
871 1229 956 1296 inter
974 1237 1084 1316 partes
1115 1229 1270 1312 paooione
1286 1233 1318 1294 et
1351 1225 1432 1292 obli·

318 1333 455 1416 gaoione
485 1334 609 1402 habilis
641 1343 673 1402 et
688 1335 845 1403 odientis:
872 1336 958 1419 quod
983 1338 1166 1420 quieunquo
1185 1353 1340 1418 prooessu
1365 1341 1440 1400 tem·

318 1459 431 1524 porum
456 1440 561 1528 ipsam
586 1443 826 1526 possessionem
861 1443 903 1510 ab
929 1442 1051 1510 eisdem
1083 1441 1230 1509 lboanlre
1265 1448 1296 1506 et
1326 1437 1436 1506 badin-

321 1547 373 1613 leo
399 1554 431 1612 et
445 1547 617 1614 heredibus
644 1568 753 1615 eorum
778 1556 926 1632 repetere
957 1547 1208 1634 attempteuerit,
1240 1547 1347 1614 diolns
1378 1547 1441 1613 Ma-

323 1654 425 1738 gister
459 1655 626 1722 Amoldus
658 1662 690 1721 et
722 1656 855 1722 heredes
887 1657 937 1723 sui
969 1663 1082 1723 eontra
1107 1654 1284 1739 quemlibet
1315 1653 1442 1721 eosdem

318 1763 457 1848 proprijs
482 1765 647 1830 laboribus
664 1771 696 1830 et
706 1763 855 1850 expensis
881 1765 1074 1831 tenebuntur
1091 1762 1264 1848 expedire;
1296 1761 1440 1848 proprie·

320 1875 387 1933 tate
403 1869 568 1955 sepediote
583 1871 799 1955 possessionis
814 1871 901 1956 apud
927 1869 1056 1938 eosdem
1071 1871 1253 1937 Iboankam
1280 1875 1313 1934 et
1329 1867 1439 1934 Ladiu-

320 1975 408 2041 lenm
426 1983 458 2042 et
477 1976 612 2043 heiedes
629 1977 772 2064 ipsorum
790 1978 1026 2044 innutabiliter
1052 1983 1273 2062 permanente.
1291 1977 1361 2042 Neo
1378 1995 1443 2060 pre·

317 2083 533 2169 termittimus‚
550 2085 636 2168 quod
651 2084 862 2172 vencezlaus,
886 2085 973 2151 filins
999 2085 1135 2171 Gyanur
1161 2083 1250 2168 dieti,
1268 2088 1375 2148 suaet
1390 2083 1442 2148 Ja-

320 2189 393 2256 oobi
425 2189 535 2256 fratris
562 2191 632 2276 sui,
658 2211 697 2259 ao
722 2182 859 2260 aliorum
886 2193 1104 2277 proximorum
1138 2211 1266 2257 suorum
1299 2189 1443 2272 nomine;

318 2299 394 2362 item
410 2299 562 2383 Jaoobus,
581 2297 666 2365 lilius
681 2299 817 2384 Myrkur
844 2300 931 2386 dieti,
960 2298 1112 2367 similiter
1128 2319 1187 2364 suo
1205 2305 1237 2363 et
1252 2297 1389 2363 fratrum
1404 2316 1441 2361 ao
1548 2319 1549 2350 1

318 2404 631 2486 consanguineorum
661 2426 792 2474 suorum
826 2397 954 2474 nomine
980 2405 1193 2492 personaliter
1215 2405 1441 2488 competendo,
1548 2425 1549 2440 *

318 2511 500 2578 uendioioni
516 2510 701 2583 huiusmodi
712 2535 826 2598 purum
843 2521 876 2583 et
892 2515 1022 2601 plenum
1039 2533 1230 2582 eonsensum
1248 2514 1443 2596 prebuerunt

319 2619 440 2704 pariter
456 2629 487 2686 et
502 2641 681 2690 assensum.
709 2625 747 2688 In
766 2625 859 2691 ouius
874 2624 919 2690 rei
937 2625 1123 2691 memoriam
1141 2631 1173 2689 et
1188 2627 1380 2708 perpetuam
1395 2619 1441 2683 fir·

319 2728 463 2794 mitatem
480 2735 647 2813 presentes
658 2731 876 2798 oonoessimus
886 2730 1012 2798 litteras
1032 2730 1132 2816 sigilli
1150 2731 1251 2796 nostri
1268 2725 1442 2795 munimine

319 2835 541 2919 consignatas.
552 2835 673 2905 Datum
685 2859 772 2903 anno
782 2839 912 2904 Domini
929 2837 1040 2905 ΜὉΟ0
1057 2837 1270 2921 nonagesimo
1287 2835 1437 2918 seeundo,

319 2943 418 3007 teroio
442 2943 606 3010 kalendas
636 2945 842 3029 Deoembris;
868 2945 1036 3031 Magistris
1063 2943 1245 3011 Oaraohino
1260 2943 1436 3026 Proposito,
1547 3003 1548 3028 ἒ

318 3047 488 3115 Dominioo
505 3051 655 3136 (lentore,
672 3051 774 3118 Boors
790 3053 933 3136 Leotore,
952 3051 1119 3138 Stephano
1139 3050 1283 3118 Custode
1297 3050 1439 3116 Euolesle
1547 3059 1548 3069 ¹

317 3165 426 3225 nostre
441 3159 661 3227 existentibus.

577 3319 605 3384 l
875 3321 902 3385 Β
1162 3317 1188 3384 G

320 3513 458 3576 (Ersdotle
472 3511 646 3581 bbrhlrtydn,
673 3514 826 3583 nbldsdrgn
857 3516 1084 3581 selyemzslndron
1099 3517 1183 3582 ldggb'
1197 3514 1292 3582 psosdt
1313 3517 1397 3576 alntt;
1420 3527 1435 3562 a

641 3605 724 3656 budai
736 3607 786 3658 lrlr.
798 3609 920 3658 kamarsi
931 3604 1120 3670 levdltirbon.)
