3098 5172
496 321 500 328 ’
633 363 796 476 m..

155 561 355 653 memoriam,
374 565 481 636 solent
496 567 677 654 patrocinio
693 568 872 636 litterarum
890 570 1100 659 communiri3
1125 571 1205 660 quia
1227 567 1277 646 in·

149 665 320 759 surgerent
334 675 421 761 lites,
439 682 471 743 et
485 683 637 761 regnaret
653 679 791 746 materia
807 679 995 770 jurgiorum,
1013 683 1075 751 uisi
1092 705 1140 768 ea,
1165 705 1228 770 que
1255 707 1276 752 a

148 783 242 851 nobis
258 783 491 868 condonantur,
508 803 566 868 per
582 791 726 853 eternam
742 785 853 873 scripti
878 791 1068 857 memoriam
1094 794 1275 878 reciperent

146 891 343 958 firmitatem.
370 889 511 960 Proinde
536 891 580 958 ad
605 891 830 960 uniuersorum
855 901 920 962 tam
946 898 1150 982 presencium
1176 919 1274 984 quam

150 999 330 1066 futurorum
357 999 511 1066 noticiam
536 999 650 1066 harum
681 999 767 1067 serie
791 1001 939 1069 volomus
967 1005 1156 1090 peruenire:
1186 1008 1272 1094 quod

146 1107 306 1191 Magister
321 1105 490 1192 Georgius,
506 1106 621 1200 Petras
639 1111 671 1171 et
686 1107 879 1202 Stephanus,
903 1110 962 1194 filij
989 1111 1120 1180 domiue
1144 1116 1273 1202 Memno,

146 1212 282 1280 nutricis
297 1210 434 1278 condam
446 1210 596 1280 'Ladizlai
612 1213 718 1280 inoliti
733 1215 832 1300 Regis
847 1215 1011 1303 Vngarie,
1044 1222 1199 1305 patruelis
1214 1233 1274 1292 sel·

145 1321 222 1386 licet
238 1320 403 1388 karissimi
421 1320 578 1388 consortis
594 1321 705 1407 nostri,
722 1321 764 1388 ad
781 1329 926 1390 nostram
936 1326 1128 1396 accedentes
1138 1351 1271 1416 presen-

148 1429 245 1514 ciam,
261 1428 357 1496 uobis
372 1427 539 1496 insinuare
570 1436 741 1516 curarunt,
766 1429 852 1513 quod
869 1430 956 1505 dum,
977 1433 1127 1504 domiuus
1142 1439 1224 1506 Bela
1239 1447 1272 1508 et

146 1535 345 1620 Stephanus,
361 1534 509 1603 Illustres
534 1537 640 1620 Reges
660 1536 823 1622 Vugarie,
856 1545 889 1606 et
915 1549 1080 1610 consortes
1096 1547 1270 1613 eorundem

146 1642 276 1729 piarum
301 1643 586 1728 recordaciouum,
612 1663 670 1730 pro
686 1643 837 1712 fidelibus
862 1649 1027 1734 obsequiJs
1055 1648 1197 1720 eiusdem
1215 1652 1270 1721 do-

143 1749 231 1814 mine
247 1749 402 1836 nutricis,
427 1770 491 1833 qne
516 1749 680 1816 dominam
705 1751 841 1819 Mariam
869 1753 970 1822 tiliam
996 1756 1142 1824 eiusdem
1168 1762 1269 1845 Regis

140 1856 311 1944 Stephani,
332 1863 513 1924 consortem
524 1878 615 1924 nunc
631 1858 745 1926 Karoli
765 1860 903 1928 illustris
912 1861 1012 1944 Regis
1028 1863 1150 1953 Sicilie,
1166 1873 1200 1932 et
1208 1889 1267 1953 per

142 1986 346 2050 consequens
361 1963 550 2033 Ladizlaum
568 1965 720 2032 Inclitum
736 1969 856 2052 Regem
878 1969 1021 2052 Vngarie
1029 2022 1039 2057 ,
1056 1959 1198 2058 ¹proprio
1222 1978 1268 2042 la·

139 2072 247 2139 ctauit
262 2074 370 2158 ubere,
387 2092 452 2139 non
469 2073 540 2139 sine
557 2073 607 2139 sni
623 2073 734 2158 magni
750 2074 871 2142 laboris
887 2074 1089 2163 detrtmeuto,
1106 2082 1266 2164 quasdam

140 2181 240 2268 villas
257 2179 460 2267 l'elnempty,
477 2180 722 2267 Kozepnempty
738 2185 770 2249 et
789 2180 965 2269 Olnempty
982 2192 1114 2254 vocatas
1129 2187 1268 2274 Regina·

138 2288 201 2376 les,
217 2289 252 2356 in
269 2289 431 2356 Comitatu
448 2287 489 2356 de
504 2289 577 2356 Aba
592 2289 716 2375 Wyuar
741 2289 938 2375 existentes,
954 2291 997 2357 ad
1013 2281 1209 2363 (lomit'atum
1225 2297 1267 2364 de

143 2397 258 2481 Wysol
274 2396 484 2483 pertinentes,
506 2403 746 2463 commetaueas
763 2397 906 2483 predicto
923 2406 1029 2467 castro
1045 2401 1087 2468 de
1101 2403 1175 2471 Aba
1190 2405 1267 2489 Wy·

133 2504 215 2590 aar,
232 2504 340 2572 eidem
364 2505 494 2573 domine
510 2507 626 2573 Menoe
641 2505 759 2572 nutrici
783 2505 886 2592 ipsius
902 2507 1000 2590 Regis
1025 2508 1174 2577 Ladizlai
1190 2532 1265 2579 eon·

142 2611 308 2699 tulissent,
323 2617 355 2680 et
371 2631 470 2700 super
485 2612 607 2680 eisdem
626 2611 715 2678 villis
740 2617 772 2678 et
796 2613 1058 2697 possessionibus
1082 2619 1196 2684 valida
1220 2621 1266 2686 in-

140 2723 323 2786 strumenta
338 2717 603 2804 Bele,.Stephani
620 2725 653 2784 et
663 2717 822 2804 Ladialai,
839 2718 1123 2789 Serenissimorum
1139 2727 1264 2810 Regum

138 2823 295 2910 Vugaric,
312 2844 352 2891 ae
367 2825 542 2912 priuilegia
563 2825 692 2892 domine
708 2823 811 2891 llarie
838 2829 996 2910 consortis
1012 2829 1111 2914 Regis
1126 2831 1216 2916 Bele,
1233 2840 1265 2898 et

138 2931 269 3001 domine
284 2933 466 3020 Elyzebeth
480 2933 594 3000 relicte
610 2931 708 3017 Regis
734 2932 903 3018 Stephani,
923 2941 956 3001 et
973 2934 1108 3003 domine
1123 2939 1265 3008 Isabelle

138 3043 299 3109 consortis
316 3041 464 3129 simpliter
479 3039 579 3125 Regis
596 3038 759 3124 Ladizlai,
786 3039 994 3124 habuissent;
1020 3045 1052 3106 et
1068 3043 1183 3110 eadem
1200 3045 1264 3130 pri·

136 3149 261 3234 uilegia
277 3167 333 3216 seu
361 3150 576 3216 instrumenta
590 3148 625 3214 in
642 3145 781 3214 eeclesia
796 3145 945 3212 Fratrum
960 3144 1202 3217 Predicatorum
1222 3151 1263 3218 de

139 3254 248 3322 Patok
265 3275 325 3341 per
339 3257 494 3322 Tartarus
520 3254 660 3322 fuissent
678 3259 906 3338 concremata,
933 3259 965 3319 et
988 3253 1074 3320 bona
1091 3261 1201 3323 eorum
1217 3258 1262 3323 ad

136 3363 285 3430 valorem
302 3363 552 3448 quingentarum
568 3381 750 3428 marearum
775 3359 888 3427 ablata
904 3360 1104 3446 extitissent,
1122 3369 1155 3429 et
1168 3364 1261 3432 Jaco-

134 3471 214 3536 bum
231 3471 413 3538 Plebanum
429 3469 469 3537 de
485 3468 733 3535 Patoklratrem
745 3468 897 3556 ipsorum,
914 3468 1015 3534 filium
1031 3468 1117 3536 dicte
1133 3468 1264 3540 domine

132 3579 279 3664 nutricis,
296 3585 559 3648 conseruatorem
578 3577 738 3645 dictorum
754 3573 1036 3644 instrumentorum
1054 3577 1156 3663 ijdem
1182 3581 1261 3647 Tar-

130 3688 197 3753 tari
213 3687 247 3754 in
264 3706 375 3755 eorum
399 3685 591 3772 captiuitatc
616 3684 851 3769 abduxissent;
878 3685 1015 3771 petendo
1039 3686 1170 3754 anobis
1187 3706 1260 3753 eam

132 3796 310 3884 instancia,
327 3802 362 3862 vt
386 3815 446 3862 nos
470 3793 666 3861 collusiones
691 3793 848 3862 dictorum
874 3795 999 3878 Regem
1015 3799 1047 3860 et
1061 3795 1259 3879 Reginorum

128 3907 308 3974 illustrium
319 3903 489 3988 ratificare,
505 3902 671 3990 innouare,
689 3911 720 3970 et
735 3909 845 3971 nostro
856 3902 1064 3987 dignaremur
1074 3904 1261 3990 priuilergio

128 4013 287 4098 Reginali
312 4013 434 4098 pietate
450 4017 482 4078 et
497 4009 743 4096 magnificencia
768 4011 971 4078 confirmare.
986 4011 1080 4080 Vnde
1095 4009 1171 4096 quia
1186 4031 1259 4078 eon·

127 4123 215 4188 stitit
239 4119 336 4190 nobis
353 4131 441 4187 certo
458 4119 581 4186 cercius
596 4138 655 4204 per
673 4117 852 4186 veridicam
861 4117 1054 4185 relacionem
1079 4121 1250 4186 venerabi-

124 4232 207 4300 lium
224 4236 355 4316 patrum
370 4224 554 4312 Lodomerij
571 4226 632 4293 Dei
649 4226 764 4310 gracia
789 4225 1035 4311 Archiepisoopi
1060 4224 1258 4310 strigonien-

125 4342 184 4422 sis,
200 4335 333 4403 Andree
350 4355 408 4420 per
424 4334 559 4402 eandem
578 4333 731 4418 Episcopi
747 4332 913 4417 Agricnsis
929 4331 1125 4418 Diocesani,
1152 4333 1254 4416 Magi·

124 4444 187 4512 stri
217 4441 382 4510 Theodori
407 4441 566 4528 Propositi
582 4440 748 4524 Albensis,
768 4439 937 4506 karissimi
963 4438 1122 4507 consortis
1153 4441 1254 4506 nostri

126 4553 212 4622 Vicc
226 4549 434 4636 Cancellarij,
446 4551 644 4618 acFralrum
663 4547 904 4614 Predicatorum
919 4554 952 4613 et
967 4549 1126 4616 Minorem
1143 4548 1184 4614 de
1195 4549 1255 4613 Pa·

127 4662 201 4765 tck,
217 4659 251 4728 in
265 4659 370 4730 nostri
381 4655 553 4748 presencia
562 4653 784 4735 existeucium,
793 4655 1049 4753 ipsapriuilegia
1063 4675 1120 4727 seu
1137 4654 1255 4734 instra·
