3112 5158
868 904 922 975 tt.

317 1100 383 1167 ΙΙΙ.
400 1101 512 1169 Eodre
527 1103 638 1189 ktrcty
653 1103 831 1188 meyerttrz'ti
847 1125 868 1165 a
884 1103 1071 1187 cyrtlazc'qctt
1085 1101 1316 1184 cpdcaazrtrdc
1342 1103 1444 1188 tropei·

536 1211 596 1274 oek
612 1210 847 1294 tbroenykeztsr'
862 1208 1097 1293 azabcdatyoit.
1117 1211 1216 1274 1293.

420 1404 487 1472 Nos
503 1403 650 1472 Andreas
674 1403 736 1472 Dei
752 1404 866 1490 gracia
892 1405 960 1472 Rex
986 1402 1152 1486 Hungarie
1178 1401 1331 1468 memorie
1356 1423 1440 1470 eom·

312 1509 504 1578 mendantes
519 1512 742 1596 significamus
759 1511 874 1596 quibus
891 1511 1024 1596 expedit
1049 1511 1220 1591 vninersis‚
1248 1510 1337 1594 qnod
1363 1510 1440 1575 Fra-

313 1625 379 1686 tres
394 1617 620 1686 Predicatores
636 1619 784 1686 Eccleeie
800 1621 902 1686 Beate
927 1617 1070 1701 Virginis
1088 1617 1235 1686 Gloriose
1260 1617 1302 1683 de
1329 1615 1441 1684 Insula

311 1725 355 1793 ad
369 1733 514 1794 nostram
531 1725 725 1794 accedentes
741 1725 944 1812 presenciam
962 1725 1177 1794 exhibuerunt
1193 1725 1287 1793 nobie
1312 1726 1442 1793 litteras

313 1833 435 1899 domini
466 1833 613 1901 Ladiziai
638 1833 805 1902 karissimi
834 1831 942 1899 fratris
969 1833 1071 1900 nostri
1096 1833 1251 1919 patruelis
1279 1839 1443 1918 patentes,

313 1941 479 2009 confectas
495 1963 593 2028 snper
608 1941 759 2008 libertate
775 1941 969 2028 populorum
986 1961 1042 2008 sen
1059 1939 1268 2024 iobagionnm
1294 1940 1442 2007 Ecclesia

314 2057 510 2136 memorate;
525 2055 682 2136 petentes,
700 2056 734 2118 nt
750 2069 810 2117 nos
827 2050 956 2118 easdem
988 2057 1079 2116 ratas
1106 2049 1235 2137 habere,
1263 2057 1296 2116 et
1320 2049 1443 2116 nostris

317 2155 526 2239 dignaremur
557 2155 677 2223 litteris
702 2157 891 2241 patentibus
917 2157 1114 2223 confirmare.
1141 2156 1287 2235 Quarum
1313 2155 1443 2240 quidem

319 2262 496 2330 litterarum
513 2270 605 2330 tenor
620 2263 696 2332 talis
712 2269 781 2330 est:

421 2370 594 2438 Ladiziaus
620 2371 659 2436 D.
685 2391 735 2454 gr.
760 2373 830 2438 Rex
862 2369 1029 2453 Hungarie
1059 2369 1118 2437 stb.
1151 2367 1364 2457 (kbvetkezik
1389 2369 1442 2436 IV.

316 2477 435 2545 Ltszlb
467 2477 645 2564 kirtlynek
662 2479 798 2547 1290-ki
813 2479 978 2564 okmtnya
993 2478 1074 2544 mint
1089 2479 1373 2564 gyujtemenyttnk
1388 2477 1443 2544 IX.
1546 2561 1547 2570 ἵ

312 2585 466 2671 vagyisa
489 2585 637 2654 mtsodik
654 2587 775 2673 folyam
793 2586 846 2653 IV.
864 2586 1040 2654 kbteteben
1056 2589 1133 2654 521.
1149 2584 1188 2674 l.)

422 2693 491 2761 Nos
507 2695 607 2778 igitur
622 2695 838 2781 peticionibus
854 2695 999 2780 ipsorum
1024 2693 1175 2761 Fratrum
1199 2692 1443 2762 Predioatorum
1546 2721 1547 2746 1

311 2799 537 2870 fauorabiliter
554 2803 715 2890 inclinati,
733 2802 822 2890 ipsas
839 2801 965 2869 litteras
981 2807 1129 2886 patentes
1147 2807 1238 2868 ratas
1266 2801 1441 2867 habuimus
1546 2809 1547 2864 t

312 2912 343 2974 et
363 2915 526 2994 acceptas,
544 2917 577 2977 et
593 2909 723 2977 easdem
741 2911 780 2977 de
796 2912 894 2977 uerbo
910 2909 953 2975 ad
970 2911 1104 2976 uerbum
1121 2907 1326 2996 presentibus
1338 2908 1441 2975 inseri
1546 2915 1547 2950 t

317 3013 478 3104 faciendo,
496 3019 690 3084 anctoritate
706 3019 908 3104 presencium
933 3018 1083 3084 duximus
1099 3017 1348 3086 confirmandas.
1376 3018 1441 3081 Da·

311 3131 381 3190 tum
398 3122 489 3191 Bnde
505 3126 586 3190 feria
603 3132 695 3194 sexta
710 3128 859 3213 proxima
874 3133 950 3194 ante
965 3125 1190 3210 Pentecosten,
1207 3145 1293 3194 anno
1309 3123 1444 3190 Domini
1546 3211 1547 3218 ἵ

315 3229 436 3297 M⁰OO⁰
451 3235 660 3320 nonagesimo
677 3236 785 3302 tercio.
1546 3221 1547 3240 ἦ

313 3427 451 3490 (Erodetie
472 3428 646 3496 ternorcytn,
659 3428 765 3483 anton
777 3432 829 3482 oda
850 3427 1130 3497 nyomottpecsttntir
1149 3411 1278 3480 ttredtko
1301 3443 1420 3494 megrim
1436 3448 1444 3491 ς
1546 3427 1547 3488 t

617 3521 731 3572 abudsi
744 3523 795 3575 kir.
808 3523 933 3573 kamarai
945 3517 1135 3586 levtlttirbsn.)

772 3806 978 3821 „.....-.....-..
