3132 5162
636 313 677 379 41

582 405 741 414 ...w—...-

101 509 270 593 ratificare,
288 515 320 575 et
334 515 447 576 nostro
463 507 672 592 dignaremur
687 509 860 594 priuilegio
869 513 1068 579 confirmare.
1085 512 1229 590 Quorum

99 615 225 701 quidem
241 615 494 703 priuilegiomm
509 621 638 684 tenores
655 617 739 684 tales
756 623 850 684 sunt:

200 722 370 790 Elisabeth
387 724 428 788 D.
446 744 493 808 gr.
511 723 639 807 Regina
653 723 824 807 Hungarie
844 724 907 790 stb.
924 719 1140 810 (kbvetkezik
1166 727 1225 792 Er·

101 833 205 898 ruebat
222 828 442 915 kirtlynenak
470 830 607 896 raso-ki
634 829 915 916 adomtnylevele,
940 830 1023 897 mint
1046 833 1224 918 gy’djtemb·

101 937 621 1024 1111111111111111111.)
1029 923 1033 932 '

201 1045 373 1112 Elisabeth
388 1047 428 1111 D.
447 1065 495 1130 gr.
510 1044 639 1127 Regina
655 1041 820 1128 Hungarie
836 1044 898 1112 stb.
926 1043 1141 1133 (kltvetkezik
1166 1047 1221 1111 Er-

101 1155 207 1220 zsdbet
221 1153 446 1241 kirtlynenak
463 1153 600 1222 1289111
616 1158 812 1238 megerbsltb
829 1154 1004 1243 okmtnya,
1021 1157 1104 1222 mint
1130 1177 1161 1223 u.
1191 1177 1219 1224 c.
1338 1253 1340 1258 λ

104 1263 177 1328 341.
194 1257 231 1346 1)

202 1367 270 1434 Nos
311 1368 409 1452 igitur
441 1367 654 1454 peticionibus
687 1369 832 1436 eiusdem
863 1369 1010 1454 Magistri
1040 1371 1219 1439 Andronici

99 1473 254 1559 Prepositi
269 1473 536 1558 wesprimiensis
552 1473 647 1540 iustis
665 1481 697 1541 et
713 1474 868 1558 legitimis
881 1475 1103 1544 fauorabiliter
1130 1477 1219 1546 incli-

98 1585 177 1664 nate,
195 1579 342 1666 predicta
356 1580 532 1666 priuilegia
546 1579 674 1647 domino
689 1581 856 1648 Elisabeth
872 1581 995 1666 Reglne
1019 1603 1084 1649 non
1113 1603 1224 1670 suspe-
1294 1619 1299 1624 -

99 1696 156 1772 ata,
173 1707 238 1755 non
254 1689 448 1768 cancellata,
466 1708 531 1755 non
548 1691 669 1756 abrasa
695 1696 726 1756 et
751 1710 818 1757 non
843 1690 976 1776 abolita,
1002 1692 1222 1776 approbantes

101 1792 291 1862 ratificamus
307 1795 513 1881 presentibus
529 1795 628 1860 inseri
644 1795 802 1863 facientes
829 1803 862 1861 et
886 1798 1089 1882 presencium
1118 1806 1223 1880 patro-

100 1902 448 1970 oiniocommuniri.1n
465 1906 567 1970 cuius*
582 1905 630 1971 rei
654 1903 844 1971 memoriam
869 1903 1119 1986 firmitatemque
1149 1925 1223 1991 per·

98 2016 226 2096 petuam
241 2021 410 2096 presentes
427 2012 645 2080 concessimus
671 2013 797 2079 litteras
824 2012 966 2100 duplicis
992 2010 1095 2094 sigilli
1121 2012 1223 2079 nostri

97 2118 268 2186 munimine
282 2121 461 2186 roboratas.
479 2121 599 2187 Datum
616 2140 675 2204 per
691 2138 806 2187 manus
824 2119 1021 2187 venerabilis
1037 2118 1138 2203 patris
1165 2119 1219 2186 do-

98 2225 176 2291 mini
191 2225 319 2292 Andree
334 2225 397 2294 Dei
414 2227 526 2310 gracia
541 2226 697 2312 Episcopi
712 2225 881 2310 Agriensis
898 2225 974 2292 aule
999 2233 1109 2292 nostre
1136 2225 1220 2293 Oan·

101 2334 224 2419 cellarij
239 2333 348 2402 fidelis
365 2333 477 2420 nostri,
493 2354 581 2401 anno
595 2334 726 2402 Domini
743 2333 863 2404 ΜῡΟΟο
878 2333 1091 2419 nonagesimo
1106 2333 1220 2421 primo.

98 2529 232 2594 (Eredetie
245 2529 421 2599 bdrlrrirtydn,
434 2531 547 2598 melyrdl
561 2532 682 2600 apecsct
704 2530 1041 2600 uirga-abld-ibolyasainli
1067 2531 1223 2600 selyemasi·

268 2621 354 2674 adron
366 2623 485 2689 lliggbtt,
498 2639 515 2675 a
529 2619 681 2689 vesaprdmi
693 2619 827 2690 lrtptalan
842 2619 1050 2688 ravslttraoan.)

552 2903 765 2913 ——m--ae

568 3441 571 3445 ’
625 3435 681 3503 cl.

89 3634 150 3697 IV.
177 3634 296 3702 Milolc's
315 3635 527 3722 pcipoddaos
543 3633 1073 3720 1111111111111111111111111111
1096 3632 1217 3716 jadraa'

523 3741 676 3807 c‘rceknelc.
695 3743 781 3807 1291
787 3791 793 3805 .
892 3755 893 3760 ’

198 3939 356 4007 Nicolaus
372 3958 486 4006 servus
502 3957 668 4006 serrorum
685 3937 747 4004 Dei
762 3935 944 4003 venerabili
961 3934 1052 4002 fratri
1078 3935 1221 4003 dobanni

87 4046 345 4132 Archicpiscopo
355 4045 507 4113 Jadrensi
523 4047 662 4113 salntem
680 4048 711 4111 et
721 4041 1221 4129 Apostolicambenedictionem.

84 4153 364 4224 1111111111
391 4153 535 4222 Ecclesia
555 4153 701 4236 regimen
729 4153 849 4220 Divina
874 4151 1087 4238 dispositione
1112 4153 1222 4218 vocati

84 4263 174 4332 circa
192 4267 315 4330 statum
333 4261 506 4329 cuiuslibet
521 4263 625 4328 aciem
652 4259 790 4328 sollicite
817 4260 1083 4329 considerationis
1111 4267 1220 4327 exten·

84 4369 205 4458 dimus,
224 4368 397 4456 pastoralis
414 4377 525 4455 partes
543 4368 645 4436 officii
662 4368 851 4455 vigilantius
877 4367 1078 4453 adhibentes,
1097 4373 1133 4434 ut
1160 4368 1220 4434 Ec·

84 4478 183 4548 clesie
202 4476 334 4562 singule
349 4498 371 4544 a
385 4478 567 4562 pastoribus
584 4479 804 4561 gubernentur
813 4475 961 4561 ydoneis,
982 4481 1014 4542 ct
1029 4474 1219 4543 Rectoribus

83 4587 223 4656 utilibus
240 4585 465 4671 disponantur.
482 4585 610 4656 Dudum
628 4583 790 4672 siqnidem
816 4581 968 4652 Jadrensi
993 4581 1140 4650 Ecclesia
1165 4601 1223 4668 per
