3120 5172
824 265 985 368 Q

342 465 432 533 Ohen
447 466 578 534 homine
594 463 716 532 domini
731 463 841 546 Regis,
852 471 885 530 et
894 463 1021 549 ydoneo
1032 461 1219 530 testimonio
1229 459 1455 529 Ornoiierorun

341 575 453 644 Sanoti
467 575 566 660 Regis
584 573 745 658 Stephani
763 573 804 639 de
821 573 985 657 Strigonio
1002 571 1208 657 presentibus
1223 570 1367 638 debeant
1379 586 1454 634 aroe-

342 683 419 750 dere
434 685 532 768 super
546 681 663 750 faeiem
680 679 824 767 prediote
840 680 1059 766 possessionis
1074 680 1197 766 Dorog,
1224 683 1257 746 et
1283 675 1455 743 oonuoostis

343 789 460 858 uioiuis
476 797 507 855 et
530 788 761 857 oommetuneis
787 788 991 855 reambulent
1016 787 1121 873 ipsam
1147 785 1407 871 possessionem,
1429 790 1454 849 et

341 896 498 966 Offioialis
513 895 689 964 earundem
704 896 908 964 dominarum
925 894 1072 980 inpediat
1088 893 1128 959 do
1143 891 1269 976 eadem,
1287 913 1351 977 que
1367 891 1451 958 luerit

342 1004 454 1092 porolo
469 1011 555 1071 terre
570 1002 748 1070 earundem
766 1002 971 1071 dominarum
987 1003 1021 1068 in
1036 1003 1150 1068 eadem
1167 1021 1239 1066 oum
1256 1001 1327 1067 suis
1352 1000 1456 1066 utilite·

343 1113 450 1196 tibus;
468 1119 499 1178 et
514 1111 647 1197 postbeo
662 1119 772 1198 partes
789 1117 908 1178 ootauo
926 1110 978 1178 die
994 1109 1266 1177 reambulnoionis
1282 1107 1369 1174 diote
1388 1115 1456 1174 terre

346 1221 577 1305 comparebunt
592 1239 701 1285 eoram
717 1218 811 1285 nobis
830 1218 1045 1303 quantitatem
1060 1225 1145 1284 terre
1160 1213 1308 1299 inpedite
1323 1235 1394 1282 oum
1404 1215 1457 1282 suis

346 1327 541 1396 utilitatibus
557 1326 591 1392 in
607 1327 724 1394 litteris
742 1325 902 1393 dictorum
919 1326 1158 1394 (inusitatorum
1175 1329 1384 1408 reportantes.
1409 1324 1460 1388 lle·

346 1441 415 1502 turn
429 1434 522 1501 Bude
537 1434 673 1520 septimo
689 1434 743 1502 die
759 1433 996 1518 quindenarum
1011 1433 1223 1504 Penteoostes
1239 1450 1327 1498 anno
1344 1429 1458 1498 Domini

351 1541 472 1610 utrobi
487 1543 696 1627 nonagesimo
713 1541 864 1627 septimo.

350 1739 384 1807 (A
398 1742 570 1794 keraaetoselr
593 1747 744 1806 esatergem
757 1739 963 1864 bonviggjbnelr
978 1741 1091 1878 3197111
1097 1737 1279 1805 jelentbsbbb'l
1305 1741 1370 1790 mint
1388 1733 1459 1787 alibi

890 1849 896 1864 .
907 1829 945 1864 su.
957 1826 982 1863 a.

884 2555 961 2624 ltu.

355 2758 404 2824 Aa
420 2760 607 2844 eezrorpomi
622 2757 838 2841 kdptalnnanlr
854 2757 1134 2844 bizonyrdpieoele,
1152 2761 1233 2842 bopp
1258 2756 1404 2824 Marozell
1424 2763 1465 2820 bb·-

355 2863 501 2930 innonat
517 2888 538 2929 o
553 2867 664 2930 bdrom
679 2865 864 2949 eanterpami
879 2864 1049 2930 tellement
1074 2886 1112 2928 az
1137 2864 1304 2931 diodondo
1326 2861 1463 2952 pyortyctk

668 2971 804 3056 ttpydben
819 2970 1053 3057 kieppezkedett.
1071 2967 1169 3036 1297.

463 3167 531 3234 Nos
546 3168 702 3250 Magister
718 3167 858 3234 Thomas
875 3163 1062 3252 Propositus
1079 3172 1111 3234 et
1128 3167 1314 3254 Capitulum
1331 3161 1462 3232 lioolesie

357 3273 589 3358 strigoniensis
619 3274 837 3359 significamus
862 3273 1023 3342 uniuersis
1050 3276 1167 3360 quibus
1193 3275 1328 3359 expedit
1353 3291 1465 3359 presen-

357 3381 442 3447 oium
464 3401 523 3467 per
547 3389 708 3450 tenorem:
743 3382 828 3466 quod
854 3381 1027 3448 Marcellus
1055 3379 1171 3448 Custos
1204 3380 1349 3448 Ecclesie
1373 3383 1468 3445 nostre

357 3488 547 3556 Ladinlaum
564 3489 754 3558 Sanctorum
772 3489 888 3557 Oosme
915 3495 946 3555 et
971 3489 1145 3574 Damyani,
1173 3488 1365 3572 Gregorium
1389 3482 1467 3552 Beati

358 3595 516 3664 Johannis
532 3599 681 3684 Apostoli
698 3605 728 3665 et
745 3597 976 3681 Euangeliste,
1004 3603 1036 3662 et
1060 3596 1265 3663 Dominioum
1291 3593 1398 3662 Sanoti
1419 3590 1468 3656 lli-

361 3703 486 3772 ebaelis
503 3703 545 3772 de
572 3706 708 3791 Koaoby
733 3705 956 3772 Ecclesiarum
982 3705 1168 3772 saeerdotes
1195 3725 1305 3771 eoram
1330 3701 1467 3785 blngistro

359 3813 511 3897 Emyrioo
528 3815 697 3899 Preposito
713 3813 859 3880 Eoolesie
876 3813 987 3880 Sanoti
1012 3814 1142 3898 Georgij
1170 3811 1212 3878 de
1236 3809 1404 3896 Strigonio,
1419 3809 1467 3873 Ar·

361 3919 551 3990 obidiaoono
577 3921 728 3988 videlieet
745 3919 944 4007 (lathedrali,
961 3921 995 3986 in
1010 3920 1149 4004 figuram
1165 3915 1276 4002 iudioij
1305 3913 1465 3994 onerando,

362 4027 429 4112 egit
445 4033 556 4095 eontra
577 4027 710 4094 eosdem
735 4029 844 4096 taliter
870 4027 1098 4114 proponendo;
1124 4033 1159 4092 ut
1183 4024 1284 4112 ijdem
1309 4021 1466 4090 Ladinlaus

361 4135 521 4220 presbiter
537 4155 557 4200 a
573 4142 710 4220 quatuor
726 4135 819 4202 annis
835 4135 969 4222 elapsis,
992 4141 1024 4201 et
1047 4133 1220 4218 Gregorius
1245 4149 1285 4197 ao
1300 4129 1471 4196 Dominious

361 4241 550 4310 saeerdotes
564 4262 586 4309 a
602 4243 697 4309 trium
712 4263 870 4310 annorum
886 4243 997 4330 spaoio
1016 4243 1205 4326 retrolapso,
1223 4238 1301 4305 illas
1327 4233 1470 4323 quantita·

361 4357 412 4417 tes
429 4369 486 4420 seu
503 4370 628 4418 mareas
655 4349 877 4438 candelarum,
904 4371 985 4436 quas
1016 4351 1111 4418 iuxta
1135 4356 1279 4416 tenorem
1304 4337 1470 4430 patenoiun

362 4458 544 4526 litterarum
559 4465 739 4526 nostrarum
756 4455 911 4528 Custodie
927 4456 1143 4546 strigoniensi
1158 4454 1241 4522 dare
1266 4451 1432 4536 debebant,
1453 4465 1470 4508 e

362 4573 507 4654 temporo
523 4567 656 4653 Matbey
681 4565 846 4649 quondam
872 4567 1023 4636 Custodia
1047 4560 1292 4650 strigoniensis,
1316 4555 1471 4645 prehabito
