3098 5172
646 312 710 376 233

113 507 154 572 ab
171 503 324 589 antiqu03
340 523 438 588 qnam
453 501 585 588 quidem
602 500 797 570 diuisionem
814 503 989 570 noluerunt
1003 503 1036 570 in
1054 509 1244 589 perpetuum

114 613 287 678 obseruare
314 619 347 676 ct
361 607 572 676 inuiolabiter
597 629 809 696 permanere;
825 609 925 694 igitur
941 631 1039 696 super
1054 611 1131 696 alijs
1148 618 1181 677 et
1196 633 1245 678 ce·

113 718 188 786 teris
205 725 312 804 terrys
329 737 387 784 scu
403 715 665 802 possessionibus
681 717 857 783 eorundem
874 723 967 784 extra
981 717 1040 783 hec
1057 717 1121 785 duo
1147 718 1244 802 priui-

113 824 234 912 uilegia
251 825 485 912 existentibus,
517 843 653 909 qnorum
668 823 802 891 uomina
826 825 891 891 iam
907 826 1147 912 exprimentum
1166 827 1243 894 item

113 953 209 1018 super
226 932 378 1017 dampnis
394 939 524 998 centum
551 938 583 996 et
609 930 849 1016 quinquaginta
865 953 1048 1000 marearum
1062 934 1096 1000 in
1113 953 1244 1020 posses·

113 1041 261 1108 sionibus
277 1037 419 1126 predicti
434 1037 583 1122 Magistri
602 1037 765 1106 iohannis
789 1039 991 1123 fratrumque
1009 1061 1151 1127 sucrum,
1165 1040 1244 1108 filio·

92 1167 182 1214 ,rum
208 1145 343 1212 comitis
375 1144 525 1211 Ladialai
557 1145 591 1208 in
608 1145 725 1230 Zelyn,
760 1141 840 1230 quas
877 1146 1017 1222 habent;
1052 1149 1129 1214 item
1144 1167 1244 1232 super

112 1253 264 1340 dampnis
281 1252 422 1319 aliarum
438 1258 569 1320 centum
586 1259 621 1318 et
638 1254 877 1337 quinquaginta
892 1273 1084 1339 marearum,
1112 1275 1193 1339 quas
1209 1255 1244 1320 in

112 1361 382 1447 possessionibus,
411 1360 445 1426 in
462 1361 559 1427 rebus
575 1367 607 1426 et
623 1361 655 1425 in
675 1363 768 1427 bouis
784 1361 934 1445 Magistri
966 1362 1115 1447 Gregorij
1133 1362 1243 1430 fratris

113 1490 223 1537 eorum
239 1468 406 1556 pannulis,
423 1473 498 1554 post
522 1467 691 1534 decessum
716 1467 861 1534 eiusdem
878 1469 912 1534 in
940 1470 1125 1555 porcionem
1141 1470 1244 1553 ipsius

111 1578 262 1660 Magistri
278 1575 438 1644 Johauuis
473 1576 673 1658 fratrumque
706 1594 837 1643 suorum
868 1575 1062 1644 debentibus
1079 1585 1112 1642 et
1127 1578 1243 1644 ceden-

111 1686 207 1773 tibus,
225 1707 285 1773 per
316 1686 449 1752 cosdem
466 1684 552 1752 filios
579 1685 729 1770 Magistri
745 1684 905 1772 Phylipus
929 1705 1032 1769 usque
1053 1685 1148 1753 modo
1164 1687 1242 1753 irro·

111 1795 199 1880 gatis
215 1801 249 1862 et
263 1793 375 1878 illatis,
392 1799 428 1860 ut
442 1792 607 1878 dicebant,
624 1793 658 1857 in
674 1794 848 1878 presencia
860 1793 980 1860 domini
996 1791 1127 1860 Andree
1142 1792 1243 1876 Regis

110 1903 326 1987 iudicumque
352 1901 448 1968 Ourie
473 1921 549 1984 sue,
574 1901 653 1966 item
678 1921 786 1969 coram
812 1902 944 1968 domina
971 1901 1110 1967 Ducissa
1139 1901 1255 1968 tocius-

110 2008 298 2096 Sclauonie,
314 2009 493 2092 Judiccque
510 2006 607 2076 Curia
632 2028 709 2094 sue,
725 2008 874 2095 partibus
890 2014 1002 2074 contra
1017 2007 1158 2075 inuicem
1178 2009 1243 2076 dis·

111 2117 318 2202 reptantibus
334 2125 366 2183 et
383 2117 510 2184 diucius
528 2117 799 2202 atterguantibus,
817 2121 996 2182 uerteretur
1015 2115 1152 2181 materia
1168 2135 1244 2199 que·

110 2226 247 2293 ationis:
278 2223 410 2290 tandem
437 2222 478 2290 de
494 2223 664 2290 uoluntate
680 2231 712 2288 et
738 2243 779 2288 ex
796 2221 1008 2306 permissione
1033 2220 1161 2289 domine
1177 2223 1243 2288 Du·

109 2333 213 2418 cisse,
232 2332 410 2398 secundum
436 2331 607 2396 arbitrium
627 2329 762 2396 Comitis
789 2326 900 2396 Ochus
926 2328 1106 2414 degenere
1129 2328 1251 2396 Buzad

109 2439 238 2508 Judicis
255 2417 349 2506 eriis
367 2438 498 2506 domine
513 2439 653 2506 Ducisse
662 2487 672 2524 ,
687 2439 832 2505 Lorandi
849 2439 1016 2523 Woyuode
1031 2438 1090 2523 filij
1107 2439 1242 2516 Thema,

108 2549 187 2614 item
206 2545 340 2613 Comitis
357 2546 525 2613 Benedicti
542 2546 599 2630 filij
616 2545 761 2628 Iuauka,
776 2544 928 2630 Magistri
945 2543 1086 2630 Geyleth
1102 2545 1158 2632 filij
1177 2547 1242 2613 Ma·

108 2655 206 2738 gistri
225 2652 411 2738 Geylethy,
436 2653 595 2720 nobilium
611 2653 653 2718 de
668 2655 815 2736 Posoga3
848 2653 928 2719 item
945 2652 1079 2719 Oomitis
1110 2653 1246 2740 Detricy

107 2767 140 2828 ct
155 2761 273 2827 fratris
298 2760 349 2828 sui
365 2759 505 2827 carnalis
520 2759 668 2846 Magistri
684 2760 788 2844 Bolug
804 2760 940 2827 Oonritis
956 2769 989 2827 et
1005 2757 1183 2827 Castellani
1201 2761 1248 2828 de

105 2867 260 2952 Posoga;
286 2869 364 2934 item
388 2867 540 2952 Magistri
566 2863 725 2953 Stephani
749 2868 806 2952 filij
824 2866 984 2934 Johannis
1012 2867 1052 2932 de
1070 2867 1191 2953 (tanay,
1210 2873 1243 2935 et

106 2975 261 3062 Magistri
284 2975 460 3061 Dominiey
491 2974 656 3060 quondam
687 2975 834 3041 Palatini
864 2973 923 3051 tilii
944 2975 1033 3040 Petri
1065 2974 1244 3058 degenere

108 3083 238 3167 Ohaak,
256 3084 459 3166 aliorumque
476 3081 616 3151 virorum
633 3082 789 3150 nobilium
815 3081 1145 3166 eomprouinoiatium‚
1164 3081 1248 3148 ami*

105 3193 214 3258 cabili
229 3189 479 3275 composicione,
504 3189 683 3274 pacificans
709 3187 920 3255 ordinacione
950 3188 1115 3255 mediante
1130 3199 1242 3274 partes

105 3297 370 3366 concordassent
386 3297 420 3363 in
443 3296 530 3362 huuc
561 3295 709 3362 modum:
741 3293 829 3376 quod
854 3294 1075 3380 prenominati
1090 3297 1240 3376 Magistri

104 3404 291 3488 Jobannes,
308 3404 468 3489 Phylipus
494 3402 680 3470 Demetrius
697 3408 729 3469 ct
744 3401 920 3468 Ladizlaus
939 3402 996 3487 filij
1016 3401 1154 3470 Comitis
1181 3404 1243 3470 La·

104 3511 211 3579 dizlai
236 3511 271 3578 in
286 3511 530 3598 presenciarum
546 3517 693 3576 astantes
710 3507 947 3576 dimidietatem
963 3529 1021 3576 scu
1037 3510 1244 3579 medietatem

104 3617 330 3706 possessionis
367 3625 399 3684 ct
429 3617 530 3684 castri
561 3615 711 3685 Nadasth
742 3625 940 3702 uocatcrnm,
965 3618 1000 3684 in
1025 3620 1185 3687 Comitatn
1201 3621 1243 3688 de

103 3725 240 3793 Thalna
257 3725 448 3792 situatorum
466 3732 498 3790 et
515 3725 748 3810 existencium,
776 3745 874 3808 quam
891 3725 1097 3794 medietatem
1112 3729 1255 3795 nomine

7 3875 10 3882 ·
101 3832 259 3917 suijuris
274 3832 317 3898 ab
334 3833 458 3900 eisdem
475 3832 552 3915 filijs
568 3831 716 3916 Magistri
730 3832 892 3919 Phylipus
922 3833 1150 3919 requirebant3
1165 3835 1243 3901 item

99 3943 190 4010 istas
206 3940 288 4007 duas
304 3948 406 4007 terras
438 3959 496 4008 seu
520 3939 744 4024 possessiones
769 3940 909 4006 Beerscn
938 3937 998 4026 (et)
1025 3941 1169 4008 Zeklcch
1189 3965 1243 4010 uo.

102 4055 203 4116 catas
218 4049 254 4114 in
269 4047 384 4114 eodem
400 4047 563 4114 comitatu
574 4045 753 4114 Tholnensi
769 4047 910 4113 situatas
927 4051 960 4114 et
975 4047 1158 4132 existentes,
1169 4069 1243 4116 cum

101 4155 260 4224 omnibns
275 4155 343 4223 suis
360 4154 576 4240 utilitatibus;
602 4155 679 4222 item
706 4154 917 4222 medietatem
932 4154 1067 4221 istarum
1084 4161 1252 4224 terrarum„

100 4283 165 4332 seu
181 4263 427 4348 possessionum
442 4260 567 4329 Zauwa
575 4313 585 4349 ,
620 4263 727 4330 Zerna
760 4270 793 4329 et
807 4261 910 4327 Borra
930 4267 1118 4327 vocatarum
1133 4263 1168 4328 in
1186 4265 1243 4331 Oo-

100 4371 226 4438 mitatu
257 4369 299 4436 de
315 4369 450 4438 Barana
472 4387 514 4434 ex
544 4369 611 4438 ista
628 4375 717 4454 parte
732 4368 824 4454 fluuij
842 4369 965 4436 Drawc
996 4369 1191 4436 situatarnm
1209 4377 1242 4436 et

100 4475 336 4563 existencium,
346 4495 421 4569 cum
431 4476 581 4546 omnibus
591 4475 659 4545 suis
668 4475 868 4545 utilitatibus
879 4475 1133 4565 etpertincucijs
1144 4499 1152 4561 ς
1163 4475 1250 4543 item,

99 4585 244 4655 totalem
253 4583 461 4652 medietatem
471 4581 580 4652 castri
595 4585 750 4668 Kcorcng
766 4582 875 4652 vocati
885 4585 971 4652 ultra
989 4583 1122 4652 fluuium
1138 4584 1253 4650 Dran·-
