3098 5172
94 1131 125 1196 A
142 1130 328 1198 leeresztecck
335 1129 514 1216 felbeooizi
528 1131 754 1216 kouocntjtnck
779 1131 1055 1217 bizoupsdplcocle,
1073 1135 1156 1220 leopy
1175 1132 1241 1197 Ze·-

97 1237 189 1303 etesi
212 1238 330 1302 Tuuca'a
346 1239 451 1302 ottoni
461 1239 583 1324 polyer
593 1237 740 1326 biaonyoa
757 1239 883 1322 aolejtt
895 1238 1149 1323 Laesae-bodan·
1158 1240 1232 1324 pot·

468 1345 595 1430 pereat
620 1346 737 1411 uacca.
755 1343 852 1410 1295.

209 1538 368 1606 Omnibus
385 1537 506 1604 Christi
522 1537 671 1606 fidelibus
697 1545 882 1623 presentem
898 1539 1052 1625 paginam
1070 1539 1230 1605 habituris

99 1647 200 1712 irater
218 1645 382 1729 Georgius
398 1645 492 1712 Prior
506 1650 538 1712 et
553 1646 741 1712 Conuentns
762 1645 1001 1712 Cruciferorum
1025 1645 1145 1712 Sancte
1160 1645 1231 1710 Tri·

95 1754 213 1820 nitatis
231 1755 272 1821 de
288 1752 413 1819 Calidis
430 1755 533 1836 Aquis
544 1753 683 1822 salutem
699 1755 732 1820 in
750 1755 893 1822 omnium
909 1757 1083 1821 saluatore.
1099 1751 1152 1817 Ad
1164 1753 1232 1818 vui-

96 1881 265 1926 ucrsorum
290 1867 355 1926 tam
384 1862 589 1946 presencium
614 1882 712 1945 quam
739 1862 919 1929 futurorum
945 1862 1100 1928 noticiam
1116 1861 1232 1926 barum

96 1970 181 2034 serie
199 1969 350 2034 uolumus
366 1967 559 2051 peruenire:
576 1970 663 2052 quod
674 1969 816 2037 Thomas
832 1970 917 2036 filins
934 1969 1059 2034 Thome
1076 1967 1154 2032 dieti
1166 1968 1231 2031 Ka·

98 2076 156 2140 bas
194 2075 238 2139 de
263 2074 390 2140 Zecbeu
417 2075 561 2141 concinis
585 2083 693 2142 noster
722 2076 762 2142 de
791 2077 912 2144 eisdem
938 2075 1092 2141 videlicet
1108 2073 1232 2139 Calidis

98 2184 213 2267 Aquis,
232 2202 340 2248 eoram
357 2184 451 2248 uobis
468 2184 682 2268 personaliter
707 2185 935 2268 eomparcudo,
952 2182 1117 2264 quandam
1133 2181 1232 2265 parti·

98 2290 205 2354 oolam
223 2288 265 2355 de
281 2289 379 2356 vinee
406 2309 484 2374 sua,
506 2290 700 2358 existentem
726 2291 759 2356 in
785 2292 1007 2374 promontorio
1024 2289 1103 2354 ville
1120 2289 1231 2356 Sancti

98 2397 217 2464 Jacobi
235 2396 268 2462 in
285 2396 418 2482 Wymal
433 2404 569 2480 vocato,
595 2398 812 2464 continentem
831 2399 894 2464 tria
908 2399 1024 2482 iugera
1039 2405 1135 2482 terre,
1151 2397 1231 2462 vici-

99 2525 174 2570 nam
192 2511 226 2570 et
244 2503 513 2570 conterminalem
525 2503 620 2570 vinee
637 2505 780 2570 eiusdem
797 2505 921 2570 Thome
937 2505 979 2569 ab
995 2522 1059 2570 uno
1074 2504 1188 2587 latere,
1200 2507 1232 2566 et

100 2613 195 2676 vineo
213 2610 349 2692 Gerung
360 2610 492 2693 pistoris
503 2609 582 2674 ciuis
600 2609 708 2676 Castri
723 2611 886 2678 Budensis
902 2632 944 2677 ex
959 2609 1036 2694 alio,
1054 2629 1125 2676 cum
1141 2615 1232 2674 terra

98 2719 223 2784 inculta
241 2717 419 2800 pertinenti
436 2717 479 2782 ad
489 2716 626 2783 eandem
636 2718 829 2801 particulam
845 2719 940 2784 vinee
957 2717 1095 2802 perium
1112 2715 1231 2780 dictum

98 2825 257 2891 Thomam
276 2821 414 2907 vendite,
442 2823 484 2888 de
499 2843 659 2889 consensu
679 2830 710 2889 et
725 2825 811 2890 bona
826 2823 995 2890 voluntate
1012 2822 1140 2891 domine
1156 2842 1229 2888 oon·

96 2935 194 3000 sortis
211 2951 281 3015 sue,
299 2934 514 3014 cognatorum
530 2949 662 2996 snorum
679 2937 711 2996 et
727 2932 869 2996 omnium
887 2931 1136 3014 generacionum
1154 2947 1229 2995 sua·

97 3061 182 3124 rum,
199 3059 276 3124 ymo
292 3039 426 3122 penitus
441 3036 531 3103 nullo
543 3038 778 3104 contradictore
789 3045 1005 3121 comparente,
1018 3058 1075 3122 pro
1091 3041 1229 3120 quatuor

97 3147 219 3211 marcis
238 3147 333 3228 plene
349 3143 469 3210 habitis
487 3150 519 3210 et
536 3144 684 3230 receptis,
703 3145 794 3210 Lazk
810 3143 851 3209 de
868 3145 978 3210 Veteri
996 3143 1099 3226 Buda,
1118 3141 1229 3206 simili-

96 3263 146 3320 ter
164 3263 198 3319 et
214 3252 463 3336 presencialiter
479 3253 669 3336 comparenti
679 3301 688 3334 ,
715 3259 747 3318 et
761 3271 821 3333 per
837 3269 909 3316 eum
926 3269 1058 3316 suorum
1074 3249 1229 3314 heredum

95 3359 343 3428 successoribus
360 3357 430 3426 iure
447 3365 604 3444 perpetuo
622 3357 924 3425 etinreuocabilitor
941 3357 1113 3424 tenendam
1131 3354 1229 3422 etha-

96 3467 240 3534 bendam
266 3463 452 3532 vendidisse
477 3471 527 3530 est
543 3465 721 3531 confessus.
748 3464 954 3530 Assuneneo
981 3464 1066 3530 idem
1084 3463 1228 3528 Thomas

94 3575 182 3641 filius
199 3575 322 3639 Thome
338 3575 445 3658 ipsum
462 3571 553 3637 Lank
579 3579 612 3638 et
627 3591 705 3639 suos
722 3571 857 3639 heredes
874 3573 916 3638 ab
933 3571 1080 3638 omnibus
1096 3569 1228 3636 racione

94 3683 187 3748 dicte
203 3680 362 3766 particule
378 3680 474 3748 vinee
490 3687 523 3746 et
540 3687 625 3748 terre
641 3679 765 3746 inculte
785 3680 959 3745 molestare
975 3697 1031 3745 sen
1047 3675 1230 3760 inquietare

92 3790 283 3856 volentibus
300 3788 440 3874 proprijs
455 3787 622 3854 laboribus
652 3794 684 3852 et
703 3787 877 3874 expensis,
893 3784 1069 3853 secundum
1086 3804 1180 3851 usum
1196 3791 1229 3850 et

93 3895 366 3965 consuetudinem
382 3898 425 3962 ab
441 3895 576 3978 antiquo
593 3893 827 3980 approbatam,
855 3893 1007 3978 expedire
1033 3898 1065 3958 et
1079 3889 1229 3958 liberare.

94 4006 132 4070 In
151 4005 246 4071 euius
259 4005 308 4070 rei
321 4002 512 4069 memoriam
523 4008 777 4086 perpetuamque
786 4001 971 4067 firmitatem
983 3999 1026 4066 ad
1034 3998 1227 4066 instanciam

93 4120 125 4178 et
141 4111 341 4199 peticionem
356 4110 504 4196 parcium
530 4115 661 4177 nostras
677 4109 900 4177 concessimus
915 4106 1039 4174 litteras
1057 4103 1157 4188 sigilli
1172 4124 1229 4170 no-

92 4221 154 4286 stri
171 4219 350 4287 munimine
366 4218 546 4286 roboratas.
563 4219 684 4284 Datum
700 4236 786 4284 anno
804 4215 933 4282 Domini
948 4214 1068 4280 ΜῦΟΟο
1084 4229 1229 4297 nonage-

93 4327 181 4394 simo
199 4326 321 4409 quinto.

92 4489 240 4556 (Ere-detis
253 4484 427 4552 borhtnytn
441 4485 557 4550 melyrb'l
570 4484 646 4537 ichen
659 4484 891 4552 selyemzsintron
904 4499 937 4536 nn
950 4481 982 4550 tp
995 4479 1089 4551 peccet
1100 4483 1169 4546 sugg
1182 4497 1190 4543 ς
1211 4491 1238 4530 ι

417 4575 502 4628 baini
520 4575 573 4629 kin.
586 4573 709 4630 samaras
721 4573 914 4642 levelttrban.)
