<?xml version="1.0" encoding="UTF-8"?>
<!DOCTYPE html PUBLIC "-//W3C//DTD XHTML 1.0 Transitional//EN"
    "http://www.w3.org/TR/xhtml1/DTD/xhtml1-transitional.dtd">
<html xmlns="http://www.w3.org/1999/xhtml" xml:lang="en" lang="en">
 <head>
  <title>
</title>
<meta http-equiv="Content-Type" content="text/html;charset=utf-8" />
  <meta name='ocr-system' content='tesseract 3.04.00' />
  <meta name='ocr-capabilities' content='ocr_page ocr_carea ocr_par ocr_line ocrx_word'/>
</head>
<body>
  <div class='ocr_page' id='page_1' title='image "./codexdiplomatic19wenzgoog_0069.png"; bbox 0 0 3132 5162; ppageno 0'>
   <div class='ocr_carea' id='block_1_1' title="bbox 544 318 702 419">
    <p class='ocr_par' dir='ltr' id='par_1_1' title="bbox 544 318 702 419">
     <span class='ocr_line' id='line_1_1' title="bbox 544 318 702 419; baseline 0.013 -1"><span class='ocrx_word' id='word_1_1' title='bbox 544 318 702 419; x_wconf 58' lang='lat'>‚35³-</span> 
     </span>
    </p>
   </div>
   <div class='ocr_carea' id='block_1_2' title="bbox 46 511 1275 4710">
    <p class='ocr_par' dir='ltr' id='par_1_2' title="bbox 66 511 1275 2002">
     <span class='ocr_line' id='line_1_2' title="bbox 68 511 1186 601; baseline 0.004 -23"><span class='ocrx_word' id='word_1_2' title='bbox 68 511 241 580; x_wconf 90' lang='lat' dir='ltr'>meritorum</span> <span class='ocrx_word' id='word_1_3' title='bbox 274 532 405 580; x_wconf 90' lang='lat' dir='ltr'>suornm</span> <span class='ocrx_word' id='word_1_4' title='bbox 431 514 633 596; x_wconf 85' lang='lat' dir='ltr'>exigenciam</span> <span class='ocrx_word' id='word_1_5' title='bbox 667 515 870 601; x_wconf 77' lang='lat' dir='ltr'>pertulisset,</span> <span class='ocrx_word' id='word_1_6' title='bbox 905 514 1186 601; x_wconf 88' lang='lat' dir='ltr'>assidentibusquc</span> 
     </span>
     <span class='ocr_line' id='line_1_3' title="bbox 66 621 1186 709; baseline 0.004 -25"><span class='ocrx_word' id='word_1_7' title='bbox 66 621 153 687; x_wconf 88' lang='lat' dir='ltr'>lateri</span> <span class='ocrx_word' id='word_1_8' title='bbox 169 629 280 688; x_wconf 91' lang='lat' dir='ltr'>nostro</span> <span class='ocrx_word' id='word_1_9' title='bbox 295 621 458 704; x_wconf 88' lang='lat' dir='ltr'>Prelatis‚</span> <span class='ocrx_word' id='word_1_10' title='bbox 479 623 682 708; x_wconf 80' lang='lat' dir='ltr'>Beronibus,</span> <span class='ocrx_word' id='word_1_11' title='bbox 710 631 743 690; x_wconf 92' lang='lat' dir='ltr'>et</span> <span class='ocrx_word' id='word_1_12' title='bbox 758 624 1007 709; x_wconf 81' lang='lat' dir='ltr'><strong>quamplurimis</strong></span> <span class='ocrx_word' id='word_1_13' title='bbox 1022 624 1186 692; x_wconf 91' lang='lat' dir='ltr'>nobilibus</span> 
     </span>
     <span class='ocr_line' id='line_1_4' title="bbox 68 729 1187 819; baseline 0.004 -25"><span class='ocrx_word' id='word_1_14' title='bbox 68 729 161 812; x_wconf 85' lang='lat' dir='ltr'>Regni</span> <span class='ocrx_word' id='word_1_15' title='bbox 178 729 288 811; x_wconf 82' lang='lat' dir='ltr'>nostri,</span> <span class='ocrx_word' id='word_1_16' title='bbox 305 730 444 814; x_wconf 88' lang='lat' dir='ltr'>prouida</span> <span class='ocrx_word' id='word_1_17' title='bbox 466 731 708 799; x_wconf 78' lang='lat' dir='ltr'>deliberacione</span> <span class='ocrx_word' id='word_1_18' title='bbox 725 739 912 819; x_wconf 89' lang='lat' dir='ltr'>pensantes,</span> <span class='ocrx_word' id='word_1_19' title='bbox 931 732 1017 816; x_wconf 88' lang='lat' dir='ltr'>quod</span> <span class='ocrx_word' id='word_1_20' title='bbox 1033 753 1111 816; x_wconf 92' lang='lat' dir='ltr'>rem,</span> <span class='ocrx_word' id='word_1_21' title='bbox 1125 753 1187 816; x_wconf 87' lang='lat' dir='ltr'>que</span> 
     </span>
     <span class='ocr_line' id='line_1_5' title="bbox 70 836 1186 926; baseline 0.004 -24"><span class='ocrx_word' id='word_1_22' title='bbox 70 837 157 922; x_wconf 87' lang='lat' dir='ltr'>culpa</span> <span class='ocrx_word' id='word_1_23' title='bbox 167 846 270 926; x_wconf 89' lang='lat' dir='ltr'>caret,</span> <span class='ocrx_word' id='word_1_24' title='bbox 281 839 313 904; x_wconf 92' lang='lat' dir='ltr'>in</span> <span class='ocrx_word' id='word_1_25' title='bbox 325 836 478 904; x_wconf 72' lang='lat' dir='ltr'>domum</span> <span class='ocrx_word' id='word_1_26' title='bbox 490 841 599 906; x_wconf 89' lang='lat' dir='ltr'>vocari</span> <span class='ocrx_word' id='word_1_27' title='bbox 609 860 674 905; x_wconf 92' lang='lat' dir='ltr'>non</span> <span class='ocrx_word' id='word_1_28' title='bbox 686 839 849 924; x_wconf 90' lang='lat' dir='ltr'>conuenit,</span> <span class='ocrx_word' id='word_1_29' title='bbox 862 847 895 907; x_wconf 90' lang='lat' dir='ltr'>et</span> <span class='ocrx_word' id='word_1_30' title='bbox 911 859 969 925; x_wconf 90' lang='lat' dir='ltr'>per</span> <span class='ocrx_word' id='word_1_31' title='bbox 985 860 1186 925; x_wconf 88' lang='lat' dir='ltr'>consequens</span> 
     </span>
     <span class='ocr_line' id='line_1_6' title="bbox 67 941 1187 1033; baseline 0.007 -25"><span class='ocrx_word' id='word_1_32' title='bbox 67 941 221 1027; x_wconf 89' lang='lat' dir='ltr'>predictus</span> <span class='ocrx_word' id='word_1_33' title='bbox 238 943 435 1013; x_wconf 86' lang='lat' dir='ltr'>venerabilis</span> <span class='ocrx_word' id='word_1_34' title='bbox 454 952 548 1029; x_wconf 89' lang='lat' dir='ltr'>pater</span> <span class='ocrx_word' id='word_1_35' title='bbox 564 946 777 1013; x_wconf 89' lang='lat' dir='ltr'>Lodomerius</span> <span class='ocrx_word' id='word_1_36' title='bbox 793 947 855 1012; x_wconf 92' lang='lat' dir='ltr'>Dei</span> <span class='ocrx_word' id='word_1_37' title='bbox 872 947 985 1031; x_wconf 87' lang='lat' dir='ltr'>gracia</span> <span class='ocrx_word' id='word_1_38' title='bbox 1003 947 1187 1033; x_wconf 83' lang='lat' dir='ltr'>Archiepis·</span> 
     </span>
     <span class='ocr_line' id='line_1_7' title="bbox 67 1052 1186 1140; baseline 0.005 -24"><span class='ocrx_word' id='word_1_39' title='bbox 67 1071 169 1138; x_wconf 89' lang='lat' dir='ltr'>copus,</span> <span class='ocrx_word' id='word_1_40' title='bbox 186 1059 218 1118; x_wconf 91' lang='lat' dir='ltr'>et</span> <span class='ocrx_word' id='word_1_41' title='bbox 228 1052 332 1138; x_wconf 89' lang='lat' dir='ltr'>ipsius</span> <span class='ocrx_word' id='word_1_42' title='bbox 342 1074 416 1121; x_wconf 91' lang='lat' dir='ltr'>cure</span> <span class='ocrx_word' id='word_1_43' title='bbox 428 1053 550 1121; x_wconf 90' lang='lat' dir='ltr'>credita</span> <span class='ocrx_word' id='word_1_44' title='bbox 559 1054 683 1121; x_wconf 85' lang='lat' dir='ltr'>Sancta</span> <span class='ocrx_word' id='word_1_45' title='bbox 699 1055 929 1140; x_wconf 74' lang='lat' dir='ltr'>strigoniensis</span> <span class='ocrx_word' id='word_1_46' title='bbox 946 1056 1105 1140; x_wconf 80' lang='lat' dir='ltr'>Ecclesia,</span> <span class='ocrx_word' id='word_1_47' title='bbox 1122 1077 1186 1122; x_wconf 92' lang='lat' dir='ltr'>ma-</span> 
     </span>
     <span class='ocr_line' id='line_1_8' title="bbox 69 1161 1188 1249; baseline 0.006 -25"><span class='ocrx_word' id='word_1_48' title='bbox 69 1168 110 1224; x_wconf 92' lang='lat' dir='ltr'>ter</span> <span class='ocrx_word' id='word_1_49' title='bbox 124 1168 246 1246; x_wconf 85' lang='lat' dir='ltr'>nostra,</span> <span class='ocrx_word' id='word_1_50' title='bbox 265 1161 331 1245; x_wconf 89' lang='lat' dir='ltr'>legi</span> <span class='ocrx_word' id='word_1_51' title='bbox 342 1161 488 1247; x_wconf 89' lang='lat' dir='ltr'>predicte</span> <span class='ocrx_word' id='word_1_52' title='bbox 509 1161 787 1248; x_wconf 85' lang='lat' dir='ltr'>compensacionis</span> <span class='ocrx_word' id='word_1_53' title='bbox 810 1165 1008 1249; x_wconf 89' lang='lat' dir='ltr'>damnorum,</span> <span class='ocrx_word' id='word_1_54' title='bbox 1035 1163 1188 1230; x_wconf 90' lang='lat' dir='ltr'>interno-</span> 
     </span>
     <span class='ocr_line' id='line_1_9' title="bbox 68 1267 1188 1357; baseline 0.004 -25"><span class='ocrx_word' id='word_1_55' title='bbox 68 1274 144 1333; x_wconf 88' lang='lat' dir='ltr'>stras</span> <span class='ocrx_word' id='word_1_56' title='bbox 155 1275 187 1332; x_wconf 91' lang='lat' dir='ltr'>et</span> <span class='ocrx_word' id='word_1_57' title='bbox 203 1267 321 1354; x_wconf 81' lang='lat' dir='ltr'>prelati</span> <span class='ocrx_word' id='word_1_58' title='bbox 336 1267 437 1337; x_wconf 90' lang='lat' dir='ltr'>Ducis</span> <span class='ocrx_word' id='word_1_59' title='bbox 447 1275 560 1354; x_wconf 88' lang='lat' dir='ltr'>terras,</span> <span class='ocrx_word' id='word_1_60' title='bbox 578 1269 730 1357; x_wconf 91' lang='lat' dir='ltr'>dominia,</span> <span class='ocrx_word' id='word_1_61' title='bbox 740 1291 797 1338; x_wconf 92' lang='lat' dir='ltr'>seu</span> <span class='ocrx_word' id='word_1_62' title='bbox 807 1271 1011 1356; x_wconf 86' lang='lat' dir='ltr'>principatus</span> <span class='ocrx_word' id='word_1_63' title='bbox 1021 1269 1188 1354; x_wconf 88' lang='lat' dir='ltr'>utriusque</span> 
     </span>
     <span class='ocr_line' id='line_1_10' title="bbox 68 1374 1191 1464; baseline 0.003 -25"><span class='ocrx_word' id='word_1_64' title='bbox 68 1374 208 1440; x_wconf 88' lang='lat' dir='ltr'>datorum</span> <span class='ocrx_word' id='word_1_65' title='bbox 217 1425 226 1460; x_wconf 95' lang='lat'>,</span> <span class='ocrx_word' id='word_1_66' title='bbox 242 1374 403 1458; x_wconf 86' lang='lat' dir='ltr'>prelibata</span> <span class='ocrx_word' id='word_1_67' title='bbox 413 1376 537 1460; x_wconf 89' lang='lat' dir='ltr'>judicio</span> <span class='ocrx_word' id='word_1_68' title='bbox 553 1377 693 1446; x_wconf 85' lang='lat' dir='ltr'>racionis</span> <span class='ocrx_word' id='word_1_69' title='bbox 711 1377 828 1444; x_wconf 89' lang='lat' dir='ltr'>subiici</span> <span class='ocrx_word' id='word_1_70' title='bbox 844 1399 909 1444; x_wconf 92' lang='lat' dir='ltr'>non</span> <span class='ocrx_word' id='word_1_71' title='bbox 939 1377 1091 1464; x_wconf 74' lang='lat' dir='ltr'>deberet,</span> <span class='ocrx_word' id='word_1_72' title='bbox 1114 1379 1191 1446; x_wconf 90' lang='lat' dir='ltr'>licet</span> 
     </span>
     <span class='ocr_line' id='line_1_11' title="bbox 68 1481 1189 1571; baseline 0.005 -25"><span class='ocrx_word' id='word_1_73' title='bbox 68 1481 146 1547; x_wconf 92' lang='lat' dir='ltr'>idem</span> <span class='ocrx_word' id='word_1_74' title='bbox 163 1483 360 1550; x_wconf 88' lang='lat' dir='ltr'>venerabilis</span> <span class='ocrx_word' id='word_1_75' title='bbox 375 1491 469 1570; x_wconf 90' lang='lat' dir='ltr'>pater</span> <span class='ocrx_word' id='word_1_76' title='bbox 484 1484 694 1552; x_wconf 89' lang='lat' dir='ltr'>Lodomerius</span> <span class='ocrx_word' id='word_1_77' title='bbox 710 1487 771 1550; x_wconf 91' lang='lat' dir='ltr'>Dei</span> <span class='ocrx_word' id='word_1_78' title='bbox 787 1487 901 1568; x_wconf 87' lang='lat' dir='ltr'>gracia</span> <span class='ocrx_word' id='word_1_79' title='bbox 916 1485 1189 1571; x_wconf 84' lang='lat' dir='ltr'>Archiepiscopus</span> 
     </span>
     <span class='ocr_line' id='line_1_12' title="bbox 67 1589 1190 1677; baseline 0.004 -24"><span class='ocrx_word' id='word_1_80' title='bbox 67 1589 293 1673; x_wconf 85' lang='lat' dir='ltr'>Strigouiensis</span> <span class='ocrx_word' id='word_1_81' title='bbox 309 1590 408 1658; x_wconf 92' lang='lat' dir='ltr'>nimio</span> <span class='ocrx_word' id='word_1_82' title='bbox 434 1593 503 1658; x_wconf 84' lang='lat' dir='ltr'>zelo</span> <span class='ocrx_word' id='word_1_83' title='bbox 528 1594 619 1677; x_wconf 87' lang='lat' dir='ltr'>pacis</span> <span class='ocrx_word' id='word_1_84' title='bbox 652 1592 734 1658; x_wconf 89' lang='lat' dir='ltr'>inter</span> <span class='ocrx_word' id='word_1_85' title='bbox 759 1613 818 1660; x_wconf 90' lang='lat' dir='ltr'>nos</span> <span class='ocrx_word' id='word_1_86' title='bbox 834 1601 867 1661; x_wconf 93' lang='lat' dir='ltr'>et</span> <span class='ocrx_word' id='word_1_87' title='bbox 883 1593 1005 1660; x_wconf 91' lang='lat' dir='ltr'>dictum</span> <span class='ocrx_word' id='word_1_88' title='bbox 1020 1593 1190 1661; x_wconf 88' lang='lat' dir='ltr'>Albertum</span> 
     </span>
     <span class='ocr_line' id='line_1_13' title="bbox 67 1696 1186 1788; baseline 0.007 -28"><span class='ocrx_word' id='word_1_89' title='bbox 67 1696 183 1763; x_wconf 88' lang='lat' dir='ltr'>Ducem</span> <span class='ocrx_word' id='word_1_90' title='bbox 199 1698 470 1767; x_wconf 86' lang='lat' dir='ltr'>indissolubiliter</span> <span class='ocrx_word' id='word_1_91' title='bbox 495 1700 694 1788; x_wconf 88' lang='lat' dir='ltr'>ordinande,</span> <span class='ocrx_word' id='word_1_92' title='bbox 728 1702 882 1769; x_wconf 85' lang='lat' dir='ltr'>uniuersa</span> <span class='ocrx_word' id='word_1_93' title='bbox 906 1720 967 1768; x_wconf 88' lang='lat' dir='ltr'>sua</span> <span class='ocrx_word' id='word_1_94' title='bbox 992 1707 1024 1766; x_wconf 91' lang='lat' dir='ltr'>et</span> <span class='ocrx_word' id='word_1_95' title='bbox 1039 1701 1186 1769; x_wconf 81' lang='lat' dir='ltr'>Ecclesia</span> 
     </span>
     <span class='ocr_line' id='line_1_14' title="bbox 66 1793 1275 1895; baseline 0.005 -25"><span class='ocrx_word' id='word_1_96' title='bbox 66 1826 120 1872; x_wconf 84' lang='lat' dir='ltr'>sne</span> <span class='ocrx_word' id='word_1_97' title='bbox 136 1805 268 1892; x_wconf 87' lang='lat' dir='ltr'>damna,</span> <span class='ocrx_word' id='word_1_98' title='bbox 284 1813 317 1873; x_wconf 92' lang='lat' dir='ltr'>et</span> <span class='ocrx_word' id='word_1_99' title='bbox 336 1807 471 1874; x_wconf 87' lang='lat' dir='ltr'>iniurias</span> <span class='ocrx_word' id='word_1_100' title='bbox 483 1809 695 1893; x_wconf 86' lang='lat' dir='ltr'>equanimiter</span> <span class='ocrx_word' id='word_1_101' title='bbox 706 1808 848 1895; x_wconf 87' lang='lat' dir='ltr'>perferre</span> <span class='ocrx_word' id='word_1_102' title='bbox 865 1817 1000 1893; x_wconf 88' lang='lat' dir='ltr'>paratus</span> <span class='ocrx_word' id='word_1_103' title='bbox 1017 1814 1110 1876; x_wconf 88' lang='lat' dir='ltr'>esset.</span> <span class='ocrx_word' id='word_1_104' title='bbox 1123 1809 1191 1876; x_wconf 87' lang='lat' dir='ltr'>Nos</span> <span class='ocrx_word' id='word_1_105' title='bbox 1223 1855 1225 1860; x_wconf 82' lang='lat'><em>.</em></span> <span class='ocrx_word' id='word_1_106' title='bbox 1261 1793 1275 1804; x_wconf 73' lang='grc'><strong>’</strong></span> 
     </span>
     <span class='ocr_line' id='line_1_15' title="bbox 69 1913 1189 2002; baseline 0.004 -24"><span class='ocrx_word' id='word_1_107' title='bbox 69 1914 207 2000; x_wconf 86' lang='lat' dir='ltr'>inquam,</span> <span class='ocrx_word' id='word_1_108' title='bbox 225 1914 378 1999; x_wconf 85' lang='lat' dir='ltr'>exigente</span> <span class='ocrx_word' id='word_1_109' title='bbox 388 1916 475 2002; x_wconf 90' lang='lat' dir='ltr'>jure,</span> <span class='ocrx_word' id='word_1_110' title='bbox 493 1923 526 1982; x_wconf 89' lang='lat' dir='ltr'>et</span> <span class='ocrx_word' id='word_1_111' title='bbox 541 1917 699 1983; x_wconf 88' lang='lat' dir='ltr'>naturalis</span> <span class='ocrx_word' id='word_1_112' title='bbox 709 1916 795 2000; x_wconf 88' lang='lat' dir='ltr'>juris</span> <span class='ocrx_word' id='word_1_113' title='bbox 813 1917 956 2000; x_wconf 87' lang='lat' dir='ltr'>equitate</span> <span class='ocrx_word' id='word_1_114' title='bbox 972 1913 1138 2001; x_wconf 89' lang='lat' dir='ltr'>suadente,</span> <span class='ocrx_word' id='word_1_115' title='bbox 1154 1915 1189 1982; x_wconf 93' lang='lat' dir='ltr'>in</span> 
     </span>
    </p>

    <p class='ocr_par' dir='ltr' id='par_1_3' title="bbox 67 2024 1188 2113">
     <span class='ocr_line' id='line_1_16' title="bbox 67 2024 1188 2113; baseline 0.004 -26"><span class='ocrx_word' id='word_1_116' title='bbox 67 2024 359 2092; x_wconf 85' lang='lat' dir='ltr'>consideracionem</span> <span class='ocrx_word' id='word_1_117' title='bbox 387 2025 595 2093; x_wconf 91' lang='lat' dir='ltr'>nibilominus</span> <span class='ocrx_word' id='word_1_118' title='bbox 612 2026 820 2111; x_wconf 86' lang='lat' dir='ltr'>deducentes,</span> <span class='ocrx_word' id='word_1_119' title='bbox 837 2032 926 2113; x_wconf 89' lang='lat' dir='ltr'>quot,</span> <span class='ocrx_word' id='word_1_120' title='bbox 944 2027 1068 2111; x_wconf 87' lang='lat' dir='ltr'>quales,</span> <span class='ocrx_word' id='word_1_121' title='bbox 1088 2045 1188 2108; x_wconf 91' lang='lat' dir='ltr'>quan-</span> 
     </span>
    </p>

    <p class='ocr_par' dir='ltr' id='par_1_4' title="bbox 67 2134 1193 2220">
     <span class='ocr_line' id='line_1_17' title="bbox 67 2134 1193 2220; baseline 0.004 -27"><span class='ocrx_word' id='word_1_122' title='bbox 67 2136 362 2218; x_wconf 64' lang='lat' dir='ltr'>sequaciumque</span> <span class='ocrx_word' id='word_1_123' title='bbox 389 2134 560 2200; x_wconf 91' lang='lat' dir='ltr'>continuas</span> <span class='ocrx_word' id='word_1_124' title='bbox 577 2135 823 2220; x_wconf 88' lang='lat' dir='ltr'>persecuciones</span> <span class='ocrx_word' id='word_1_125' title='bbox 833 2185 842 2220; x_wconf 93' lang='lat'>,</span> <span class='ocrx_word' id='word_1_126' title='bbox 871 2153 969 2216; x_wconf 90' lang='lat' dir='ltr'>qnam</span> <span class='ocrx_word' id='word_1_127' title='bbox 986 2135 1145 2200; x_wconf 87' lang='lat' dir='ltr'>immensa</span> <span class='ocrx_word' id='word_1_128' title='bbox 1161 2140 1193 2198; x_wconf 94' lang='lat' dir='ltr'>et</span> 
     </span>
    </p>

    <p class='ocr_par' dir='ltr' id='par_1_5' title="bbox 66 2238 1192 2326">
     <span class='ocr_line' id='line_1_18' title="bbox 66 2238 1192 2326; baseline 0.004 -24"><span class='ocrx_word' id='word_1_129' title='bbox 66 2238 119 2302; x_wconf 81' lang='lat' dir='ltr'>rix</span> <span class='ocrx_word' id='word_1_130' title='bbox 143 2241 342 2308; x_wconf 88' lang='lat' dir='ltr'>estimabilia</span> <span class='ocrx_word' id='word_1_131' title='bbox 357 2241 478 2307; x_wconf 90' lang='lat' dir='ltr'>damna</span> <span class='ocrx_word' id='word_1_132' title='bbox 495 2243 528 2307; x_wconf 91' lang='lat' dir='ltr'>iu</span> <span class='ocrx_word' id='word_1_133' title='bbox 554 2242 814 2326; x_wconf 85' lang='lat' dir='ltr'>possessionibus</span> <span class='ocrx_word' id='word_1_134' title='bbox 830 2241 975 2308; x_wconf 80' lang='lat' dir='ltr'>Ecclesia</span> <span class='ocrx_word' id='word_1_135' title='bbox 990 2259 1047 2306; x_wconf 92' lang='lat' dir='ltr'>sue</span> <span class='ocrx_word' id='word_1_136' title='bbox 1063 2259 1192 2325; x_wconf 88' lang='lat' dir='ltr'>perpes-</span> 
     </span>
    </p>

    <p class='ocr_par' dir='ltr' id='par_1_6' title="bbox 66 2347 1189 2435">
     <span class='ocr_line' id='line_1_19' title="bbox 66 2347 1189 2435; baseline 0.003 -24"><span class='ocrx_word' id='word_1_137' title='bbox 66 2366 117 2412; x_wconf 89' lang='lat' dir='ltr'>sus</span> <span class='ocrx_word' id='word_1_138' title='bbox 135 2347 205 2434; x_wconf 84' lang='lat' dir='ltr'>fuit,</span> <span class='ocrx_word' id='word_1_139' title='bbox 223 2355 302 2432; x_wconf 86' lang='lat' dir='ltr'>quot</span> <span class='ocrx_word' id='word_1_140' title='bbox 318 2350 499 2435; x_wconf 89' lang='lat' dir='ltr'>corporalis</span> <span class='ocrx_word' id='word_1_141' title='bbox 525 2351 637 2418; x_wconf 88' lang='lat' dir='ltr'>mortis</span> <span class='ocrx_word' id='word_1_142' title='bbox 662 2350 867 2418; x_wconf 91' lang='lat' dir='ltr'>euidentibus</span> <span class='ocrx_word' id='word_1_143' title='bbox 894 2349 1047 2434; x_wconf 89' lang='lat' dir='ltr'>perieulis</span> <span class='ocrx_word' id='word_1_144' title='bbox 1063 2369 1120 2434; x_wconf 91' lang='lat' dir='ltr'>pro</span> <span class='ocrx_word' id='word_1_145' title='bbox 1137 2349 1189 2414; x_wconf 92' lang='lat' dir='ltr'>de-</span> 
     </span>
    </p>

    <p class='ocr_par' dir='ltr' id='par_1_7' title="bbox 68 2453 1193 2546">
     <span class='ocr_line' id='line_1_20' title="bbox 68 2453 1193 2546; baseline 0.005 -30"><span class='ocrx_word' id='word_1_146' title='bbox 68 2453 211 2522; x_wconf 83' lang='lat' dir='ltr'>fensione</span> <span class='ocrx_word' id='word_1_147' title='bbox 226 2455 350 2525; x_wconf 84' lang='lat' dir='ltr'>Diniae</span> <span class='ocrx_word' id='word_1_148' title='bbox 376 2459 510 2542; x_wconf 88' lang='lat' dir='ltr'>justicie</span> <span class='ocrx_word' id='word_1_149' title='bbox 522 2466 553 2526; x_wconf 91' lang='lat' dir='ltr'>ct</span> <span class='ocrx_word' id='word_1_150' title='bbox 569 2458 754 2546; x_wconf 82' lang='lat' dir='ltr'>specialiter</span> <span class='ocrx_word' id='word_1_151' title='bbox 774 2458 859 2543; x_wconf 88' lang='lat' dir='ltr'>juris</span> <span class='ocrx_word' id='word_1_152' title='bbox 885 2457 986 2523; x_wconf 91' lang='lat' dir='ltr'>nostri</span> <span class='ocrx_word' id='word_1_153' title='bbox 1002 2477 1037 2523; x_wconf 89' lang='lat' dir='ltr'>sc</span> <span class='ocrx_word' id='word_1_154' title='bbox 1054 2475 1193 2524; x_wconf 90' lang='lat' dir='ltr'>suorum·</span> 
     </span>
    </p>

    <p class='ocr_par' dir='ltr' id='par_1_8' title="bbox 65 2564 1192 2650">
     <span class='ocr_line' id='line_1_21' title="bbox 65 2564 1192 2650; baseline 0.001 -22"><span class='ocrx_word' id='word_1_155' title='bbox 65 2579 125 2642; x_wconf 86' lang='lat' dir='ltr'>que</span> <span class='ocrx_word' id='word_1_156' title='bbox 141 2583 300 2648; x_wconf 87' lang='lat' dir='ltr'>personas</span> <span class='ocrx_word' id='word_1_157' title='bbox 316 2565 520 2650; x_wconf 85' lang='lat' dir='ltr'>exposuerit;</span> <span class='ocrx_word' id='word_1_158' title='bbox 554 2567 589 2632; x_wconf 91' lang='lat' dir='ltr'>in</span> <span class='ocrx_word' id='word_1_159' title='bbox 616 2565 792 2646; x_wconf 85' lang='lat' dir='ltr'>aliqualem</span> <span class='ocrx_word' id='word_1_160' title='bbox 818 2564 914 2648; x_wconf 90' lang='lat' dir='ltr'>longe</span> <span class='ocrx_word' id='word_1_161' title='bbox 930 2564 1113 2631; x_wconf 81' lang='lat' dir='ltr'>inferiorem</span> <span class='ocrx_word' id='word_1_162' title='bbox 1129 2584 1192 2629; x_wconf 90' lang='lat' dir='ltr'>me-</span> 
     </span>
    </p>

    <p class='ocr_par' dir='ltr' id='par_1_9' title="bbox 63 2670 1215 2867">
     <span class='ocr_line' id='line_1_22' title="bbox 65 2670 1215 2760; baseline 0.003 -27"><span class='ocrx_word' id='word_1_163' title='bbox 65 2670 197 2736; x_wconf 91' lang='lat' dir='ltr'>ritorum</span> <span class='ocrx_word' id='word_1_164' title='bbox 215 2691 348 2739; x_wconf 89' lang='lat' dir='ltr'>suorum</span> <span class='ocrx_word' id='word_1_165' title='bbox 358 2673 694 2760; x_wconf 87' lang='lat' dir='ltr'>recompensacionem</span> <span class='ocrx_word' id='word_1_166' title='bbox 709 2672 794 2742; x_wconf 89' lang='lat' dir='ltr'>inter</span> <span class='ocrx_word' id='word_1_167' title='bbox 810 2673 878 2739; x_wconf 90' lang='lat' dir='ltr'>alia</span> <span class='ocrx_word' id='word_1_168' title='bbox 894 2673 1051 2739; x_wconf 78' lang='lat' dir='ltr'>donatiuo</span> <span class='ocrx_word' id='word_1_169' title='bbox 1065 2680 1189 2758; x_wconf 86' lang='lat' dir='ltr'>nostra,</span> <span class='ocrx_word' id='word_1_170' title='bbox 1214 2720 1215 2724; x_wconf 17' lang='grc' dir='ltr'>η</span> 
     </span>
     <span class='ocr_line' id='line_1_23' title="bbox 63 2779 1194 2867; baseline 0.002 -25"><span class='ocrx_word' id='word_1_171' title='bbox 63 2797 124 2859; x_wconf 91' lang='lat' dir='ltr'>qne</span> <span class='ocrx_word' id='word_1_172' title='bbox 141 2779 287 2864; x_wconf 84' lang='lat' dir='ltr'>fecimus,</span> <span class='ocrx_word' id='word_1_173' title='bbox 306 2780 396 2847; x_wconf 89' lang='lat' dir='ltr'>etad</span> <span class='ocrx_word' id='word_1_174' title='bbox 413 2801 476 2864; x_wconf 88' lang='lat' dir='ltr'>quc</span> <span class='ocrx_word' id='word_1_175' title='bbox 493 2783 528 2848; x_wconf 93' lang='lat' dir='ltr'>in</span> <span class='ocrx_word' id='word_1_176' title='bbox 543 2787 709 2867; x_wconf 91' lang='lat' dir='ltr'>posterum</span> <span class='ocrx_word' id='word_1_177' title='bbox 725 2781 877 2848; x_wconf 84' lang='lat' dir='ltr'>facienda</span> <span class='ocrx_word' id='word_1_178' title='bbox 888 2781 1039 2866; x_wconf 82' lang='lat' dir='ltr'>exigente</span> <span class='ocrx_word' id='word_1_179' title='bbox 1049 2780 1194 2864; x_wconf 88' lang='lat' dir='ltr'>justicia,</span> 
     </span>
    </p>

    <p class='ocr_par' dir='ltr' id='par_1_10' title="bbox 63 2887 1194 2976">
     <span class='ocr_line' id='line_1_24' title="bbox 63 2887 1194 2976; baseline 0.001 -24"><span class='ocrx_word' id='word_1_180' title='bbox 63 2889 195 2970; x_wconf 88' lang='lat' dir='ltr'>publice</span> <span class='ocrx_word' id='word_1_181' title='bbox 210 2890 391 2957; x_wconf 87' lang='lat' dir='ltr'>honestatis</span> <span class='ocrx_word' id='word_1_182' title='bbox 414 2891 554 2976; x_wconf 87' lang='lat' dir='ltr'>equitate</span> <span class='ocrx_word' id='word_1_183' title='bbox 572 2890 740 2976; x_wconf 88' lang='lat' dir='ltr'>suadente,</span> <span class='ocrx_word' id='word_1_184' title='bbox 773 2896 804 2957; x_wconf 91' lang='lat' dir='ltr'>et</span> <span class='ocrx_word' id='word_1_185' title='bbox 819 2897 955 2974; x_wconf 85' lang='lat' dir='ltr'>urgente</span> <span class='ocrx_word' id='word_1_186' title='bbox 985 2887 1194 2954; x_wconf 88' lang='lat' dir='ltr'>nibilominus</span> 
     </span>
    </p>

    <p class='ocr_par' dir='ltr' id='par_1_11' title="bbox 59 2996 1195 3410">
     <span class='ocr_line' id='line_1_25' title="bbox 62 2996 1195 3083; baseline 0.004 -24"><span class='ocrx_word' id='word_1_187' title='bbox 62 2996 268 3064; x_wconf 88' lang='lat' dir='ltr'>consciencia</span> <span class='ocrx_word' id='word_1_188' title='bbox 301 3019 412 3066; x_wconf 87' lang='lat' dir='ltr'>eorum</span> <span class='ocrx_word' id='word_1_189' title='bbox 444 3009 475 3068; x_wconf 88' lang='lat' dir='ltr'>et</span> <span class='ocrx_word' id='word_1_190' title='bbox 490 3001 635 3069; x_wconf 82' lang='lat' dir='ltr'>Ecclesia</span> <span class='ocrx_word' id='word_1_191' title='bbox 667 2999 902 3083; x_wconf 83' lang='lat' dir='ltr'>Strigoniensis</span> <span class='ocrx_word' id='word_1_192' title='bbox 934 2997 1195 3080; x_wconf 84' lang='lat' dir='ltr'>recognoscimus</span> 
     </span>
     <span class='ocr_line' id='line_1_26' title="bbox 63 3105 1195 3194; baseline 0.003 -28"><span class='ocrx_word' id='word_1_193' title='bbox 63 3123 121 3170; x_wconf 90' lang='lat' dir='ltr'>uos</span> <span class='ocrx_word' id='word_1_194' title='bbox 147 3105 270 3172; x_wconf 90' lang='lat' dir='ltr'>teneri:</span> <span class='ocrx_word' id='word_1_195' title='bbox 302 3105 466 3190; x_wconf 89' lang='lat' dir='ltr'>quandam</span> <span class='ocrx_word' id='word_1_196' title='bbox 492 3106 730 3194; x_wconf 89' lang='lat' dir='ltr'>possessionem</span> <span class='ocrx_word' id='word_1_197' title='bbox 762 3114 907 3174; x_wconf 90' lang='lat' dir='ltr'>nostram</span> <span class='ocrx_word' id='word_1_198' title='bbox 932 3127 1014 3192; x_wconf 90' lang='lat' dir='ltr'>pure</span> <span class='ocrx_word' id='word_1_199' title='bbox 1038 3105 1195 3188; x_wconf 89' lang='lat' dir='ltr'>Regalem</span> 
     </span>
     <span class='ocr_line' id='line_1_27' title="bbox 60 3209 1194 3303; baseline 0 -27"><span class='ocrx_word' id='word_1_200' title='bbox 60 3211 195 3298; x_wconf 86' lang='lat' dir='ltr'>Rosnyo</span> <span class='ocrx_word' id='word_1_201' title='bbox 211 3214 328 3301; x_wconf 86' lang='lat' dir='ltr'>Banya</span> <span class='ocrx_word' id='word_1_202' title='bbox 344 3209 503 3303; x_wconf 82' lang='lat' dir='ltr'>vocatam,</span> <span class='ocrx_word' id='word_1_203' title='bbox 535 3217 600 3303; x_wconf 89' lang='lat' dir='ltr'>ipsi</span> <span class='ocrx_word' id='word_1_204' title='bbox 615 3215 872 3302; x_wconf 88' lang='lat' dir='ltr'>Arcbicpiscopo</span> <span class='ocrx_word' id='word_1_205' title='bbox 899 3215 979 3280; x_wconf 93' lang='lat' dir='ltr'>etin</span> <span class='ocrx_word' id='word_1_206' title='bbox 999 3212 1103 3300; x_wconf 90' lang='lat' dir='ltr'>ipsius</span> <span class='ocrx_word' id='word_1_207' title='bbox 1122 3232 1194 3297; x_wconf 91' lang='lat' dir='ltr'>per·</span> 
     </span>
     <span class='ocr_line' id='line_1_28' title="bbox 59 3320 1191 3410; baseline 0.001 -26"><span class='ocrx_word' id='word_1_208' title='bbox 59 3340 145 3386; x_wconf 87' lang='lat' dir='ltr'>sona</span> <span class='ocrx_word' id='word_1_209' title='bbox 164 3321 469 3408; x_wconf 69' lang='lat' dir='ltr'>archiepiscopatui</span> <span class='ocrx_word' id='word_1_210' title='bbox 484 3325 701 3408; x_wconf 84' lang='lat' dir='ltr'>Strigoniensi</span> <span class='ocrx_word' id='word_1_211' title='bbox 710 3373 719 3410; x_wconf 89' lang='lat'>,</span> <span class='ocrx_word' id='word_1_212' title='bbox 733 3344 806 3390; x_wconf 88' lang='lat' dir='ltr'>curn</span> <span class='ocrx_word' id='word_1_213' title='bbox 823 3323 972 3390; x_wconf 89' lang='lat' dir='ltr'>omnibus</span> <span class='ocrx_word' id='word_1_214' title='bbox 996 3320 1191 3388; x_wconf 82' lang='lat' dir='ltr'>utilitatibus</span> 
     </span>
    </p>

    <p class='ocr_par' dir='ltr' id='par_1_12' title="bbox 46 3429 1213 4710">
     <span class='ocr_line' id='line_1_29' title="bbox 59 3429 1196 3520; baseline 0.004 -31"><span class='ocrx_word' id='word_1_215' title='bbox 59 3433 91 3490; x_wconf 84' lang='lat' dir='ltr'>ct</span> <span class='ocrx_word' id='word_1_216' title='bbox 107 3429 323 3514; x_wconf 75' lang='lat' dir='ltr'>pertinenciJs</span> <span class='ocrx_word' id='word_1_217' title='bbox 347 3430 432 3515; x_wconf 87' lang='lat' dir='ltr'>suis,</span> <span class='ocrx_word' id='word_1_218' title='bbox 466 3448 565 3500; x_wconf 86' lang='lat' dir='ltr'>censu</span> <span class='ocrx_word' id='word_1_219' title='bbox 592 3432 718 3500; x_wconf 89' lang='lat' dir='ltr'>scilicet</span> <span class='ocrx_word' id='word_1_220' title='bbox 748 3431 899 3520; x_wconf 83' lang='lat' dir='ltr'>terragii,</span> <span class='ocrx_word' id='word_1_221' title='bbox 925 3438 1042 3496; x_wconf 90' lang='lat' dir='ltr'>octaua</span> <span class='ocrx_word' id='word_1_222' title='bbox 1068 3447 1196 3512; x_wconf 87' lang='lat' dir='ltr'>quoquc</span> 
     </span>
     <span class='ocr_line' id='line_1_30' title="bbox 57 3535 1213 3627; baseline 0.002 -27"><span class='ocrx_word' id='word_1_223' title='bbox 57 3535 181 3619; x_wconf 81' lang='lat' dir='ltr'>Regali</span> <span class='ocrx_word' id='word_1_224' title='bbox 198 3537 302 3604; x_wconf 88' lang='lat' dir='ltr'>tocius</span> <span class='ocrx_word' id='word_1_225' title='bbox 331 3540 459 3623; x_wconf 85' lang='lat' dir='ltr'>argenti</span> <span class='ocrx_word' id='word_1_226' title='bbox 491 3540 620 3627; x_wconf 87' lang='lat' dir='ltr'>sodine,</span> <span class='ocrx_word' id='word_1_227' title='bbox 653 3562 718 3626; x_wconf 90' lang='lat' dir='ltr'>qne</span> <span class='ocrx_word' id='word_1_228' title='bbox 741 3541 861 3608; x_wconf 90' lang='lat' dir='ltr'>ibidem</span> <span class='ocrx_word' id='word_1_229' title='bbox 894 3559 965 3606; x_wconf 86' lang='lat' dir='ltr'>esse</span> <span class='ocrx_word' id='word_1_230' title='bbox 981 3537 1213 3626; x_wconf 52' lang='lat' dir='ltr'>dignoscitur„</span> 
     </span>
     <span class='ocr_line' id='line_1_31' title="bbox 58 3643 1197 3736; baseline 0.002 -30"><span class='ocrx_word' id='word_1_231' title='bbox 58 3643 155 3710; x_wconf 91' lang='lat' dir='ltr'>nulla</span> <span class='ocrx_word' id='word_1_232' title='bbox 173 3645 207 3712; x_wconf 90' lang='lat' dir='ltr'>in</span> <span class='ocrx_word' id='word_1_233' title='bbox 224 3645 339 3714; x_wconf 88' lang='lat' dir='ltr'>eadem</span> <span class='ocrx_word' id='word_1_234' title='bbox 356 3648 468 3733; x_wconf 90' lang='lat' dir='ltr'>nobis,</span> <span class='ocrx_word' id='word_1_235' title='bbox 486 3649 539 3715; x_wconf 85' lang='lat' dir='ltr'>vel</span> <span class='ocrx_word' id='word_1_236' title='bbox 564 3650 685 3716; x_wconf 89' lang='lat' dir='ltr'>nostris</span> <span class='ocrx_word' id='word_1_237' title='bbox 701 3650 838 3736; x_wconf 90' lang='lat' dir='ltr'>posteris</span> <span class='ocrx_word' id='word_1_238' title='bbox 853 3653 948 3734; x_wconf 85' lang='lat' dir='ltr'>parte</span> <span class='ocrx_word' id='word_1_239' title='bbox 966 3649 1017 3714; x_wconf 88' lang='lat' dir='ltr'>vel</span> <span class='ocrx_word' id='word_1_240' title='bbox 1034 3643 1197 3732; x_wconf 87' lang='lat' dir='ltr'>particula</span> 
     </span>
     <span class='ocr_line' id='line_1_32' title="bbox 55 3753 1198 3842; baseline 0.003 -28"><span class='ocrx_word' id='word_1_241' title='bbox 55 3760 251 3838; x_wconf 75' lang='lat' dir='ltr'>reseruata,</span> <span class='ocrx_word' id='word_1_242' title='bbox 277 3763 346 3821; x_wconf 91' lang='lat' dir='ltr'>tum</span> <span class='ocrx_word' id='word_1_243' title='bbox 374 3755 517 3824; x_wconf 90' lang='lat' dir='ltr'>collectis</span> <span class='ocrx_word' id='word_1_244' title='bbox 543 3776 669 3841; x_wconf 89' lang='lat' dir='ltr'>quoquc</span> <span class='ocrx_word' id='word_1_245' title='bbox 694 3759 890 3842; x_wconf 88' lang='lat' dir='ltr'>Rogalibus,</span> <span class='ocrx_word' id='word_1_246' title='bbox 917 3756 1009 3821; x_wconf 87' lang='lat' dir='ltr'>iuxta</span> <span class='ocrx_word' id='word_1_247' title='bbox 1024 3753 1198 3840; x_wconf 89' lang='lat' dir='ltr'>priuilegia</span> 
     </span>
     <span class='ocr_line' id='line_1_33' title="bbox 56 3859 1198 3950; baseline 0.001 -28"><span class='ocrx_word' id='word_1_248' title='bbox 56 3859 216 3928; x_wconf 82' lang='lat' dir='ltr'>Ecclesia</span> <span class='ocrx_word' id='word_1_249' title='bbox 232 3861 466 3946; x_wconf 83' lang='lat' dir='ltr'>Strigoniensis</span> <span class='ocrx_word' id='word_1_250' title='bbox 482 3887 502 3933; x_wconf 89' lang='lat' dir='ltr'>a</span> <span class='ocrx_word' id='word_1_251' title='bbox 518 3866 637 3934; x_wconf 88' lang='lat' dir='ltr'>nostris</span> <span class='ocrx_word' id='word_1_252' title='bbox 652 3864 915 3950; x_wconf 88' lang='lat' dir='ltr'>progenitoribus</span> <span class='ocrx_word' id='word_1_253' title='bbox 932 3863 1036 3930; x_wconf 90' lang='lat' dir='ltr'>cidem</span> <span class='ocrx_word' id='word_1_254' title='bbox 1053 3860 1198 3927; x_wconf 82' lang='lat' dir='ltr'>Ecclesia</span> 
     </span>
     <span class='ocr_line' id='line_1_34' title="bbox 52 3967 1196 4055; baseline -0.003 -21"><span class='ocrx_word' id='word_1_255' title='bbox 52 3969 244 4038; x_wconf 87' lang='lat' dir='ltr'>clementer</span> <span class='ocrx_word' id='word_1_256' title='bbox 260 3971 398 4055; x_wconf 89' lang='lat' dir='ltr'>indulta,</span> <span class='ocrx_word' id='word_1_257' title='bbox 426 3977 458 4038; x_wconf 89' lang='lat' dir='ltr'>et</span> <span class='ocrx_word' id='word_1_258' title='bbox 474 3975 620 4041; x_wconf 90' lang='lat' dir='ltr'>omnibus</span> <span class='ocrx_word' id='word_1_259' title='bbox 637 3995 676 4040; x_wconf 91' lang='lat' dir='ltr'>ac</span> <span class='ocrx_word' id='word_1_260' title='bbox 690 3973 851 4040; x_wconf 84' lang='lat' dir='ltr'>uniuersis</span> <span class='ocrx_word' id='word_1_261' title='bbox 866 3971 1000 4055; x_wconf 91' lang='lat' dir='ltr'>iuribus,</span> <span class='ocrx_word' id='word_1_262' title='bbox 1015 3967 1196 4037; x_wconf 88' lang='lat' dir='ltr'>redditibus</span> 
     </span>
     <span class='ocr_line' id='line_1_35' title="bbox 54 4075 1201 4166; baseline -0.004 -23"><span class='ocrx_word' id='word_1_263' title='bbox 54 4085 85 4143; x_wconf 89' lang='lat' dir='ltr'>et</span> <span class='ocrx_word' id='word_1_264' title='bbox 102 4080 342 4166; x_wconf 87' lang='lat' dir='ltr'>proucutibus,</span> <span class='ocrx_word' id='word_1_265' title='bbox 361 4100 562 4166; x_wconf 90' lang='lat' dir='ltr'>quocumque</span> <span class='ocrx_word' id='word_1_266' title='bbox 579 4084 708 4150; x_wconf 91' lang='lat' dir='ltr'>nomine</span> <span class='ocrx_word' id='word_1_267' title='bbox 725 4085 940 4166; x_wconf 90' lang='lat' dir='ltr'>censeantur,</span> <span class='ocrx_word' id='word_1_268' title='bbox 958 4075 1150 4145; x_wconf 87' lang='lat' dir='ltr'>contulimus</span> <span class='ocrx_word' id='word_1_269' title='bbox 1169 4079 1201 4140; x_wconf 91' lang='lat' dir='ltr'>et</span> 
     </span>
     <span class='ocr_line' id='line_1_36' title="bbox 51 4183 1202 4278; baseline -0.003 -27"><span class='ocrx_word' id='word_1_270' title='bbox 51 4187 277 4270; x_wconf 85' lang='lat' dir='ltr'>conserimus,</span> <span class='ocrx_word' id='word_1_271' title='bbox 294 4189 488 4257; x_wconf 89' lang='lat' dir='ltr'>donauimus</span> <span class='ocrx_word' id='word_1_272' title='bbox 523 4197 555 4256; x_wconf 88' lang='lat' dir='ltr'>et</span> <span class='ocrx_word' id='word_1_273' title='bbox 571 4188 747 4278; x_wconf 88' lang='lat' dir='ltr'>donamus,</span> <span class='ocrx_word' id='word_1_274' title='bbox 778 4188 969 4259; x_wconf 88' lang='lat' dir='ltr'>tradidimus</span> <span class='ocrx_word' id='word_1_275' title='bbox 987 4191 1019 4253; x_wconf 90' lang='lat' dir='ltr'>ct</span> <span class='ocrx_word' id='word_1_276' title='bbox 1034 4183 1202 4264; x_wconf 88' lang='lat' dir='ltr'>tradimus,</span> 
     </span>
     <span class='ocr_line' id='line_1_37' title="bbox 50 4289 1202 4384; baseline 0 -28"><span class='ocrx_word' id='word_1_277' title='bbox 50 4291 220 4362; x_wconf 86' lang='lat' dir='ltr'>dedimus</span> <span class='ocrx_word' id='word_1_278' title='bbox 237 4303 335 4379; x_wconf 88' lang='lat' dir='ltr'>atque</span> <span class='ocrx_word' id='word_1_279' title='bbox 353 4297 468 4366; x_wconf 88' lang='lat' dir='ltr'>damus</span> <span class='ocrx_word' id='word_1_280' title='bbox 494 4299 592 4383; x_wconf 90' lang='lat' dir='ltr'>pleno</span> <span class='ocrx_word' id='word_1_281' title='bbox 616 4299 688 4365; x_wconf 92' lang='lat' dir='ltr'>iure</span> <span class='ocrx_word' id='word_1_282' title='bbox 713 4298 921 4384; x_wconf 87' lang='lat' dir='ltr'>proprietatis</span> <span class='ocrx_word' id='word_1_283' title='bbox 938 4303 970 4361; x_wconf 91' lang='lat' dir='ltr'>et</span> <span class='ocrx_word' id='word_1_284' title='bbox 985 4292 1133 4380; x_wconf 88' lang='lat' dir='ltr'>perpetui</span> <span class='ocrx_word' id='word_1_285' title='bbox 1149 4289 1202 4356; x_wconf 92' lang='lat' dir='ltr'>do-</span> 
     </span>
     <span class='ocr_line' id='line_1_38' title="bbox 48 4403 1207 4488; baseline -0.001 -22"><span class='ocrx_word' id='word_1_286' title='bbox 48 4403 148 4488; x_wconf 88' lang='lat' dir='ltr'>minij</span> <span class='ocrx_word' id='word_1_287' title='bbox 168 4404 411 4488; x_wconf 88' lang='lat' dir='ltr'>possidendam</span> <span class='ocrx_word' id='word_1_288' title='bbox 422 4407 678 4476; x_wconf 80' lang='lat' dir='ltr'>irrecusabiliter</span> <span class='ocrx_word' id='word_1_289' title='bbox 688 4413 720 4474; x_wconf 90' lang='lat' dir='ltr'>et</span> <span class='ocrx_word' id='word_1_290' title='bbox 729 4406 921 4474; x_wconf 88' lang='lat' dir='ltr'>habendam.</span> <span class='ocrx_word' id='word_1_291' title='bbox 932 4407 970 4473; x_wconf 91' lang='lat' dir='ltr'>In</span> <span class='ocrx_word' id='word_1_292' title='bbox 981 4406 1073 4472; x_wconf 90' lang='lat' dir='ltr'>euius</span> <span class='ocrx_word' id='word_1_293' title='bbox 1084 4403 1131 4470; x_wconf 88' lang='lat' dir='ltr'>rei</span> <span class='ocrx_word' id='word_1_294' title='bbox 1141 4420 1207 4466; x_wconf 91' lang='lat' dir='ltr'>me-</span> 
     </span>
     <span class='ocr_line' id='line_1_39' title="bbox 46 4512 1208 4602; baseline -0.003 -25"><span class='ocrx_word' id='word_1_295' title='bbox 46 4513 203 4579; x_wconf 88' lang='lat' dir='ltr'>moriam</span> <span class='ocrx_word' id='word_1_296' title='bbox 217 4519 469 4600; x_wconf 88' lang='lat' dir='ltr'>perpetuamque</span> <span class='ocrx_word' id='word_1_297' title='bbox 479 4515 660 4582; x_wconf 89' lang='lat' dir='ltr'>firmitatem</span> <span class='ocrx_word' id='word_1_298' title='bbox 671 4521 838 4602; x_wconf 88' lang='lat' dir='ltr'>presentes</span> <span class='ocrx_word' id='word_1_299' title='bbox 851 4513 1069 4582; x_wconf 87' lang='lat' dir='ltr'>concessimus</span> <span class='ocrx_word' id='word_1_300' title='bbox 1081 4512 1208 4577; x_wconf 88' lang='lat' dir='ltr'>litteras</span> 
     </span>
     <span class='ocr_line' id='line_1_40' title="bbox 47 4619 1206 4710; baseline -0.002 -26"><span class='ocrx_word' id='word_1_301' title='bbox 47 4619 211 4708; x_wconf 87' lang='lat' dir='ltr'>puplicis</span> <span class='ocrx_word' id='word_1_302' title='bbox 244 4624 344 4710; x_wconf 88' lang='lat' dir='ltr'>sigilli</span> <span class='ocrx_word' id='word_1_303' title='bbox 376 4625 478 4692; x_wconf 89' lang='lat' dir='ltr'>nostri</span> <span class='ocrx_word' id='word_1_304' title='bbox 509 4627 687 4695; x_wconf 88' lang='lat' dir='ltr'>munimine</span> <span class='ocrx_word' id='word_1_305' title='bbox 701 4626 880 4692; x_wconf 87' lang='lat' dir='ltr'>roboratas.</span> <span class='ocrx_word' id='word_1_306' title='bbox 893 4623 1013 4688; x_wconf 89' lang='lat' dir='ltr'>Datum</span> <span class='ocrx_word' id='word_1_307' title='bbox 1029 4636 1206 4708; x_wconf 89' lang='lat' dir='ltr'>permanns</span> 
     </span>
    </p>
   </div>
   <div class='ocr_carea' id='block_1_3' title="bbox 0 0 1570 5162">
    <p class='ocr_par' dir='ltr' id='par_1_13' title="bbox 0 0 1570 5162">
     <span class='ocr_line' id='line_1_41' title="bbox 0 0 1570 5162; baseline 0 5"><span class='ocrx_word' id='word_1_308' title='bbox 0 0 1570 5162; x_wconf 95' lang='lat' dir='ltr'> </span> 
     </span>
    </p>
   </div>
  </div>
 </body>
</html>
