3170 5166
806 1034 881 1102 aot.

271 1231 498 1298 Akereozteoek
514 1225 996 1314 buda-feltdoua‘zi'kouuentnek
1012 1235 1164 1319 jeleutdee
1199 1236 1260 1300 III.
1291 1200 1405 1300 Endre

271 1339 453 1426 trirctlytroz,
469 1340 552 1426 toqy
569 1362 591 1402 a
608 1337 717 1424 Zaycta
733 1347 813 1404 nevit
820 1338 902 1424 fotu
916 1342 1008 1406 irent
1036 1341 1259 1429 vtmyutamat
1273 1344 1318 1408 mi
1334 1343 1402 1407 uolt

639 1448 831 1532 eredmezye.
850 1427 900 1511 Idu
916 1449 1032 1513 cottio.

376 1641 655 1708 Excellentissimo
671 1639 803 1708 domino
816 1661 874 1709 suo
891 1640 1020 1708 Andree
1037 1644 1099 1710 Dei
1131 1645 1243 1726 gracia
1274 1643 1402 1711 Itlustrt

268 1749 352 1832 Regi
368 1747 511 1829 Vngarie
527 1748 627 1814 trater
643 1745 682 1812 G.
700 1750 792 1815 Prior
823 1755 975 1834 totusque
1006 1748 1191 1818 Conuentus
1224 1751 1406 1818 crucifero·

269 1877 338 1924 rum
357 1857 397 1923 de
417 1855 539 1922 (tatidis
555 1854 660 1939 Aquis
676 1855 863 1922 oracionum
891 1857 1048 1941 suffragia
1079 1857 1275 1924 debitarum.
1304 1859 1406 1924 Rece-

269 1965 378 2052 pimus
395 1965 521 2029 litteras
537 1961 650 2028 Vestre
666 1961 860 2029 Serenitatis
877 1965 998 2030 honore
1014 1981 1077 2047 quo
1094 1961 1214 2049 decuit,
1238 1964 1324 2030 huuc
1354 1971 1403 2030 te-

269 2091 381 2138 norem
398 2071 622 2136 continentes:

375 2177 527 2243 Andreas
543 2178 584 2241 D.
602 2195 649 2259 gr.
667 2177 737 2242 Rex
754 2177 897 2262 Vugarie
923 2179 985 2246 stb.
1018 2178 1123 2246 Priori
1154 2184 1186 2243 et
1217 2177 1402 2244 Gonuentui

270 2282 507 2350 Oruciferorum
523 2283 564 2348 de
581 2281 705 2349 Calidis
720 2285 821 2367 Aquis
839 2285 899 2352 stb.
916 2283 1129 2372 (trovetkezitr
1145 2285 1202 2352 111.
1217 2283 1328 2351 Endre
1350 2283 1401 2350 ki-

269 2391 413 2477 ralyuak
428 2409 599 2476 parancse,
617 2390 696 2456 mint
713 2390 847 2457 tentebb
863 2395 939 2460 280.
955 2412 998 2459 sz.
1013 2389 1060 2479 a.)

376 2495 444 2563 Nos
462 2497 561 2580 igitur
578 2496 732 2564 mandato
748 2497 860 2565 Vestre
876 2499 1068 2566 Serenitatis
1084 2497 1217 2566 obedire
1227 2497 1400 2580 cupientes

268 2611 305 2670 ut
319 2610 476 2689 tenemur,
493 2623 566 2669 oum
583 2603 670 2670 dioto
687 2603 818 2671 homine
833 2610 942 2673 vestro
959 2607 1151 2690 Magistrum
1182 2603 1400 2672 Laureneinm

270 2710 419 2777 clericum
436 2710 525 2778 chori
540 2711 641 2776 nostri
658 2711 820 2777 hominem
835 2719 981 2778 nostrum
999 2711 1146 2778 misimus
1162 2713 1205 2778 ad
1236 2711 1398 2796 premissa

266 2817 492 2904 exsequenda,
510 2818 565 2902 qui
582 2817 713 2901 quidem
728 2817 822 2886 homo
838 2825 949 2886 vester
965 2817 1171 2904 postmodum
1187 2815 1230 2882 ad
1255 2836 1315 2884 nos
1347 2838 1398 2884 re·

266 2945 390 3014 uersus,
405 2935 557 3012 presente
571 2934 681 2996 nostro
698 2927 894 3016 testimonio,
911 2927 1005 2994 nobis
1030 2927 1131 2995 dixit:
1148 2926 1234 3010 quod
1249 2926 1283 2992 in
1314 2924 1399 2992 testo

267 3033 479 3102 Asceneionis
495 3035 627 3101 Domini
643 3035 708 3102 iam
729 3035 842 3120 elapso
858 3035 1075 3103 accessissent
1088 3033 1133 3102 ad
1159 3034 1278 3100 faeiem
1310 3032 1401 3099 dicte

268 3149 354 3209 terre
371 3141 578 3209 contenciose
593 3141 705 3226 Zaych
721 3150 845 3229 vocate,
863 3143 1016 3228 contigue
1033 3143 1210 3210 immediate
1227 3151 1312 3208 terre
1336 3143 1399 3208 To-

265 3271 343 3336 xun,
359 3259 394 3316 ut
409 3248 570 3333 dixerunt,
589 3255 621 3315 et
636 3249 790 3316 Nicotaus
806 3250 893 3316 fitius
910 3249 1050 3335 Nicotay
1067 3249 1109 3318 de
1126 3249 1286 3336 Nywegtr,
1317 3248 1394 3315 rici·

265 3377 327 3424 nus
344 3365 375 3424 et
391 3359 630 3421 commetaneus
646 3364 731 3422 terre
749 3357 958 3424 contanciose
974 3355 1148 3442 antediote,
1180 3356 1295 3422 Comes
1325 3355 1397 3420 Ku-

265 3464 324 3546 tus,
340 3462 461 3527 Paulus
475 3461 647 3547 Barbatus,
660 3462 857 3548 Herbordus,
869 3463 982 3530 (tomes
993 3462 1144 3548 Haragus
1155 3462 1196 3530 de
1208 3463 1298 3528 iuxta
1307 3462 1398 3545 Mag·

266 3570 443 3656 naInsuta,
459 3568 639 3653 Dyoni'sius
656 3569 698 3636 de
714 3569 816 3654 Byot;
833 3570 911 3636 item
922 3569 1115 3638 Benedictus
1141 3567 1204 3657 (et)
1217 3569 1396 3652 Gregorius

264 3677 323 3762 filij
341 3674 444 3760 Rada,
463 3675 576 3742 (tomes
592 3676 732 3744 Thomas
748 3679 867 3763 Senex,
878 3675 1022 3744 Briccius
1033 3675 1072 3744 de
1082 3679 1193 3760 Rada;
1209 3677 1316 3742 Dama
1331 3674 1397 3762 (et)

208 3845 210 3848 .
263 3784 430 3853 iohannes
439 3783 495 3869 titij
508 3783 600 3849 Bana
611 3805 620 3867 3
630 3784 780 3852 Andreas
788 3789 822 3850 et
832 3783 953 3852 Ottuda
968 3785 1010 3851 de
1024 3783 1149 3871 Zodok,
1161 3784 1249 3850 ducti
1265 3803 1322 3868 per
1332 3785 1398 3851 Job

266 3899 299 3960 et
313 3891 451 3958 Paulum
468 3889 640 3977 predictos,
658 3891 824 3971 dixissent,
841 3893 928 3976 quod
944 3911 1022 3978 sepe
1047 3892 1137 3958 dicta
1167 3901 1253 3959 terra
1283 3891 1399 3976 Zayotr

264 3999 308 4064 sit
323 4000 357 4066 iu
374 3998 542 4066 vicinitate
558 4005 641 4064 terre
658 4001 786 4098 Torum,
801 4005 833 4066 et
848 3999 946 4066 tuerit
971 3997 1167 4066 hereditaria
1181 4003 1269 4066 terra
1284 3998 1348 4066 tot
1366 4007 1401 4067 et

264 4104 358 4172 Pauli
373 4104 511 4172 fitiorum
527 4105 632 4190 Rng
647 4105 885 4189 sepedictorum
907 4105 1059 4172 Preterea
1069 4104 1189 4172 Paulus
1199 4110 1231 4170 et
1241 4105 1401 4172 Nicotaus

264 4213 415 4293 Comites,
434 4210 592 4277 officiatos
610 4231 755 4278 sororum
774 4211 814 4277 de
829 4213 941 4278 Insula
951 4213 1052 4278 Beate
1069 4211 1223 4299 Virginis,
1239 4211 1401 4280 adduxis-

262 4329 338 4386 sent
352 4319 443 4386 Bura
458 4319 601 4386 uilticum
618 4318 660 4385 de
675 4319 766 4387 Vitta
781 4319 895 4388 Sancti
910 4318 1059 4406 Dyonisi‚
1076 4317 1132 4404 qui
1147 4327 1229 4404 ,mm
1259 4340 1319 4406 pro
1350 4341 1398 4409 se,

263 4447 361 4509 quam
377 4447 437 4512 pro
454 4426 583 4494 domino
600 4447 657 4495 suo
673 4427 830 4512 Magistro
848 4427 989 4514 Georgio
1006 4447 1077 4494 cum
1103 4425 1215 4493 decem
1240 4428 1401 4496 conuttla-

266 4533 317 4600 nis
335 4535 420 4615 suis3
438 4535 515 4599 item
533 4533 677 4600 villicum
692 4535 734 4600 de
750 4535 831 4602 vitta
847 4537 962 4605 Zeters
980 4555 1051 4601 cum
1067 4534 1170 4602 tribus
1200 4536 1400 4606 convitianis
