3170 5166
599 325 758 422 ..ffl-

104 521 196 607 suis3
212 520 289 587 item
305 517 488 588 iohannem
505 517 650 586 villicum
667 517 707 586 de
722 518 811 584 Villa
825 516 939 586 Sancti
956 516 1091 608 Nicolay
1108 519 1249 606 dellag·
1338 591 1340 598 ,

111 649 156 697 na
170 627 283 696 Insula
298 645 370 693 cum
386 631 508 712 septem
524 623 729 710 hominibns;
745 625 823 693 itcm
841 625 998 692 Comitem
1029 625 1198 694 Andream
1214 635 1247 694 et

107 735 207 802 'Suae
232 735 273 802 de
289 735 410 818 Magna
424 731 558 817 Insula;
575 733 652 799 item
667 733 799 799 Petrum
815 736 848 798 et
862 720 1083 800 Alexandrum
1110 733 1152 800 de
1183 733 1245 800 Ta·

111 841 250 910 wamnlr
266 843 503 908 commotaneos
518 837 603 906 dicte
619 843 704 906 terre
718 837 839 924 Zayob,
872 858 969 922 quem
1002 837 1134 924 quidem
1150 842 1247 909 Alex·

104 947 249 1016 andrum
279 949 316 1016 in
332 947 421 1014 dicta
436 946 516 1014 villa
532 947 649 1012 Toxnn
666 967 750 1014 nuno
782 944 936 1012 dixerunt
968 946 1132 1035 residere3
1166 949 1244 1017 item

109 1054 336 1140 Laurencinm,
353 1054 448 1141 Moys
465 1072 506 1121 ac
521 1053 649 1141 Kemyn
664 1049 749 1120 filios
760 1051 908 1136 Ohepani
920 1075 928 1137 ;
939 1052 1093 1120 Comitem
1109 1055 1247 1124 Marcel·

114 1163 182 1228 lom
201 1161 323 1229 dictum
339 1162 428 1246 Bur;
461 1161 539 1227 item
571 1161 667 1227 enak
698 1160 835 1242 Eanum,
868 1160 1048 1246 Bethleem,
1080 1162 1248 1268 Bencecm

111 1267 310 1356 Mykocham
326 1270 367 1338 de
384 1267 529 1348 Cholka;
548 1268 602 1354 qui
622 1267 833 1354 singulariter
863 1275 896 1334 et
927 1267 1122 1355 singillatim
1154 1289 1242 1340 asse-

112 1379 255 1446 ruissent
270 1375 492 1462 concorditor;
510 1375 597 1460 quod
613 1376 700 1444 diota
717 1381 805 1443 terra
835 1375 956 1462 Zaych,
988 1377 1119 1470 ¹radone
1151 1377 1242 1446 cuius

112 1485 316 1554 contenditur
346 1487 430 1553 inter
460 1491 571 1570 partes
583 1536 591 1570 ‚
625 1484 742 1552 luisset
773 1490 857 1550 terra
888 1484 1131 1572 Zulgagewrij,
1165 1490 1196 1552 et
1227 1505 1249 1551 a

110 1595 248 1680 triginta
263 1593 359 1661 annis
374 1594 427 1662 uel
443 1594 540 1680 paulo
556 1593 629 1680 plus
645 1592 762 1661 luisset
777 1601 809 1660 et
826 1600 912 1660 esset
928 1605 1013 1660 terra
1044 1594 1144 1663 Beate
1174 1593 1247 1659 Vir·

113 1701 200 1785 ginis
216 1701 257 1768 de
271 1703 394 1787 Insula,
409 1707 442 1767 et
457 1721 624 1784 nunqnam
640 1699 756 1767 fuisset
772 1708 860 1772 terra
885 1701 1086 1768 hereditaria
1117 1701 1179 1770 Job
1213 1707 1246 1766 et

113 1808 211 1875 Pauli
226 1808 435 1895 prefatorum.
454 1810 574 1875 Datum
590 1806 672 1875 foria
688 1808 832 1875 secunda
847 1808 997 1892 proxima
1022 1815 1094 1892 post
1125 1807 1244 1884 festum

112 1916 322 1984 Ascensionis
339 1915 479 1984 Domini.

115 2115 249 2179 (liredetie
263 2109 439 2178 bdrlrtrtyln
466 2110 633 2178 azirpeosdt
652 2111 782 2162 alvcszatt
794 2129 800 2172 ς
814 2125 831 2162 a
844 2111 928 2160 budai
952 2110 1004 2166 kir,
1018 2110 1143 2160 kamarai
1158 2111 1239 2161 lerti-

617 2199 737 2268 ts'arbam)

646 2911 723 2976 302.

111 3111 145 3178 A
161 3109 536 3180 callosior-ibantibunt
548 3110 695 3191 jelealtsa
712 3109 774 3174 III.
807 3109 918 3172 Endre
950 3108 1131 3194 kira'lglroz,
1163 3109 1246 3194 boyy

262 3219 353 3284 noco
371 3217 491 3283 Micca
506 3241 526 3279 a
543 3215 655 3301 c-aciy
670 3215 719 3280 eu
730 3215 901 3280 coozono.
920 3193 969 3278 rb
986 3213 1103 3280 ariaci.

226 3413 504 3480 Excellentissimo
520 3409 649 3477 domino
667 3410 799 3476 Andree
815 3407 877 3476 Dei
894 3409 1008 3493 gracia
1023 3407 1140 3476 Inclito
1165 3410 1247 3493 Regi

114 3523 264 3608 Vngarlc
279 3521 419 3588 Domino
435 3539 492 3586 suo
509 3519 620 3586 Abbas
636 3524 668 3586 et
684 3518 870 3584 Conuentus
887 3516 927 3584 de
943 3516 1097 3603 cykador
1112 3516 1248 3584 inclina·

110 3631 242 3698 cionem
259 3637 292 3697 et
308 3620 475 3696 oraciones
492 3625 535 3694 ad
551 3625 651 3694 filium
684 3625 829 3710 Virginis
861 3645 919 3712 pro
952 3623 1075 3692 eodem.
1107 3627 1248 3694 Litteras

117 3737 315 3805 Serenitatis
332 3736 448 3803 Vestro
464 3733 644 3820 recepimus
660 3733 743 3800 banc
759 3732 893 3799 sormam
909 3733 1130 3800 continentes:

225 3842 377 3910 Andreas
394 3841 456 3910 stb.
472 3841 591 3908 Abbati
610 3849 642 3908 et
658 3840 836 3907 Conuentui
853 3837 893 3904 dc
910 3839 1067 3925 Oykador
1090 3840 1151 3910 stb.
1176 3839 1249 3928 (ko.

114 3949 270 4020 vetkezik
284 3951 346 4016 111.
364 3949 474 4016 Endre
490 3949 669 4036 kirtlynak
684 3946 804 4016 iuononi
819 3966 990 4033 paranosa,
1018 3947 1097 4014 mint
1112 3947 1248 4015 sentebb

116 4061 195 4127 284.
214 4079 258 4126 az.
274 4078 304 4126 a.

226 4165 296 4234 Nos
306 4059 409 4250 {gitur
424 4161 589 4230 mandatis
606 4172 638 4230 et
653 4163 816 4250 preceptis
832 4163 947 4230 Vestro
964 4161 1158 4229 serenitatis
1169 4161 1243 4230 obe·

116 4273 191 4343 dire
205 4273 385 4358 cupientes,
401 4277 435 4338 ut
452 4270 607 4338 debemus
625 4277 656 4337 et
673 4279 830 4358 tenemur,
857 4270 978 4338 homini
994 4263 1248 4355 vestroflnomino

113 4381 234 4450 Petrus
250 4379 291 4446 de
305 4379 449 4467 Hydaga
464 4377 627 4446 bominem
644 4385 792 4445 nostrum
809 4376 958 4445 dedimus
974 4397 1031 4464 pro
1049 4376 1248 4461 testimonio,
1383 4425 1387 4430 -

118 4489 177 4576 qui
193 4488 238 4558 ad
251 4508 312 4556 noa
327 4486 500 4556 redeuntes
516 4485 677 4574 dixerunt,
694 4491 730 4556 ut
744 4485 916 4555 Nicolaum
943 4483 1122 4571 predictum
1152 4485 1249 4552 citas·

115 4603 194 4668 sent
208 4601 322 4665 contra
336 4595 530 4680 Magistrum
547 4593 739 4664 Corrardum
757 4594 798 4664 do
814 4592 913 4664 Owar
928 4593 972 4662 ad
1004 4601 1137 4664 octabas
1168 4591 1245 4678 Epi·
