3098 5172
816 317 972 423 pso-

329 523 382 591 tur
398 519 624 592 substitutione
638 525 814 608 pastorum,
832 539 889 606 per
905 537 989 603 quos
1005 512 1218 604 spiritualiter
1234 521 1266 584 et
1290 521 1446 601 tempora·

327 624 1444 720 liter,actoreDomirro,continuumsuse'perevaleantincrementnnr.
1541 611 1543 682 l

331 738 368 803 lu
383 743 495 806 nostra
510 737 670 821 siquidem
685 715 862 824 ¹presentia
890 732 1040 820 retulisti,
1066 733 1151 819 quod
1166 732 1244 802 olim
1263 729 1444 800 Catbedrali
1541 721 1543 796 i

332 845 480 914 Ecclesia
495 845 683 933 Absarcnsi,
718 843 950 929 metropolitico
975 842 1033 911 tibi
1049 842 1119 908 iure
1134 842 1291 927 subiecta,
1307 861 1363 928 per
1382 839 1447 906 obi·

334 958 401 1017 tum
419 954 503 1020 boue
519 953 671 1021 memorie
686 953 801 1021 Jacobi
817 951 971 1038 Episcopi
987 948 1184 1017 Absarcnsis
1211 949 1347 1032 pastoris
1372 946 1450 1032 regi·

332 1058 419 1126 mine
435 1059 599 1144 destituta,
619 1059 804 1145 Capitulum
821 1057 967 1124 eiusdem
999 1056 1146 1124 Ecclesia
1177 1075 1347 1140 personam
1371 1056 1450 1122 indi-

333 1186 443 1253 gnam,
476 1167 627 1235 videlicet
650 1167 807 1233 Tbomam
833 1164 1144 1249 Archiprcsbiterum
1169 1163 1275 1249 ipsius
1299 1165 1449 1242 Ecclesie‚
1542 1203 1543 1252 3

333 1271 495 1338 deiectum
520 1274 700 1341 litterarum
724 1273 906 1342 evidentem
933 1279 965 1338 et
991 1271 1242 1338 intollerabilem
1268 1273 1451 1359 patientem,

334 1384 472 1446 scienter
502 1381 535 1447 in
551 1381 768 1449 Absarensem
797 1381 989 1466 Episcopum
1001 1379 1180 1463 elegerunt,
1190 1379 1315 1464 tibique
1326 1377 1451 1448 decreto
1542 1429 1543 1438 κ

333 1485 501 1555 electionis
517 1487 701 1556 huiusmodi
727 1493 914 1573 presentato
939 1492 1014 1554 ate
1039 1487 1201 1570 petiemnt
1226 1488 1395 1575 instanter,
1420 1493 1453 1554 ut

333 1594 468 1662 eandem
487 1597 678 1664 electionem
693 1595 886 1663 auctoritate
901 1593 1139 1680 Metropolitioa
1164 1595 1379 1662 confirmares.
1402 1597 1451 1662 'Pu

334 1723 412 1770 vero
428 1711 494 1770 tam
511 1725 665 1790 processu
682 1705 785 1790 ipsius
802 1703 981 1788 electionis,
1006 1723 1104 1784 quam
1128 1722 1268 1788 persona
1292 1703 1371 1770 dicti
1397 1703 1452 1768 Ar·

333 1809 556 1897 obipresbiteri
572 1811 778 1898 examinatis,
796 1811 888 1878 iuxta
903 1810 1001 1878 officii
1032 1811 1080 1877 tui
1097 1809 1241 1878 debitum
1268 1809 1453 1895 diligenter,
1514 1859 1520 1876 .

336 1917 414 2000 quia
435 1919 531 2004 plene
555 1917 698 1986 constitit
714 1917 876 2004 predictos
902 1915 1086 2000 Capitulum
1107 1916 1267 2002 prelatum
1284 1915 1453 2002 Arcbipre·

335 2025 492 2092 sbiternm
509 2027 551 2092 ob
576 2030 788 2093 memoratum
814 2022 975 2090 delectum
1000 2021 1133 2090 omnino
1157 2021 1325 2108 indignum
1357 2024 1456 2090 scien·

338 2138 387 2197 ter
403 2130 447 2197 ad
465 2132 612 2200 Ecclesie
637 2136 814 2200 memorate
841 2129 986 2215 regimen
1013 2129 1165 2216 elegisse,
1192 2129 1280 2214 quod
1305 2131 1404 2197 etiam
1427 2131 1458 2195 in

332 2235 459 2322 judicio
490 2259 598 2306 eoram
628 2245 661 2306 te
686 2237 856 2307 confessus
881 2237 1006 2323 extitit,
1039 2255 1076 2304 se
1102 2257 1267 2321 nunquam
1294 2238 1458 2305 audivisse
1542 2241 1543 2246 ’

336 2345 516 2430 Donatum;
532 2345 692 2431 prefatam
709 2343 909 2431 electionem,
925 2351 1036 2431 utpote
1061 2353 1173 2413 contra
1196 2345 1331 2412 turmam
1357 2346 1457 2412 (lano-

335 2473 412 2519 num
428 2459 636 2542 attentatum,
652 2452 892 2524 sententialiter
911 2454 1100 2540 reprobans,
1115 2453 1331 2540 pronuntiasti
1357 2454 1458 2520 dictos

338 2559 523 2648 Capitulum
540 2559 683 2648 eligendi
699 2561 760 2628 bae
777 2562 849 2628 vioe
858 2567 1020 2647 potestate
1045 2561 1194 2648 ipsoiure
1219 2561 1287 2630 iore
1305 2561 1458 2649 privatos,

336 2669 555 2754 provisionem
571 2671 673 2757 ipsius
690 2669 836 2738 Ecclesia
852 2668 896 2734 ad
913 2669 1031 2736 Sedem
1046 2669 1267 2752 Apostolicam
1295 2673 1457 2738 remitten-

337 2774 389 2844 do.
404 2777 473 2844 Nos
489 2775 597 2864 igitur,
614 2773 701 2860 quod
716 2793 815 2860 super
831 2773 893 2841 hoc
909 2795 930 2840 a
946 2779 978 2840 te
993 2775 1112 2842 factum
1128 2781 1189 2864 est,
1207 2781 1313 2842 ratum
1329 2785 1364 2843 et
1390 2795 1459 2864 gra-

336 2888 403 2947 tum
421 2882 588 2969 babentes,
605 2903 643 2948 ac
658 2891 807 2966 gerentes
823 2880 865 2946 de
895 2886 951 2948 tue
976 2880 1271 2966 circumspectionis
1298 2883 1460 2952 industria

336 2989 370 3055 in
386 2989 524 3057 Domino
540 2989 691 3058 fiduciam
709 2989 897 3076 pleniorem,
908 2987 1102 3055 fraternitati
1117 2989 1373 3074 tucprrficiendi
1390 3013 1461 3059 auc·

336 3096 468 3163 toritate
483 3106 594 3164 nostra
609 3095 714 3165 eidem
731 3097 877 3164 Ecclesia
893 3096 1036 3180 aliquem
1052 3097 1157 3163 virum
1174 3096 1336 3182 ydoneum
1353 3100 1396 3167 de
1407 3099 1462 3167 Or·

338 3201 413 3270 dine
441 3203 591 3270 Fratrum
624 3204 794 3288 Minorem,
809 3201 865 3286 qui
881 3209 973 3271 tanto
990 3209 1147 3289 congruat
1163 3206 1253 3273 oneri
1279 3214 1312 3275 ct
1336 3209 1462 3290 honori,

337 3329 435 3395 super
451 3329 514 3393 quo
529 3316 617 3376 tuam
642 3309 840 3378 intendimus
860 3309 1092 3378 conscientiam
1109 3333 1259 3400 onerare,
1270 3314 1463 3384 aciacieudi

337 3418 379 3505 ei,
394 3423 562 3503 postquam
579 3417 684 3503 ipsum
701 3416 849 3483 Ecclesie
864 3415 1011 3501 predicte
1026 3419 1212 3508 profeceris,
1229 3443 1249 3488 a
1266 3423 1396 3507 prefato
1406 3425 1465 3490 Ga-

339 3525 443 3607 pitulo
460 3531 492 3590 et
508 3522 604 3591 Olero
628 3543 668 3590 ac
692 3523 813 3608 populo
839 3521 989 3590 Civitatis
1021 3529 1053 3589 et
1084 3525 1234 3595 Diooesis
1264 3529 1465 3599 Absarensis

337 3637 494 3714 tauquam
511 3629 596 3716 patri
613 3638 644 3698 et
662 3631 785 3716 pastori
801 3631 982 3698 animarum
1009 3651 1140 3700 suarum
1166 3635 1311 3704 hobodiri
1335 3637 1465 3708 bumili-

337 3747 387 3806 ter
401 3757 440 3804 ac
455 3735 590 3825 intendi,
607 3738 735 3822 sibique
751 3737 1008 3807 consecrationis
1024 3761 1150 3825 munus,
1168 3744 1280 3812 ascitis
1298 3745 1356 3812 tibi
1387 3747 1465 3816 duo·

337 3848 397 3914 bus
413 3847 466 3912 vel
482 3845 586 3913 tribus
601 3842 781 3932 Episcopis,
798 3845 1017 3933 impendendi,
1035 3867 1159 3914 necnon
1187 3857 1218 3915 et
1244 3853 1465 3922 contradicto·

337 3972 391 4019 res
408 3971 507 4038 super
523 3952 584 4019 boo
600 3971 658 4036 per
674 3971 828 4018 censuras
854 3953 1104 4042 ecclesiasticas,
1130 3957 1353 4042 appellatione
1381 3971 1468 4048 post-

336 4057 454 4144 posita,
487 4057 710 4144 compescendi
735 4059 867 4144 plenam
894 4065 926 4127 et
949 4057 1085 4128 liberam
1112 4063 1317 4132 concedimus
1351 4073 1466 4136 tenore

337 4163 534 4251 presentium
551 4171 755 4250 potestatam.
781 4165 901 4232 Datum
925 4165 1077 4251 Anaguie
1100 4168 1157 4235 Vl.
1184 4189 1288 4238 nonas
1314 4171 1468 4243 Octobris

337 4270 549 4340 Pontificatus
566 4272 666 4340 nostri
682 4292 767 4339 anno
784 4275 899 4358 primo.

337 4467 476 4544 (l'bsineu
489 4470 590 4526 Vetere
602 4471 777 4526 Monumeuta
789 4471 932 4524 slavorum
944 4471 1169 4530 Meridionalium
1179 4475 1318 4530 historiam
1328 4477 1473 4540 illustren-

821 4561 980 4630 ra11a1t
