3170 5166
144 1156 343 1222 Thomaaiuu
360 1157 423 1222 III.
440 1157 549 1221 Eudre
567 1157 682 1241 *ktrutp
707 1157 877 1242 urtyjcirmk
903 1157 1076 1242 viasqcitati
1102 1159 1134 1223 e'a
1158 1156 1274 1222 tutatae·

138 1285 308 1346 peruncta
325 1287 346 1328 a
360 1265 493 1350 postpai
508 1263 722 1350 kdptalanhoz
739 1285 760 1326 a
776 1262 921 1330 Demeter
946 1264 1053 1329 vallati
1074 1264 1214 1352 seispso
1239 1266 1271 1328 e's

144 1371 292 1456 Lampert
307 1392 405 1436 comes
414 1372 480 1454 fiai
503 1371 572 1436 tout
603 1370 737 1435 Tutmuu
762 1371 918 1456 helyaepre
943 1371 1115 1436 uonatlcozo
1139 1382 1273 1456 opponet-

474 1476 612 1563 lenatqet
629 1477 818 1562 tetrppribau.
836 1477 935 1543 1300.
1021 1533 1029 1538 .

246 1669 388 1736 Domina
404 1668 466 1734 Th.
483 1669 545 1736 Dei
562 1670 675 1752 grauia
693 1679 795 1739 mater
821 1671 945 1738 domini
971 1671 1102 1738 Andree
1126 1669 1266 1737 Illustris

139 1775 238 1858 Regis
254 1775 411 1859 Vngarie,
425 1776 565 1842 Duoissa
581 1777 686 1843 tooius
702 1777 885 1862 Solauouie,
902 1784 934 1844 et
950 1775 1174 1843 Gubernatrix
1191 1776 1267 1842 Par·

141 1883 224 1946 oium
256 1879 572 1949 Oitrudanubialium
597 1903 699 1966 usque
724 1884 915 1972 Maritima,
940 1883 1090 1949 fidelibus
1116 1881 1267 1966 capitulo

142 1989 235 2057 Beati
251 1989 341 2054 Petri
357 1987 399 2055 de
414 1990 567 2072 Posogha
582 1991 720 2057 salutem
738 1997 768 2056 et
783 1991 943 2074 graciam.'
955 1992 1079 2057 Diount
1089 1989 1182 2056 nobis
1192 1991 1271 2055 Roa-

141 2095 227 2182 boyd
244 2101 275 2162 et
290 2095 406 2162 Petrus
423 2096 483 2181 filij
503 2095 636 2164 Comitis
661 2098 835 2183 Lamperti,
863 2096 950 2182 quod
977 2097 1135 2180 Magister
1150 2099 1267 2163 Deme

142 2205 224 2268 trius
257 2200 370 2269 Comes
404 2202 444 2270 de
476 2203 617 2270 Wolkou
648 2205 813 2288 quandam
856 2204 1093 2291 possessionem
1125 2202 1271 2288 ipsorum

141 2310 293 2398 Tulman,
310 2313 459 2379 omnibus
475 2313 569 2380 bonis
595 2315 663 2380 ruis
690 2313 853 2381 dominica
879 2314 1028 2398 proxima
1051 2317 1128 2397 post
1150 2313 1270 2378 festum

142 2416 294 2484 Omnium
310 2417 502 2486 Sanctorum
518 2419 665 2486 indebite
681 2420 878 2488 destruendo
896 2421 1081 2508 spoliasset.
1099 2417 1269 2503 Quaprop-

140 2531 188 2589 ter
204 2523 395 2592 fidelitatem
410 2532 553 2592 vestram
569 2527 766 2594 mandantes
783 2527 988 2614 requirimus,
1015 2535 1173 2611 quatenus
1197 2543 1270 2590 oum

140 2631 323 2698 Laurentio
340 2631 472 2698 homine
488 2639 599 2700 nostro
616 2641 759 2700 vestrum
784 2635 947 2702 hominem
972 2633 1109 2700 mittatis
1134 2628 1269 2712 fidedig-

140 2759 226 2823 num,
243 2739 299 2821 qui
317 2737 357 2803 de
372 2739 539 2824 premissis
556 2741 638 2806 sciat
654 2748 688 2808 et
702 2741 847 2824 inquirat
862 2743 1050 2825 veritatem3
1069 2737 1201 2804 citando
1218 2738 1267 2803 ni·

142 2847 337 2912 ihilominus
367 2846 473 2931 ipsum
505 2847 695 2930 Magistrum
723 2848 924 2915 Demetrium
957 2855 1071 2915 eontra
1101 2843 1267 2931 predictos

141 2953 223 3020 filios
239 2953 406 3038 Lamperti
422 2951 465 3019 ad
480 2960 625 3022 nostram
645 2955 856 3041 presenciam,
875 2962 997 3040 etpost
1013 2954 1083 3039 heo,
1109 2952 1194 3018 siout
1220 2971 1269 3016 su·

143 3079 197 3142 per
215 3059 278 3142 hijs
304 3059 397 3126 uobis
422 3061 544 3128 ueritas
571 3061 763 3148 constiterit,
795 3068 828 3126 et
857 3060 990 3129 modum
1015 3058 1194 3144 oitaoionis,
1228 3075 1268 3120 ao

147 3166 278 3233 nomina
306 3167 487 3252 citatorum,
515 3174 547 3234 et
579 3169 750 3234 terminum
783 3169 986 3252 assignatum
1017 3167 1110 3234 nobis
1134 3161 1274 3229 fideliter

145 3272 344 3340 rescribatis.
360 3274 481 3342 Datum
497 3273 531 3339 in
547 3275 698 3360 Posogtta
713 3275 749 3341 in
765 3276 889 3342 ootauis
902 3272 1053 3340 Omnium
1069 3273 1271 3338 Sanctorum.

141 3467 250 3532 (Isturin
275 3467 519 3536 alorzzigbironak
542 3472 655 3522 lsoo-ki
667 3447 899 3548 ittletioveiibol,⁸
916 3471 984 3524 mint
997 3469 1079 3522 olion
1093 3472 1154 3522 263.
1167 3483 1204 3526 saa
1230 3469 1270 3536 a.)
