3098 5172
600 319 761 439 A&
868 293 873 307 .

647 984 723 1056 121.

120 1184 316 1252 Rouession
330 1183 393 1254 HI.
408 1185 519 1252 Eadra
528 1184 637 1272 kirtly
646 1143 813 1273 aspiciendis
822 1187 1091 1275 bieonpodplenelo,
1102 1189 1186 1274 kopp
1192 1183 1247 1270 fd·

116 1293 249 1360 idlaoleo
265 1291 403 1359 Ldaiaea
418 1301 525 1358 mater
541 1293 571 1358 dr
587 1295 728 1359 testoe'roa'
744 1293 857 1360 Onosai
872 1302 955 1360 anull
971 1293 1156 1361 birtolculrnt
1175 1294 1248 1360 Val-

227 1399 272 1470 ,to
288 1398 458 1486 mepydbea
475 1396 606 1464 Sriador
621 1397 807 1466 oiadorualo
824 1401 1018 1487 astupeant.
1038 1400 1137 1466 1295.

163 1581 173 1600 '
223 1590 292 1662 Mos
306 1592 464 1663 Minoiaus
480 1591 583 1678 Regni
607 1593 776 1678 Hungarie
803 1592 972 1661 Palatinus
999 1599 1031 1661 et
1052 1593 1159 1661 Judex
1186 1595 1243 1664 Oo-

116 1718 285 1768 manorum
301 1701 365 1770 stb.
381 1701 468 1786 quod
483 1699 518 1767 in
535 1698 800 1785 congregaeione
815 1707 925 1768 nostre
941 1699 1095 1768 Generali
1111 1699 1245 1770 Vniuer-

116 1808 225 1876 sitatis
240 1808 407 1878 Nobilium
424 1805 604 1876 Comitatus
621 1807 661 1874 de
676 1807 828 1874 Walkow
845 1807 928 1874 feria
939 1805 1084 1875 secunda
1094 1810 1244 1894 proxima

115 1922 191 1990 unte
206 1921 344 1984 ootnuas
359 1913 433 1982 festi
450 1912 641 1981 Natiuitatis
657 1913 768 1980 Sancti
784 1914 945 1984 Johannis
963 1913 1110 2000 Baptista
1123 1916 1157 1982 in
1182 1918 1242 1984 Za·

115 2022 191 2092 badi
208 2023 387 2105 celebrata,
403 2020 569 2092 lohannes
585 2021 671 2089 filius
688 2021 871 2090 Alexandri
886 2022 927 2090 de
943 2022 1052 2090 medio
1078 2024 1245 2093 uniuerso·

116 2150 184 2196 mm
201 2131 359 2200 nobilium
375 2129 600 2213 consurgendo
616 2135 729 2197 eontra
754 2129 947 2214 Magistrum
972 2129 1117 2220 Phylpus
1143 2129 1243 2199 fllium

117 2237 288 2325 Laureneij
306 2237 348 2306 de
365 2237 521 2321 Korongh
539 2237 685 2305 exhibuit
700 2238 794 2305 nonis
821 2237 980 2323 quasdam
1006 2239 1089 2307 duas
1114 2239 1241 2309 litteras

115 2343 351 2430 priuilegiales,
367 2365 465 2412 snam
480 2344 634 2413 videlieet
649 2344 780 2414 domine
797 2345 997 2414 'lhomasine
1011 2347 1125 2417 matris
1141 2349 1242 2435 Regis

117 2449 175 2518 Dei
190 2451 306 2536 grania
321 2456 398 2518 tnnn
423 2451 562 2520 Duoisse
588 2450 695 2520 toeius
715 2448 894 2522 Solanonie
919 2472 940 2519 a
966 2454 1114 2522 Danobio
1140 2475 1243 2540 usque

115 2578 223 2646 mare,
250 2557 427 2626 seeundum
453 2555 639 2627 eonuentus
663 2557 910 2644 Waradiensis,
944 2559 977 2626 in
1001 2580 1087 2628 anno
1112 2561 1244 2630 Domini

116 2664 237 2735 M⁰GG⁰
252 2666 464 2752 nonagesimo
480 2668 594 2752 quinto
610 2675 803 2754 emanatas;
823 2669 857 2737 in
874 2689 1009 2754 quarum
1024 2671 1191 2738 tenoribus
1208 2669 1241 2736 iu

115 2780 164 2843 ter
179 2781 289 2843 oetera
303 2775 493 2863 reperimus,
510 2775 597 2860 quod
612 2776 810 2843 Laurenoius
835 2777 991 2862 Magister
1016 2777 1243 2864 Dapiierorum

116 2883 202 2951 diote
218 2881 360 2972 domine,
376 2888 408 2951 et
424 2882 582 2968 Magister
596 2883 756 2972 Phylipus
772 2904 812 2952 ae
822 2884 1013 2971 Ladialaus,
1023 2885 1080 2970 lilij
1092 2883 1242 2969 Magistri

117 2990 258 3079 Phylipi,
274 2993 379 3079 primo
394 3013 502 3060 eornm
518 2993 632 3062 eadem
649 2992 793 3080 domina,
807 2992 936 3060 demum
952 2993 986 3062 in
1014 2994 1129 3061 eodem
1154 3012 1242 3060 anno

115 3099 148 3167 in
163 3099 335 3186 presencia
351 3099 428 3168 dieti
445 3098 629 3169 conuentus
646 3100 874 3188 eomparendo,
891 3100 1055 3186 quandam
1065 3099 1241 3187 possessio·

115 3228 187 3275 nem
203 3208 349 3295 ipsorum
374 3207 606 3276 hereditariam
624 3211 744 3296 Wruay
770 3215 928 3294 vocatam,
953 3208 987 3276 in
1011 3205 1177 3276 comitutu
1201 3207 1242 3274 do

118 3315 271 3384 Walkow
289 3309 492 3400 existentem,
502 3335 561 3404 per
571 3318 702 3386 modum
718 3315 891 3384 diuisionis
907 3335 929 3383 a
946 3315 1102 3402 Magistro
1117 3313 1240 3385 Johan·

115 3443 166 3509 ne,
182 3421 358 3512 Phylippo,
377 3424 541 3492 Demetrio
557 3432 590 3494 et
604 3425 758 3494 Ladizlao
774 3423 852 3510 liiijs
868 3424 1002 3492 Comitis
1028 3422 1174 3492 Ladizlai
1192 3423 1241 3490 di·

116 3531 268 3600 stinotam
285 3535 318 3600 et
332 3539 527 3619 separatam,
547 3540 580 3601 et
604 3533 639 3599 in
658 3533 715 3620 jus
741 3553 780 3601 ao
804 3531 1039 3620 proprietatem
1062 3530 1241 3601 eorundem

113 3637 310 3724 deuolutam‚
328 3659 368 3706 ox
383 3659 466 3726 pura
482 3645 514 3708 et
530 3638 661 3708 stnoora
677 3639 894 3726 permissione
911 3640 1086 3710 eorundem
1102 3637 1240 3706 liliorum

112 3745 268 3832 Ladizlai,
285 3765 344 3832 pro
361 3745 574 3814 fidelitatibus
589 3753 621 3813 et
636 3746 847 3813 seruioiorum
864 3745 987 3814 meritis
1013 3745 1149 3813 Comitis
1165 3746 1241 3814 Ale·

113 3851 228 3919 xandri
243 3851 374 3940 pugilis,
390 3873 452 3939 que
468 3853 553 3922 idem
569 3859 715 3942 tempore
730 3854 877 3940 Magistri
893 3853 1045 3941 Phylippi
1071 3853 1177 3940 patris
1194 3853 1241 3941 ip-

112 3979 220 4026 sorum
238 3962 324 4028 bone
341 3961 504 4049 memorie,
522 3969 554 4030 et
579 3961 709 4030 demum
734 3961 857 4030 eisdem
883 3962 918 4028 in
944 3960 1084 4030 diuersis
1110 3961 1240 4049 expedi·

112 4067 257 4135 eionibns
274 4067 343 4135 suis
359 4067 568 4136 laudabiliter
583 4069 786 4156 inpendisset
811 4075 846 4137 et
869 4069 995 4154 denote,
1019 4091 1060 4138 ae
1083 4069 1241 4138 effusione

112 4162 280 4260 sanguinis
291 4174 447 4264 eiusdem,
464 4176 605 4246 noniessi
620 4177 758 4246 fuissent
774 4175 903 4245 dedisse
919 4175 1024 4245 eidem
1038 4177 1155 4247 Comiti
1166 4179 1241 4245 Ale·

114 4282 249 4367 xandro,
269 4287 301 4348 et
316 4301 377 4368 per
393 4302 466 4349 eum
483 4284 552 4352 suis
568 4285 740 4352 heredibus
752 4287 828 4370 jure
843 4291 1001 4372 perpetuo
1019 4293 1053 4353 et
1077 4286 1237 4355 irreuoea·

112 4389 218 4456 biliter
235 4389 370 4476 paoifiee
386 4389 617 4477 possidendam
634 4395 694 4461 sub
711 4395 778 4479 hijs
794 4396 887 4460 metis
904 4399 936 4460 et
953 4394 1110 4484 terminis,
1121 4393 1239 4478 quibus

114 4497 228 4566 eadem
245 4500 412 4587 possessio
429 4499 537 4590 Orozy
551 4523 612 4589 per
628 4502 752 4588 priores
768 4522 975 4588 possessores
1001 4523 1076 4572 snos
1098 4501 1240 4571 limitata

113 4601 217 4684 iuerat
234 4613 267 4682 et
283 4625 456 4706 possessa5
473 4610 535 4679 tali
550 4611 656 4708 modo,
672 4617 708 4687 vt
731 4611 863 4684 raoione
888 4610 992 4708 ipsius
1020 4611 1239 4709 possessionis
