3120 5172
801 983 877 1056 176.

304 1201 688 1292 III.F1'rrdreltirdlpaolt
712 1205 982 1292 helybcalropydaa
993 1254 1003 1291 ,
1026 1207 1111 1293 kopp
1141 1230 1182 1270 aa
1207 1207 1368 1272 amatrici
1385 1229 1418 1271 ra

304 1310 433 1378 terenti
448 1324 607 1380 moaortor
621 1313 829 1380 Turdoslcedd
846 1313 999 1401 tayseqer
1010 1314 1135 1382 Pruna
1145 1315 1318 1401 hdysdpdrt
1331 1313 1419 1380 Ledo

522 1427 587 1490 mes
602 1424 789 1508 coemptioni
804 1423 938 1489 annuet
954 1422 1144 1490 ere-relicere.
1162 1417 1256 1489 1297.

410 1633 560 1704 Andreas
572 1635 634 1702 Dei
644 1636 755 1720 gracia
771 1635 947 1721 Hungarie,
958 1635 1137 1722 Dalmacie,
1149 1634 1296 1723 Croaoie,
1314 1636 1418 1720 Reme,
1523 1637 1524 1640 ’

304 1742 427 1827 Seruis,
441 1743 592 1831 Gallicis,
607 1743 808 1830 Lodomerie,
836 1743 991 1810 Cumanie
1007 1743 1227 1828 Belgarieque
1242 1745 1313 1812 Rex
1330 1742 1421 1809 omni·

304 1849 366 1918 hus
384 1849 503 1918 Christi
519 1849 669 1920 fidelibus
686 1860 870 1939 presentem
887 1852 1041 1937 paginam
1067 1851 1268 1920 intuentibus
1293 1852 1423 1918 salutem

306 1959 340 2025 in
357 1961 500 2027 omnium
516 1961 690 2027 saluatore.
716 1959 851 2044 Equites
874 1961 1009 2047 suadet,
1041 1960 1092 2028 ius
1108 1961 1263 2044 requirit,
1279 1966 1316 2026 ut
1331 1959 1423 2042 quod·

304 2086 432 2150 cunque
448 2086 489 2134 ex
505 2066 660 2152 legitimis
676 2068 859 2136 nacionibus
876 2069 1036 2155 traditur,
1062 2066 1097 2133 id
1121 2066 1258 2135 solidum
1275 2075 1424 2154 perpetuo

306 2175 424 2243 debeat
439 2195 638 2262 permanere.
670 2175 811 2244 Proinde
827 2175 869 2242 ad
900 2178 1123 2245 uniuersorum
1138 2176 1288 2244 noticiam
1322 2183 1424 2241 tenore

306 2284 519 2373 presencium,
533 2285 646 2351 harum
663 2285 744 2353 serie
764 2279 851 2373 (igy)
866 2286 1016 2352 uolumus
1040 2285 1229 2371 peruenire3
1257 2281 1344 2368 quod
1358 2283 1424 2349 reli-

306 2391 390 2476 giosi
406 2391 467 2458 riri
482 2392 636 2461 Herricus
652 2400 685 2460 et
710 2391 878 2460 Conradus
887 2445 896 2478 ,
914 2393 1032 2460 iratres
1048 2392 1180 2462 Ordinis
1196 2390 1427 2480 cysterciensis

307 2499 454 2568 Ecclesie
471 2501 590 2569 Sancte
608 2501 719 2569 Crucis
736 2499 776 2570 de
792 2502 926 2569 dustria
935 2554 945 2589 ,
976 2503 1049 2569 viee
1065 2507 1099 2567 et
1114 2501 1245 2568 nomine
1269 2499 1377 2565 fratris
1391 2497 1426 2563 B.

305 2607 443 2676 Abbatis
460 2615 492 2675 et
506 2611 608 2678 tocius
644 2609 828 2677 Cernentes
858 2609 1001 2678 eiusdem
1027 2609 1192 2696 Ecclesie,
1225 2628 1299 2675 curn
1316 2607 1428 2676 litteris
1532 2631 1533 2634 ¹

306 2717 535 2802 procuratorijs
562 2721 736 2785 eorundem
767 2717 965 2786 sufficienter
995 2717 1165 2802 instructi,
1197 2737 1308 2784 eoram
1340 2715 1428 2784 nobis

225 2837 228 2847 ’
307 2831 534 2908 comparentes
550 2827 690 2895 confessi
706 2833 791 2914 sunt,
810 2827 973 2912 quandam
990 2826 1228 2914 possessiouem
1244 2823 1427 2908 Monasterij

308 2928 426 2997 Sancte
441 2931 572 3019 Crucis,
598 2933 826 3004 Turdaskeddi
846 2941 995 3002 uocatam
1005 2985 1015 3022 ,
1047 2935 1080 3000 in
1099 2934 1260 3001 Comitatu
1278 2933 1429 3000 Nitriensi

307 3037 508 3129 existentem,
525 3062 597 3109 cum
613 3043 766 3110 omnibus
783 3045 975 3111 utilitatibus
1000 3043 1068 3111 suis
1093 3050 1126 3109 ot
1140 3041 1351 3129 pertinenoijs
1365 3039 1429 3108 rni-

309 3145 412 3214 uersis
429 3168 464 3216 se
480 3149 621 3234 dedisse,
639 3151 816 3218 tradidisse
826 3159 859 3218 et
874 3150 1051 3218 contulisse
1067 3149 1249 3217 venerabili
1264 3149 1351 3235 patri
1373 3148 1430 3216 bo·

309 3251 452 3322 domerio
468 3257 530 3325 Dei
547 3259 661 3342 grecia
675 3257 932 3345 Archiepiscopo
963 3256 1200 3342 serigentcnsi,
1225 3255 1432 3340 eiusdemque

310 3361 374 3428 loci
389 3361 507 3432 Oomiti
523 3373 687 3454 perpetuo,
704 3365 822 3434 dileeto
839 3371 871 3433 et
899 3363 988 3433 fideli
1009 3371 1139 3452 nostro,
1166 3370 1198 3431 et
1212 3384 1272 3450 per
1287 3385 1359 3433 eum
1374 3363 1431 3429 Ar·

309 3467 564 3558 ehiepiseopatui
579 3471 792 3559 Srigoniensi,
808 3472 843 3540 in
867 3471 1089 3539 concambium
1106 3491 1164 3538 seu
1179 3471 1433 3556 permutacionis

308 3584 509 3645 contractum
525 3580 694 3650 cmnsdem
719 3577 937 3666 possessionis
967 3578 1070 3665 ipsius
1100 3578 1296 3646 venerabilis
1320 3578 1432 3668 patris,

308 3683 481 3754 Parachan
496 3694 612 3756 uocate
627 3689 662 3754 in
679 3685 840 3757 Comitatu
856 3687 1048 3758 Posoniensi
1079 3687 1267 3773 existentis,
1293 3706 1357 3772 que
1372 3689 1433 3758 eis·

309 3792 382 3861 dem
400 3795 554 3864 iratribus
571 3797 675 3880 magis
692 3797 782 3866 utilis
798 3797 978 3881 uidebatur,
994 3802 1151 3883 perpetuo
1168 3801 1201 3864 et
1216 3793 1433 3864 irreuocabili·

309 3909 358 3970 ter
374 3904 612 3990 possidendam.
644 3907 702 3973 Cui
718 3907 896 3974 contractui
928 3905 997 3972 siue
1028 3905 1237 3991 concambio,
1269 3911 1434 3989 tamquam

308 4010 413 4095 Regni
429 4011 587 4080 Dominus
604 4021 636 4081 st
652 4015 813 4083 Patronus
829 4014 983 4091 Ecclesia
1001 4019 1143 4080 nostrum
1158 4012 1295 4098 Regium
1311 4012 1434 4100 prebui·

308 4141 380 4188 mus
397 4141 589 4192 eonsensum
607 4131 639 4192 et
659 4145 837 4195 assensum.
855 4125 892 4192 ln
908 4125 998 4192 ouius
1015 4125 1062 4190 rei
1079 4123 1291 4208 memoriam,
1323 4139 1435 4209 perpe·

308 4235 462 4320 tuamque
478 4231 661 4301 firmitatem
677 4234 722 4300 ad
737 4233 932 4319 peticionem
947 4231 1094 4318 pareium
1120 4235 1292 4316 presentes
1309 4245 1435 4295 conces-

309 4340 410 4408 simus
425 4337 571 4424 litteras,
605 4341 770 4427 dupplicis
795 4339 898 4426 sigilli
929 4341 1032 4409 nostrl
1047 4338 1225 4406 munimine
1254 4339 1434 4405 roboratas

308 4449 429 4515 Datum
445 4465 504 4531 per
520 4467 635 4514 manus
660 4448 860 4516 venerabilis
890 4449 997 4534 patris
1028 4445 1200 4532 Theodorij
1232 4444 1294 4514 Dei
1325 4443 1436 4532 grauia

309 4553 466 4642 Episcopi
481 4551 674 4638 lauriensis,
690 4556 765 4624 aule
776 4563 885 4624 nostm
901 4555 1170 4641 vicecancellarij
1188 4552 1299 4620 dilecti
1315 4561 1346 4621 et
1359 4551 1435 4619 fide·
