3170 5166
191 525 241 592 bis
258 524 435 593 exhibitum
450 531 556 591 ratum
573 523 746 594 habuimus
764 532 868 615 atque
893 528 1039 611 firmum,
1058 535 1201 594 tenorem
1216 528 1323 614 ipsius

191 631 233 697 de
249 632 350 699 uerbo
367 634 411 699 ad
426 633 560 699 uerbum
589 634 797 716 presentibus
828 633 927 698 inseri
943 631 1115 719 laciend03
1148 633 1318 700 attenden-

190 743 304 822 tesque
320 739 493 806 fidelitates
516 737 634 824 prelati
650 738 810 806 Johannis
837 739 1002 824 dupplicis
1018 729 1120 823 sigilli
1134 742 1237 807 nostri
1253 760 1320 806 mu·

191 859 313 912 nlmine
331 846 371 910 de
387 845 590 930 benignitate
615 847 720 931 Regia
736 847 887 914 duximus
904 846 1166 915 confirmandum.
1198 849 1320 915 Datum

194 971 382 1036 permanes
398 953 530 1018 discreti
548 953 607 1019 viri
616 954 764 1038 Magistri
781 954 939 1038 Stephani
955 953 1185 1021 archidiaconi
1200 954 1318 1021 Alben·

192 1059 238 1125 sis
254 1058 329 1125 aule
353 1066 461 1126 nostre
476 1059 765 1149 Vico-Cancellarij
796 1061 908 1127 dilecti
934 1067 966 1126 et
982 1060 1086 1129 fidelis
1113 1061 1216 1129 nostri
1233 1080 1318 1127 anno

192 1165 322 1230 Domini
338 1165 509 1234 millesimo
525 1166 739 1250 trecensimo,
756 1167 860 1250 Regni
886 1173 995 1235 autem
1022 1168 1124 1234 nostri
1149 1187 1235 1233 anuo
1250 1163 1320 1253 (de-

192 1268 300 1358 eimo.)

189 1463 330 1532 <Eredetie
343 1466 521 1534 bdrhdrtydm
543 1470 683 1535 molyrb'la
705 1467 801 1535 peesdt
813 1468 969 1523 nidd-ritum
989 1469 1216 1536 relyemasindron
1234 1469 1320 1536 luem

473 1555 576 1608 amelt.
591 1574 632 1623 gr,
645 1559 702 1622 Zay
717 1553 811 1608 csaldd
836 1553 1042 1622 levdltdrdban.)

718 2033 797 2102 246.

198 2235 259 2299 III.
275 2232 387 2298 Eadre
403 2232 511 2316 lircily
535 2234 729 2320 mephappjo
755 2257 777 2296 a
796 2233 996 2319 pdeavdrudi
1018 2231 1216 2317 koaccataelr,
1242 2232 1323 2318 hopy

195 2365 216 2404 a
232 2340 335 2406 Jonas
356 2351 468 2404 mester
493 2339 699 2404 Zolouehaole
716 2339 767 2422 fla
798 2341 828 2404 ce
859 2339 1010 2426 Roahoyd
1042 2340 1250 2424 Lampatnet
1274 2340 1324 2422 fia

190 2448 276 2512 ledatc'
313 2447 450 2510 Tcdmaa
474 2455 555 2508 aecta·
581 2446 715 2509 hirtokot
741 2448 897 2530 tdrpyazd
918 2445 1035 2531 perdere
1055 2449 1208 2530 elp'eirjoa.
1225 2443 1323 2510 1300.

299 2639 451 2706 Andreas
467 2640 530 2705 Dei
546 2641 659 2722 gracia
674 2643 743 2706 Rex
761 2640 904 2722 Vngarie
930 2637 1080 2706 fidelihus
1106 2640 1175 2706 suis
1200 2638 1321 2706 Abbati

191 2747 423 2814 etOonuentui
441 2747 652 2814 Waradiensi
669 2745 807 2813 salutem
823 2751 856 2811 et
871 2746 1025 2828 grauiam.
1040 2746 1129 2812 Dicit
1147 2745 1241 2812 nobis
1258 2747 1324 2810 Ma-

197 2857 298 2938 gister
313 2854 481 2921 lohannes
498 2853 581 2920 lilius
600 2851 753 2936 Zoloueh,
772 2851 858 2933 quod
875 2849 1060 2934 Capitulum
1071 2851 1325 2934 Quinqueeccle-

191 2961 303 3028 -siense
318 2961 449 3029 racione
465 2960 696 3027 combustionis
714 2959 794 3026 ville
811 2955 1180 3040 Quinqueecclesiensis,
1198 2965 1231 3023 et
1247 2961 1324 3044 alijs

194 3068 347 3153 dampnis
363 3073 396 3134 et
411 3069 539 3153 iniurijs
555 3069 617 3136 sibi
632 3088 690 3153 per
707 3067 851 3151 Heyzew
867 3063 975 3151 illatis,
992 3063 1138 3147 sigillum
1155 3084 1265 3130 eorum
1290 3069 1325 3132 in

197 3176 412 3262 expediendis
429 3179 539 3244 causis
555 3181 801 3261 sequestrasset,
828 3180 860 3240 et
883 3173 924 3239 ob
951 3172 1012 3238 hoe
1037 3177 1125 3238 statu
1155 3179 1187 3238 et
1211 3173 1326 3240 ordine

195 3283 377 3350 litterarum
393 3283 632 3350 memorialium
660 3283 795 3350 Comitis
822 3279 982 3366 Stephani
1006 3278 1207 3362 Vieejudiois
1233 3281 1327 3348 Curio

195 3396 305 3456 nostre
322 3387 498 3456 adfaciem
515 3397 599 3458 terre
624 3390 774 3476 Tulman,
792 3407 888 3473 super
914 3406 980 3470 qua
1007 3405 1043 3453 se
1070 3406 1144 3452 cum
1171 3388 1328 3476 Rouboyd

195 3495 261 3563 filio
277 3496 443 3581 Lamperti
467 3499 502 3564 in
525 3517 625 3564 causa
651 3517 724 3565 esse
749 3497 838 3581 dicit,
864 3494 899 3560 in
924 3493 977 3562 die
1001 3494 1046 3561 ad
1070 3493 1133 3561 hoe
1157 3503 1328 3582 assumpto

195 3603 361 3690 accedere,
383 3610 416 3670 et
431 3605 653 3673 testimonium
670 3604 749 3672 dicti
766 3603 909 3692 Capituli
925 3609 1058 3690 propter
1073 3603 1238 3670 racionem
1255 3623 1330 3689 pre-

195 3713 329 3780 missam
346 3712 507 3778 adducere
523 3713 738 3796 nequiuisset.
756 3711 862 3796 Super
881 3732 944 3796 quo
969 3710 1120 3778 fidelitati
1146 3715 1253 3778 vestre
1276 3712 1328 3778 fir-

194 3821 290 3887 miter
320 3819 530 3906 precipiendo
559 3821 766 3906 mandamns,
793 3823 953 3904 quatenus
980 3839 1053 3886 oum
1078 3819 1229 3887 Johanne
1259 3819 1329 3888 filio

195 3927 361 3994 Bamaloh
376 3928 418 3993 de
435 3947 554 4012 genere
569 3927 749 4014 Durusma,
767 3929 826 4011 qui
842 3929 912 3994 loeo
928 3927 1076 4011 Magistri
1092 3925 1263 4013 Stephany
1288 3926 1329 3996 de

191 4033 307 4101 darae
323 4055 382 4122 pro
398 4034 529 4102 homine
553 4039 668 4102 nostro
693 4033 798 4104 luerat
823 4033 1010 4120 deputatus,
1034 4033 1253 4101 testimonium
1278 4055 1330 4104 ve·

196 4151 296 4211 strum
311 4141 553 4225 transmittatis,
571 4143 615 4209 ad
634 4143 742 4210 omnia
768 4162 809 4210 ea
835 4141 1035 4228 exequenda,
1061 4160 1125 4226 que
1150 4141 1185 4208 in
1210 4141 1329 4210 litteris

195 4249 437 4318 memorialibus
455 4248 597 4318 eiusdem
619 4248 754 4318 Comitis
770 4249 928 4337 Stephani
944 4248 1084 4317 vidimus
1092 4247 1262 4316 contineri.
1286 4251 1331 4318 Et

192 4357 282 4426 idem
298 4360 465 4431 Johannes
496 4359 593 4427 homo
609 4365 720 4428 noster
736 4367 887 4446 presente
917 4363 1026 4426 uesuo
1041 4357 1225 4426 testimonio
1240 4358 1329 4425 dicat

196 4468 301 4535 eidem
317 4467 476 4554 Rouboyd
508 4469 608 4535 uerbo
641 4473 760 4550 nostro,
790 4474 826 4533 ut
841 4472 874 4533 et
889 4466 962 4556 ipse
978 4463 1136 4532 accedere
1151 4461 1271 4534 debeat
1285 4466 1329 4534 ad

195 4573 313 4644 norem
335 4584 419 4644 terre
436 4575 578 4642 Tulman
597 4575 806 4662 sopradicte3
834 4581 956 4660 etpost
979 4571 1041 4640 hoo
1057 4570 1137 4640 laeti
1152 4557 1280 4658 s'eriem,
1297 4579 1330 4646 et
