3170 5166
598 705 674 773 320.

75 907 322 990 rrwrnplreze'ri
338 907 485 990 olamdnp,
503 905 645 989 melplpel
660 903 810 988 bicorpor
820 903 1032 969 Pcobcriaoira
1043 905 1075 968 cr
1085 903 1203 970 Noatre

76 1013 268 1098 helpreyclcre
299 1015 483 1097 conatlcoad,
505 1011 650 1074 Benedclc
682 1011 860 1095 canapo-toni
886 1012 1016 1096 pitspiilr
1040 1013 1070 1076 cs
1103 987 1205 1076 Codri

78 1120 217 1184 Konrdd
231 1129 339 1185 mester
353 1121 440 1184 lebeti
450 1118 570 1206 pernen
587 1117 783 1202 trirpyaloiaa
800 1117 1018 1202 eleopoltatik.
1029 1101 1078 1182 Eo
1089 1117 1204 1182 nolunt.

179 1314 284 1379 Datur
302 1333 357 1398 pro
375 1311 540 1400 memoria,
557 1311 732 1395 quodcum
750 1311 929 1379 seeundum
962 1311 1202 1378 continenciam

74 1419 254 1490 litterarum
271 1419 506 1486 memorialium
523 1417 645 1485 domini
661 1420 761 1503 Regis
771 1420 805 1484 in
818 1420 945 1485 octauis
955 1417 1049 1485 Beati
1059 1417 1201 1484 Michae-

73 1525 114 1590 lis
129 1525 326 1610 Archangeli
342 1527 538 1596 venerabilis
554 1532 647 1614 pater
662 1526 700 1593 Β.
726 1527 908 1611 Episcopus
939 1523 1202 1612 wesprimiensis

71 1640 187 1699 contra
202 1635 394 1718 Magistrum
410 1633 604 1700 Corrardum
620 1634 661 1700 de
677 1633 776 1699 Owar
791 1641 823 1700 et
840 1633 998 1700 Jacobum
1007 1631 1108 1699 filium
1120 1632 1201 1699 eius·

75 1737 148 1806 dem
166 1741 322 1808 Comitem
336 1743 586 1826 Musuniensem,
603 1760 701 1824 super
715 1740 801 1807 facto
826 1740 1069 1826 possessionum
1099 1739 1200 1806 Puch-

74 1863 203 1915 wasara
219 1853 251 1914 et
266 1849 387 1915 Noatro
404 1853 593 1914 necatarum
609 1848 735 1914 litteras
751 1865 809 1913 seu
835 1846 1060 1931 instrumenta,
1086 1845 1202 1929 quibus

73 1953 290 2024 mediantibus
307 1954 411 2022 dictas
428 1956 651 2040 possessiones
667 1953 847 2020 dinoscitur
863 1953 1060 2039 possedisse,
1092 1971 1201 2018 coram

73 2060 166 2126 nobis
183 2060 337 2128 exhibere
353 2061 540 2146 debuisset;
559 2059 809 2127 aduenientibus
825 2059 908 2142 ipsis
924 2059 1049 2124 octenis
1081 2057 1201 2139 Magis-

73 2174 121 2231 ter
136 2168 184 2234 St.
203 2176 235 2234 et
250 2169 366 2236 Comes
392 2169 561 2238 Johannes
591 2175 815 2252 procuratores
848 2167 927 2233 dicti
958 2165 1113 2250 Episcopi
1143 2183 1202 2247 pro

72 2273 188 2340 eodem
204 2277 418 2362 comparando
435 2283 548 2344 contra
563 2276 756 2360 Magistrum
773 2274 970 2341 Corrardum
987 2278 1018 2339 et
1043 2271 1201 2339 iacobum

76 2382 242 2470 Comitem,
259 2405 317 2469 pro
334 2387 452 2468 quibus
469 2383 628 2468 Magister
643 2383 820 2468 Dyonisius
836 2388 868 2446 et
892 2380 1021 2460 Comes,
1037 2377 1202 2444 Adrianus

72 2497 297 2573 procuratores
313 2493 488 2559 eorundem
505 2497 760 2579 comparuerunt,
792 2490 1007 2557 exbibuerunt
1039 2483 1199 2570 quasdam

72 2595 200 2663 litteras
217 2599 358 2685 Capituli
374 2599 556 2668 Jauriensis
572 2619 669 2684 super
685 2602 840 2682 premisso
857 2595 995 2682 negocio
1027 2593 1202 2677 consectas,

71 2704 192 2770 Verum
209 2707 288 2788 quia
305 2707 344 2774 de
360 2708 574 2793 permissione
591 2705 714 2772 domini
729 2705 828 2790 Regis
844 2703 989 2771 decuria
1005 2701 1151 2768 eiusdem
1168 2701 1214 2768 in.

72 2810 198 2878 Budam
215 2812 332 2880 suimus
349 2815 492 2900 peruecti
509 2816 552 2880 ad
568 2812 807 2898 expediendum
824 2811 996 2878 rniuersas
1012 2829 1128 2876 causas
1145 2829 1202 2874 no·

71 2917 188 2984 bilium
205 2926 238 2985 et
253 2920 444 3003 ignobilium
461 2921 566 3003 Regni
583 2919 643 3006 sui,
661 2937 722 2984 nec
737 2937 864 2983 eramus
882 2919 917 2982 in
942 2917 1014 2982 loeo
1031 2921 1143 2982 nostro
1159 2911 1203 2979 ad

72 3021 284 3092 iudicandum
310 3026 477 3115 deputato,
494 3027 659 3114 predictas
686 3024 814 3090 litteras
846 3021 990 3106 Capituli
1020 3020 1202 3087 Jauriensis

70 3128 196 3197 eisdem
212 3133 475 3217 procuratoribus
492 3134 647 3219 Episcopi
664 3129 929 3216 wesprimiensis
960 3127 1069 3211 capite
1097 3127 1201 3210 sigilli

70 3237 175 3303 nostri
190 3237 369 3324 impressas
385 3239 586 3308 reddidimus
602 3237 747 3326 partibus
759 3235 1072 3321 assumpmentibus;
1090 3233 1202 3300 decer-

70 3351 198 3432 nentes,
217 3347 301 3430 quod
316 3348 351 3413 in
367 3351 492 3416 octauis
507 3348 603 3418 Beati
619 3347 751 3413 Martini
769 3343 961 3412 confessoris
979 3341 1074 3408 ambe
1090 3351 1203 3426 partes

70 3462 289 3540 compareant
304 3478 413 3525 coram
429 3459 522 3526 nobis
539 3458 683 3542 proprijs
701 3457 735 3520 in
750 3453 907 3540 personis,
926 3459 958 3518 et
983 3452 1068 3517 idem
1101 3449 1200 3517 domi·
1239 3507 1246 3550 ,

69 3581 132 3627 nus
149 3561 337 3650 Episcopus
353 3565 616 3650 Wesprimiensis
635 3563 766 3631 easdem
792 3562 917 3626 litteras
951 3555 1092 3643 Capituli
1123 3553 1202 3621 Jau-

68 3669 189 3734 riensis
205 3670 299 3737 nobis
317 3672 470 3741 exhibeat
495 3673 629 3749 itcrat03
657 3670 773 3756 quibus
808 3666 962 3736 exhibitis
993 3664 1202 3731 decernemus

68 3774 157 3840 inter
172 3784 284 3862 partes
301 3781 430 3848 iusticia
446 3779 619 3848 mediante.
638 3781 761 3846 Datum
777 3781 811 3844 in
828 3774 935 3845 Zeech
951 3773 1063 3859 quinto
1080 3770 1132 3838 die
1149 3791 1201 3838 oc·

69 3889 223 3949 tanarum
238 3885 351 3953 Sancti
366 3885 546 3955 Michaelis.

178 3990 300 4058 Kirdl:
315 3993 378 4062 Pro
396 3991 524 4060 domino
540 3993 703 4079 Episcopo
719 3991 975 4074 Wesprimiensi.

312 4101 375 4170 Pro
392 4101 551 4186 Magistro
568 4101 725 4170 Cerrardo
741 4106 773 4166 et
788 4097 912 4166 Comite
928 4096 1049 4166 Jacobo
1076 4093 1118 4160 ad
1149 4111 1201 4159 oc-

65 4211 167 4271 ranas
182 4203 294 4274 Sancti
307 4207 449 4275 Martini.

67 4349 211 4420 (Eredetie
227 4347 401 4420 birhtrtytm
424 4349 588 4422 antrpecsit
611 4351 789 4415 elresaettpa
808 4367 842 4402 m.
856 4351 881 4402 b.
902 4347 998 4414 Reray
1017 4343 1108 4400 esaltd
1120 4344 1202 4397 levil-

567 4437 706 4505 tiriban.)

531 4601 745 4612 ...ιι-...ιιι-
