3120 5172
596 353 747 458 ..Q

214 553 371 620 Preterea
387 549 503 618 Comes
520 548 663 618 Thomas
680 550 830 636 prelatus
846 551 997 620 similiter
1011 572 1071 640 pro
1089 571 1126 621 se
1141 560 1173 621 et
1182 573 1243 639 pro

100 659 184 744 lilijs
200 661 280 748 suis,
296 659 485 746 Stephanus
499 657 586 726 lilius
603 659 676 725 Aba
690 678 748 744 pro
766 679 803 726 se
819 665 851 728 et
866 657 945 744 lilijr
961 660 1041 745 suis,
1053 658 1240 746 Stephanus

102 767 192 837 lilius
208 768 327 834 hlioow
342 785 403 854 pro
417 784 454 832 se
470 773 504 834 et
519 785 578 852 pro
595 765 715 832 Buaow
730 765 831 832 fratre
857 785 916 834 suo
941 766 985 834 ad
1010 767 1240 852 interrogacio-

104 895 180 942 nem
197 872 399 961 prefatorum
416 873 550 941 comitis
567 872 740 940 Michaelis
756 863 788 940 et
802 872 943 941 filiorum
969 893 1101 942 suornm
1127 873 1240 942 eodem

104 981 203 1048 modo
225 977 402 1068 judiciario
428 977 544 1046 ordine
575 985 698 1044 terram
722 980 933 1066 septuaginta
948 1022 951 1030 ·
952 979 1117 1066 jugerum,
1144 999 1242 1065 quam

104 1089 193 1156 idem
211 1088 328 1154 comes
343 1086 486 1153 Thomas
502 1083 611 1152 eidem
639 1085 757 1153 Comiti
781 1083 937 1152 hliohaeli
963 1095 995 1153 et
1020 1085 1099 1172 lilijs
1124 1085 1195 1154 suis
1222 1107 1243 1154 a

104 1197 246 1265 Nieolao
261 1193 499 1262 Arohitiiaoono
530 1199 563 1260 st
577 1192 730 1260 Bothond
760 1192 861 1262 fratre
881 1210 941 1262 suo
956 1195 1176 1265 mediantibus
1191 1194 1243 1264 lit·

103 1307 183 1373 teris
219 1301 363 1390 Capituli
398 1301 631 1388 strigoniensis
666 1313 901 1388 oonparauerat
934 1301 976 1372 de
1011 1311 1098 1373 terra
1129 1326 1240 1375 eornm

103 1412 261 1482 Pehehan
278 1411 456 1498 nominata,
471 1411 671 1496 reliquerunt
688 1410 804 1477 comiti
831 1409 983 1479 Michaeli
1015 1417 1047 1480 et
1071 1413 1150 1500 lilijs
1175 1417 1243 1485 suis

103 1528 263 1607 perpetuo
278 1517 520 1606 possidendam,
535 1515 713 1586 seeundum
730 1517 870 1586 sormam
885 1519 1070 1588 litterarum
1096 1522 1239 1610 capituli

103 1629 344 1714 Strigoniensis
360 1629 426 1695 iam
442 1627 612 1694 dictarum.
629 1623 774 1704 Quarum
790 1627 973 1696 litterarum
991 1627 1137 1714 Capituli
1162 1630 1242 1726 Stri-

99 1736 275 1823 goniensis
290 1744 382 1804 tenor
398 1736 452 1802 hie
469 1743 537 1802 est:

214 1844 285 1912 Nos
302 1843 486 1930 Capitulum
501 1843 736 1928 strigoniensis
764 1843 910 1911 Eeelesie
935 1843 999 1910 stb.
1024 1835 1258 1938 (lrl'tvotlrealln¹

104 1974 144 2020 az
181 1951 378 2034 esztergnrni
409 1949 640 2037 ktptalannals
670 1949 807 2021 rasi-ki
831 1951 1131 2038 hizonysaglevele,
1156 1954 1239 2022 mint

99 2059 388 2146 gylljtemenyunls
405 2057 462 2126 lX.
480 2061 637 2146 vagyisa
661 2058 816 2127 maisodik
841 2059 964 2144 l'olyam
980 2057 1034 2125 IV.
1063 2055 1241 2128 koterehon

100 2172 181 2236 306.
197 2165 281 2254 lap.)

217 2275 369 2342 Ceterum
384 2270 470 2340 idem
487 2273 755 2340 (lomes'l'homas
771 2293 808 2342 se
824 2281 857 2341 et
872 2291 950 2341 suos
965 2273 1063 2360 lilios,
1091 2293 1153 2342 neo
1176 2295 1241 2343 non

94 2413 98 2420 ·
105 2382 317 2472 prenominat
332 2381 463 2467 eognati
478 2381 530 2447 sui
546 2379 759 2464 singulariter
775 2381 926 2450 similiter
940 2401 1000 2466 pro
1015 2379 1092 2466 filijs
1119 2388 1151 2449 et
1174 2382 1240 2451 lra-

102 2491 211 2557 tribus
227 2508 347 2575 eorum,
365 2488 594 2574 obligauerunt
610 2507 654 2570 se,
671 2487 761 2572 quod
790 2488 832 2554 de
858 2493 966 2555 oetero
991 2507 1158 2572 nunquam
1181 2491 1242 2558 ali·

97 2596 237 2681 qualem
268 2596 407 2664 mouere*
430 2604 564 2683 possent
594 2595 660 2663 litis
682 2596 885 2679 questionem
902 2615 999 2680 super
1014 2593 1084 2684 hoe,
1101 2613 1162 2662 neo
1180 2597 1240 2663 ali·
1300 2589 1302 2594 ⁴

98 2725 183 2790 quas
200 2703 332 2772 litteras
348 2705 382 2772 in
398 2703 461 2772 huo
477 2725 579 2770 eausa
604 2723 777 2790 prooessss
803 2687 970 2771 maliciose
995 2723 1184 2790 reseruare;
1212 2705 1240 2773 si

98 2833 185 2898 quas
201 2817 313 2879 antem
339 2819 553 2897 reseruarent,
569 2830 662 2879 oasse
679 2817 787 2878 essent
803 2816 836 2878 et
850 2812 975 2896 inanes,
994 2811 1029 2877 in
1053 2809 1116 2879 hoe
1140 2832 1241 2898 nego-

95 2922 150 2988 oio
168 2919 307 2988 ulterius
322 2925 513 3006 perpetuum
529 2919 700 2986 silenoium
727 2938 826 3005 snper
851 2937 887 2984 se
911 2927 1176 3005 assumpmentes.
1202 2919 1239 2985 In

99 3028 196 3094 ouius
211 3027 261 3094 rei
275 3029 466 3095 memoriam
482 3034 737 3113 perpetuamque
761 3026 946 3092 firmitatem
973 3033 1142 3110 presentes
1166 3045 1239 3092 oon·

97 3139 266 3204 oessimus
280 3136 408 3203 litteras
424 3134 590 3221 duppliois
605 3135 709 3220 sigilli
726 3133 829 3201 nostri
854 3133 1031 3199 munimine
1056 3130 1237 3200 roboratas.

99 3243 226 3309 Datum
242 3259 304 3328 per
320 3261 436 3310 manus
451 3241 649 3311 venerabilis
661 3241 764 3326 patris
780 3239 937 3324 Anthonij
955 3241 1017 3306 Dei
1031 3240 1146 3324 graoiu
1161 3240 1239 3327 Epi-

100 3350 195 3438 seopi
212 3347 451 3418 Ghsnadiensis
477 3349 551 3416 aule
574 3357 686 3417 nostre
711 3346 910 3432 Ganoellarij
938 3347 1050 3415 dileoti
1076 3353 1108 3414 et
1132 3346 1240 3417 tidelis

102 3461 221 3542 nostri,
238 3476 326 3524 anno
334 3455 467 3524 Domini
477 3456 651 3524 millesimo
659 3455 879 3524 ducentesimo
888 3455 1100 3544 nonagesimo
1110 3463 1238 3542 oetano,

100 3563 211 3648 Regni
224 3569 333 3630 autem
349 3564 450 3631 nostri
466 3584 552 3630 anno
568 3569 693 3632 ootauo.

98 3761 247 3828 (Erodstis
260 3759 438 3828 bllrhlrtylm
453 3777 469 3813 s
482 3760 656 3828 sarge-soros
669 3760 900 3828 sslysmasinhron
922 3766 1032 3846 lllggtttt
1050 3761 1142 3830 posset
1165 3763 1239 3814 slve·

365 3857 442 3915 ssett,
456 3867 475 3904 a
485 3851 567 3904 bniai
578 3851 632 3902 lrir.
645 3852 770 3902 hamarsi
779 3849 970 3920 levtltlrban.)

574 4133 784 4149 m
