3120 5172
781 297 940 394 222—-

301 485 351 553 rio
367 492 478 554 nostro
493 485 526 551 in
541 489 705 571 posterum
721 488 937 572 profuturum.
963 491 1003 556 In
1018 489 1158 558 ouiusrci
1188 491 1375 558 memoriam
1389 501 1416 560 et

303 599 493 678 perpetuum
507 591 691 659 firmitatem
715 601 886 680 presentes
911 595 1016 664 eidem
1032 597 1213 665 venerabili
1228 599 1317 684 petri
1333 599 1415 666 dedi·

294 717 366 766 mue
380 699 508 768 litterae
523 698 568 766 ud
599 699 754 767 maiorem
770 701 865 770 huius
891 703 939 770 rei
964 702 1187 772 certitudinem
1203 709 1235 772 e't
1251 703 1415 774 euidenoio

247 827 250 834 ·
298 825 366 872 rem
383 807 543 874 cautelam
567 807 671 892 sigilli
695 811 798 878 nostri
828 809 1008 876 munimine
1022 811 1204 880 roboratus.
1235 813 1356 879 Datum
1384 819 1414 880 st

295 919 402 979 sctum
418 913 508 998 opud
524 915 757 982 monesterium
764 922 911 986 nostrum
921 915 1040 986 Sancte
1049 917 1163 986 Crucis
1181 921 1216 987 iu
1231 919 1317 987 festo
1327 919 1412 986 Beati
1541 901 1542 974 ἶ

295 1017 457 1086 lobannis
472 1021 621 1106 Baptiste
629 1075 640 1110 ,
665 1043 751 1090 enno
766 1025 900 1092 Domini
924 1025 1096 1093 millesimo
1124 1026 1195 1094 OC·
1208 1027 1413 1111 nonagesimo

294 1127 443 1212 septimo.

298 1291 348 1354 (An
364 1292 468 1343 erudeli
481 1287 549 1344 utin
562 1293 657 1344 Knsus
669 1291 788 1358 Ntuslor,
813 1261 928 1361 Hesper
942 1292 1008 1347 Sion
1022 1295 1074 1347 111.
1099 1296 1156 1349 ket.
1169 1297 1231 1349 945.
1243 1297 1262 1348 l.
1276 1293 1350 1348 usu
1361 1292 1419 1347 leu-

743 1381 807 1433 tebb
822 1385 882 1434 176.
895 1400 930 1435 sn.
944 1383 981 1448 u.)

810 2177 884 2248 let.

292 2376 381 2444 Troo
396 2377 568 2446 dalmatici
583 2381 614 2444 6⁸
635 2377 726 2444 Vesta
742 2381 812 2445 also
823 2380 1039 2464 otasmsops·
1048 2378 1181 2446 odrosok
1195 2381 1280 2444 teeti
1293 2379 1419 2444 cetmo-

770 2490 823 2552 te's.
833 2480 932 2550 1297.

394 2629 488 2695 Anno
504 2628 676 2695 Dominice
691 2628 936 2698 Inoumecionis
952 2625 1076 2698 Mtcc·
1094 2627 1305 2712 nonogesimo
1315 2626 1411 2713 septi-

286 2759 350 2805 mo.
366 2737 535 2822 Regnunte
546 2738 675 2806 domino
694 2745 805 2806 nostro
815 2740 939 2807 Kurnlo
953 2737 1095 2806 secundo
1105 2739 1168 2804 Dei
1184 2737 1298 2822 gracie
1313 2737 1412 2802 Illus-
1504 2781 1506 2784 -

286 2844 430 2910 trissimo
440 2847 529 2929 Rege
538 2846 738 2930 Jerusalem,
752 2844 876 2930 Sicilie,
886 2847 978 2914 Duce
992 2845 1122 2933 Apulis,
1140 2851 1172 2911 et
1189 2845 1343 2929 Principe
1353 2842 1411 2909 cr·
1543 2851 1544 2908 ἰ

284 2951 527 3036 pue,Prouinoie
538 2957 569 3018 et
578 2953 800 3038 Forcalquirie
815 2953 948 3040 Comite,
961 2955 1144 3036 Regnorum
1154 2958 1263 3019 autem
1271 2952 1410 3018 feliciter

283 3078 369 3127 anno
385 3059 489 3148 xm,
506 3061 627 3129 mensis
642 3061 765 3149 Aprilis
790 3059 843 3129 die
868 3061 1011 3128 secundo
1041 3057 1185 3128 eiusdem
1210 3066 1320 3125 ectum
1335 3059 1408 3125 ltul.

237 3211 241 3219 -
283 3167 372 3254 opud
387 3170 514 3236 Vestes.
535 3171 603 3238 Nos
619 3171 754 3238 Scsrms
764 3167 805 3236 de
821 3169 941 3238 Sancto
957 3166 1091 3235 Andrus
1105 3167 1276 3234 Ventorum
1292 3165 1410 3248 Judex,

283 3278 427 3346 Felicius
443 3275 528 3344 dicte
545 3285 630 3346 terre
645 3279 819 3364 Notarius,
853 3284 886 3343 et
904 3275 1078 3364 subscripti
1112 3281 1211 3342 testes
1237 3270 1278 3340 de
1294 3272 1410 3340 eodem
1472 3353 1477 3365 .
1543 3275 1544 3286 ¹

269 3383 485 3454 bubitetores
501 3383 545 3451 ad
561 3387 623 3454 hec
638 3387 743 3455 uocati
760 3385 948 3472 specialiter
973 3389 1006 3452 et
1021 3386 1129 3468 rog'uti
1154 3385 1189 3450 in
1206 3377 1303 3448 unum
1319 3397 1410 3444 more

282 3500 314 3558 et
329 3497 401 3562 loco
417 3496 513 3562 solito
539 3495 765 3564 Vniuersitetis
791 3494 973 3563 Vestemm.
1005 3494 1047 3560 Et
1064 3493 1158 3560 nobis
1190 3487 1411 3574 presentibus,

282 3621 353 3670 cum
371 3605 486 3670 eadem
502 3606 664 3673 affuerunt
681 3606 724 3672 ad
741 3605 811 3673 eius
835 3603 1055 3691 presenciam,
1082 3599 1209 3686 prouidi
1226 3595 1287 3660 viri
1303 3593 1410 3678 Ange·

282 3708 335 3774 lus
351 3710 392 3776 de
408 3709 595 3798 vincensis,
612 3719 644 3778 et
659 3713 827 3782 Johonnes
843 3711 884 3779 de
900 3711 1016 3796 Rugio,
1033 3707 1182 3774 concines
1197 3705 1310 3788 nostri,
1328 3699 1409 3766 olim

280 3818 397 3886 statuti
413 3828 446 3888 et
462 3821 602 3888 ordinati
626 3821 751 3888 Sindiei
777 3840 835 3906 per
851 3817 1105 3887 Vniuersitatem
1130 3811 1266 3881 eandem
1283 3807 1327 3876 ad
1341 3815 1407 3874 tru-

280 3925 432 3994 ctandum
449 3937 482 3996 et
496 3927 710 3997 ordinandum
734 3949 848 4014 paoem
866 3937 899 3995 et
924 3924 1129 3993 concordiem
1156 3921 1239 3986 inter
1256 3917 1409 3984 homines

279 4033 384 4118 ipsius
416 4033 567 4105 Ciuitatis
597 4038 790 4122 Vestarnm,
822 4043 854 4104 et
884 4037 1060 4104 Commune
1085 4035 1118 4095 et
1141 4027 1289 4093 homines
1320 4023 1409 4089 Cini-

277 4143 357 4211 tatis
373 4145 536 4234 Tragurij,
550 4147 637 4213 inler
652 4167 734 4232 quas
764 4146 935 4213 videbatur
965 4149 997 4209 et
1022 4137 1253 4224 espectebatur
1283 4131 1413 4198 discor-

278 4247 353 4336 dia,
370 4271 410 4318 ac
442 4253 544 4322 eciam
575 4275 694 4340 guerro
723 4273 783 4340 pro
815 4274 865 4338 eo,
891 4249 978 4336 qnod
994 4249 1142 4316 homines
1159 4242 1303 4312 eiusdem
1318 4245 1409 4303 terre

277 4367 388 4426 nostre
403 4361 575 4430 vestorum
592 4364 789 4430 offensiones
804 4367 838 4428 et
853 4359 973 4426 dumne
988 4357 1131 4444 plurima
1161 4351 1352 4436 receperunt
1368 4347 1406 4412 in

276 4469 425 4551 personis
440 4477 473 4536 et
488 4470 583 4537 rebus
599 4471 752 4554 spiratis
769 4487 825 4537 seu
841 4467 996 4552 cursurijs
1016 4461 1203 4546 Dulmucie,
1219 4457 1303 4524 inter
1319 4471 1408 4536 (1¹1⁰ss

278 4595 319 4642 ox
335 4577 435 4646 certis
446 4575 746 4660 presumptionibus
769 4577 1041 4661 presumebantnr
1070 4569 1172 4640 inisse
1196 4567 1340 4637 hominos
1358 4565 1410 4630 de
