3170 5166
583 921 660 990 252.

69 1114 175 1182 laudo
185 1138 286 1182 eomes
296 1118 579 1202 alorszdpbiro'uulc
596 1142 675 1184 ozon
690 1119 921 1186 boroattdaclrat
931 1126 1084 1208 triepyoao
1096 1125 1191 1190 tielet-

69 1223 160 1308 leeele,
177 1224 324 1310 scalpebat
340 1224 456 1289 dezlo
467 1223 698 1310 Jrinoaaabfiu
714 1227 841 1314 Rcfepa
855 1229 917 1294 boin
942 1231 1090 1296 etteoeteo
1115 1231 1207 1296 elle·-

520 1340 618 1398 vetctt.
635 1335 733 1398 1300.

172 1523 241 1590 Nos
258 1524 372 1590 (lomes
391 1525 437 1591 St.
455 1525 634 1608 Vicejudex
654 1527 748 1592 Ourie
765 1525 887 1594 domini
912 1529 1011 1610 Regis
1037 1533 1207 1597 memorie.

69 1629 332 1697 commendantes
348 1631 570 1715 significamus
595 1634 755 1700 uniuersis
773 1634 891 1719 quibus
917 1633 1048 1721 expedit
1063 1658 1210 1722 presen-

68 1740 148 1804 cium
165 1757 225 1824 per
250 1744 413 1804 tenerem:
448 1739 533 1822 quod
564 1759 636 1805 cum
662 1740 818 1824 Magister
849 1743 961 1810 Dansa
991 1761 1050 1827 pro
1066 1744 1193 1828 Rufeyn

68 1845 156 1910 Bano
172 1843 275 1912 fratre
292 1865 350 1912 sue
372 1845 505 1912 racione
523 1846 745 1932 dampnorum,
762 1848 959 1931 iniuriarum,
975 1855 1007 1915 et
1024 1868 1198 1915 nocumen-

69 1959 171 2018 torum
187 1971 246 2038 per
261 1951 454 2019 Ladinlaum
470 1952 571 2018 filium
587 1951 746 2019 lobannis
762 1951 820 2038 filij
839 1954 1021 2022 Chabanlra
1031 1955 1195 2021 illatorum

70 2061 101 2122 in
117 2059 289 2142 presencia
322 2057 442 2125 domini
465 2057 594 2125 Andree
609 2059 749 2126 Illustris
780 2059 880 2144 Regis
899 2055 1069 2144 Hungarie
1086 2083 1195 2147 perso·

69 2165 188 2232 naliter
204 2164 370 2231 inuentum
385 2163 529 2248 legitime
545 2163 731 2250 reimpediri
747 2165 888 2254 fecisset,
905 2174 938 2234 et
956 2189 1015 2253 pro
1026 2168 1195 2236 exibendis

70 2271 184 2338 litteris
201 2277 314 2338 contra
329 2271 438 2355 ipsum
453 2271 643 2341 Ladinlaum
657 2293 758 2357 usque
775 2273 817 2339 ad
834 2273 1040 2342 amissionem
1057 2295 1195 2361 persone

71 2385 98 2442 ct
113 2380 355 2464 possessionum
373 2399 504 2446 suarum
531 2380 673 2446 omnium
704 2380 825 2448 habitis
841 2389 873 2446 et
889 2381 1042 2448 confectis
1060 2383 1196 2450 tercium

71 2483 151 2550 diem
168 2492 351 2552 strenarum
368 2487 618 2572 assumpsisset;
651 2493 683 2554 et
697 2488 782 2553 illem
799 2488 973 2556 Ladizlaus
999 2489 1070 2576 ipsc
1088 2489 1140 2556 die
1162 2490 1197 2555 in

71 2591 240 2672 presencia
256 2592 360 2677 Regia
375 2594 593 2679 peremptorie
626 2615 812 2678 comparere
830 2596 1014 2683 debuisset,
1047 2603 1143 2681 prout
1158 2601 1195 2664 in

71 2696 185 2766 litteris
218 2699 340 2766 domini
355 2701 455 2784 Regis
481 2702 724 2769 memorialibus
744 2722 802 2787 per
832 2699 1012 2789 predictum
1036 2705 1196 2792 Rophoyn

72 2804 198 2872 Banum
214 2806 308 2873 nobis
325 2807 456 2874 exibitis
472 2809 631 2876 contineri
647 2809 806 2894 vidimns;
824 2819 856 2876 et
871 2810 976 2896 ipsam
993 2831 1125 2878 causam
1141 2813 1199 2878 do-

71 2913 177 2978 minus
193 2915 266 2980 Rex
282 2915 376 2983 nobis
393 2915 606 2983 commisisset
623 2915 855 3001 decidendam
881 2918 968 2984 idem
986 2919 1114 3003 Rufeyn
1133 2921 1198 2984 Ba·

68 3040 129 3086 nus
145 3023 365 3105 personaliter
381 3023 599 3110 competendo
616 3043 728 3090 omues
760 3023 883 3090 litteras
899 3045 985 3106 suas,
1001 3032 1033 3088 et
1049 3025 1198 3108 speciali·

69 3133 117 3190 ter
143 3135 295 3212 patentes
320 3129 448 3205 litteras
479 3138 609 3197 nostras
634 3151 731 3216 super
756 3130 1055 3216 condempnacione
1080 3127 1201 3215 capitis

68 3234 149 3301 dicti
166 3235 315 3302 Ladizlai
326 3286 334 3319 ‚
362 3242 394 3304 et
409 3237 587 3304 amissione
611 3236 854 3323 possessionum
878 3257 1009 3304 suarum
1028 3237 1149 3304 exibuit
1165 3237 1200 3301 in

68 3341 175 3408 nostri
190 3344 373 3429 presencia,
389 3351 424 3409 ut
440 3343 600 3428 debebat5
617 3341 783 3429 predictus
799 3363 876 3409 vcro
892 3341 1089 3431 Ladizlaus,
1106 3348 1202 3426 prout

67 3457 306 3536 assumpserat,
324 3451 538 3536 personaliter
554 3473 618 3518 non
630 3453 820 3538 comparuit,
837 3451 896 3516 sed
912 3450 1068 3536 Magister
1077 3452 1217 3517 Paulus-

67 3556 157 3624 filins
176 3556 265 3624 Petri
281 3564 438 3642 cognatus
453 3578 550 3644 suus,
577 3564 609 3624 et
625 3557 757 3642 quidam
774 3558 920 3625 seruiens
936 3557 1078 3624 eiusdem
1095 3559 1201 3625 astite

65 3673 143 3731 runt
159 3685 222 3749 pro
239 3663 362 3750 ecdem,
381 3670 412 3729 et
428 3683 486 3750 pro
503 3665 574 3749 ipso
591 3664 748 3731 Ladizlao
764 3664 970 3748 respondere,
987 3663 1041 3730 uel
1057 3665 1202 3746 aliquam

64 3775 257 3840 euidentem
273 3771 438 3839 racionem
468 3771 657 3858 pretendere
683 3771 906 3855 nequiuernnt,
922 3791 960 3838 eo
989 3773 1076 3855 qnod
1092 3771 1217 3837 nullas

65 3883 199 3950 litteras
216 3879 456 3967 procuratorias
467 3879 696 3945 habueruutin
712 3880 772 3946 hcc
784 3876 880 3946 iactu.
891 3878 1010 3946 Verum
1028 3879 1205 3963 quiaidem

64 3991 252 4058 Ladialaus
267 3990 399 4057 racione
415 3995 691 4075 monumentorum,
703 3987 926 4072 dampnorum,
938 3988 1204 4055 interleceionum

65 4105 100 4166 et
116 4097 384 4165 unlneracicnem
400 4095 609 4180 icbagicnum
640 4096 783 4162 eiusdem
799 4097 927 4180 Rcicyn
943 4095 1027 4160 Bari
1043 4102 1130 4162 statu
1146 4115 1204 4182 pa·

64 4207 217 4275 tenuium
234 4204 373 4272 aliarum
398 4203 581 4270 litterarum
607 4211 786 4270 nostrarum
813 4202 947 4290 capitali
963 4203 1131 4270 sentencia
1148 4222 1205 4287 pu-

64 4315 226 4404 niendus,
243 4321 276 4382 et
291 4312 359 4382 suis
385 4310 647 4400 possessionibus
673 4311 854 4397 prinandus
879 4309 1041 4378 uniuersis
1059 4318 1108 4376 est
1134 4328 1207 4376 con·

64 4427 189 4512 nictus,
207 4430 306 4511 prout
321 4421 355 4489 in
371 4421 451 4508 ipsis
467 4421 629 4509 prioribus
645 4420 831 4506 patentibus
850 4419 969 4487 litteris
986 4416 1106 4486 nostris
1123 4435 1208 4484 com·

63 4535 226 4624 perimns,
245 4535 280 4598 et
294 4528 338 4598 ad
353 4549 487 4616 presens
520 4530 563 4597 ad
579 4529 713 4597 tercium
739 4528 827 4595 diem
858 4521 1133 4613 strc(lgy)narum
1151 4541 1224 4608 per·
