3098 5172
872 220 1027 318 E.

378 423 410 484 et
420 415 658 482 habitatoribus
666 415 853 482 destitutam
866 437 874 498 ;
891 420 923 480 et
933 414 1007 480 licet
1022 433 1080 480 nos
1097 411 1309 480 consideratis
1323 433 1423 481 eorum
1435 434 1486 481 ser-

378 522 474 606 uicijs
489 523 523 587 in
539 529 629 589 tanto
646 529 678 588 et
693 521 907 607 amplioribus
923 541 977 588 ecs
994 520 1165 606 prouidere
1175 521 1216 586 de
1230 522 1418 606 benignitate
1438 523 1486 586 lle

378 630 435 714 gia
450 637 637 698 teneamur:
663 635 773 694 tamon
790 629 867 712 quia
892 629 984 695 nobis
1010 626 1051 693 de
1077 629 1233 713 qualitate
1259 636 1292 696 et
1318 636 1397 697 stato
1419 635 1485 692 terre

378 736 466 804 illius
482 737 605 803 veritas
622 757 686 802 non
710 737 898 819 constabat,
916 755 936 800 a
954 734 1110 818 Magistro
1130 735 1260 800 Matheo
1278 733 1398 803 Gemite
1410 735 1486 798 Poso-

381 844 484 910 niensi
502 842 618 910 dilecto
636 847 669 907 et
685 842 776 908 fideli
793 849 903 908 nostro
920 843 1132 928 requirentes,
1158 843 1312 908 scierimus
1340 862 1405 908 eam
1427 859 1481 906 esse

382 970 519 1017 vacuam
545 957 576 1015 ct
601 949 746 1034 predicte
772 949 973 1032 quantitatis,
990 955 1022 1012 et
1047 949 1090 1014 ad
1121 954 1266 1014 nostram
1299 948 1482 1014 collationem

270 1088 272 1094 ·
379 1078 460 1144 pure
476 1064 507 1124 et
523 1057 713 1140 simpliciter
723 1056 893 1142 pertinere,
912 1055 1183 1140 quemadmodum
1209 1076 1267 1139 per
1296 1056 1418 1121 eosdem
1438 1055 1482 1118 Pe·

381 1169 467 1230 trum
483 1170 515 1230 et
533 1163 727 1230 Farkasium
745 1163 887 1229 Comites
904 1162 998 1228 nobis
1024 1162 1130 1227 fuerat
1154 1162 1331 1229 recitatum.
1361 1164 1421 1228 Nos
1441 1161 1485 1224 itc-

380 1290 450 1354 que,
467 1269 521 1352 qui
537 1270 642 1336 metiri
659 1270 814 1336 debemus
830 1271 946 1336 merita
963 1268 1176 1355 singulorum,
1194 1276 1225 1335 et
1251 1269 1419 1353 unicuique
1441 1287 1486 1352 pro

381 1377 503 1444 meritis
519 1377 727 1463 respondere,
745 1385 872 1461 gratam
887 1379 1077 1445 fidelitatem
1105 1385 1138 1444 et
1162 1380 1329 1446 meritoria
1355 1377 1484 1458 obsequia
1536 1399 1537 1450 J

383 1484 555 1551 eorundem
581 1485 670 1551 Petri
691 1493 722 1551 et
747 1485 893 1570 Farcasij
907 1485 1075 1572 Comitum,
1103 1506 1166 1568 que
1191 1486 1285 1552 uobis
1312 1489 1346 1552 in
1372 1483 1485 1551 diuersis

385 1594 491 1676 Regni
518 1591 792 1680 expedicionibus,
820 1601 853 1659 ot
878 1592 1098 1678 specialiter
1090 1614 1124 1657 ιιι
1141 1592 1488 1675 gerendiscontiniorum
1536 1581 1537 1646 l

388 1699 691 1784 impenderuntt
645 1706 691 1766 att
693 1699 812 1766 endent
799 1708 848 1766 tes
850 1699 1058 1786 ,predictam
1074 1705 1194 1766 terrem
1205 1699 1315 1767 (lastri
1341 1696 1487 1766 Posonien·

386 1807 441 1889 sis,
457 1807 589 1874 subt
532 1828 572 1872 an
576 1805 675 1890 liquis
692 1809 785 1872 metis
802 1814 834 1872 et
849 1807 1008 1893 prioribus
1035 1807 1313 1874 distinccionumt
1299 1804 1436 1873 terminis
1457 1773 1537 1866 abl

380 1915 494 1981 eodem
509 1914 701 1982 Posoniensi
720 1914 832 1981 Castro
850 1921 882 1980 ot
899 1915 968 1980 eius
991 1912 1537 2000 jurisdiccioneexcipientespe
1536 1889 1537 1962 l

380 2021 468 2088 nitus
484 2028 515 2088 et
540 2023 729 2102 eximentes,
754 2022 913 2103 dedimus,
938 2021 1132 2088 donauimus
1159 2027 1191 2085 et
1216 2021 1407 2087 contulimus
1433 2019 1487 2082 iam
1536 2011 1537 2092 l

380 2129 478 2196 dictis
494 2131 588 2195 Petro
600 2135 637 2193 'et
652 2130 809 2197 Furcasio
825 2127 1006 2196 Comitibus
1023 2127 1092 2194 iure
1109 2129 1260 2213 perpetui
1280 2127 1409 2212 dominii
1424 2127 1487 2190 irre-

379 2236 573 2303 uocabiliter
588 2236 828 2321 possidendam.
845 2239 880 2301 In
900 2235 989 2303 cuins
1017 2238 1063 2303 rei
1090 2239 1279 2302 memoriam
1304 2243 1488 2321 perpetuam·

384 2365 446 2428 que
462 2344 646 2410 firmitatem
662 2350 829 2430 presentes
846 2345 1065 2410 concessimus
1090 2344 1217 2412 litteras
1244 2343 1381 2429 duplicis
1404 2335 1490 2423 sigilli

380 2453 482 2518 nostri
499 2452 675 2517 munimine
690 2452 871 2518 roboratas.
887 2453 1008 2516 Datum
1024 2471 1081 2535 per
1098 2470 1213 2517 manus
1230 2449 1419 2516 venerabilis
1441 2462 1489 2528 pa·
1536 2441 1537 2514 l

380 2558 438 2625 tris
454 2559 616 2625 Theodori
635 2561 696 2626 Dei
712 2561 826 2644 gracia
852 2557 1036 2624 lauriensis
1061 2557 1209 2626 Ecclesie
1236 2558 1402 2642 Episcopi:
1425 2551 1488 2620 aulo

381 2673 489 2732 nostre
506 2667 588 2732 Vice
605 2665 801 2748 Cancellarij
820 2665 978 2731 dilectiet
1009 2663 1114 2731 fidelis
1131 2664 1241 2748 nostri,
1268 2685 1355 2730 anno
1378 2657 1490 2726 Domini
1536 2681 1537 2728 ι

381 2773 554 2839 millesimo
572 2773 792 2840 ducentesimo
811 2771 1023 2855 nonagesimo
1040 2771 1163 2858 quinto,
1190 2777 1305 2886 octauo
1333 2771 1399 2836 idus
1422 2763 1491 2844 Julij

381 2879 486 2962 Regni
502 2887 609 2947 autem
627 2881 729 2948 nostri
746 2900 832 2946 anno
849 2881 972 2963 quinto.

380 3075 519 3141 OEredotie
533 3073 708 3142 bdrhsrtyan,
722 3091 739 3126 a
761 3083 839 3129 v'drbs
853 3073 1206 3142 soiyemzsintronfuggott
1225 3075 1319 3142 peccet
1344 3075 1490 3128 eiroscett

697 3167 777 3217 botai
791 3166 843 3215 lrir.
856 3167 980 3216 kamarai
1002 3161 1193 3232 levdltdrban.)
1536 3169 1537 3172 ’
