<?xml version="1.0" encoding="UTF-8"?>
<!DOCTYPE html PUBLIC "-//W3C//DTD XHTML 1.0 Transitional//EN"
    "http://www.w3.org/TR/xhtml1/DTD/xhtml1-transitional.dtd">
<html xmlns="http://www.w3.org/1999/xhtml" xml:lang="en" lang="en">
 <head>
  <title>
</title>
<meta http-equiv="Content-Type" content="text/html;charset=utf-8" />
  <meta name='ocr-system' content='tesseract 3.04.00' />
  <meta name='ocr-capabilities' content='ocr_page ocr_carea ocr_par ocr_line ocrx_word'/>
</head>
<body>
  <div class='ocr_page' id='page_1' title='image "./codexdiplomatic19wenzgoog_0041.png"; bbox 0 0 3132 5162; ppageno 0'>
   <div class='ocr_carea' id='block_1_1' title="bbox 655 998 687 1066">
    <p class='ocr_par' dir='ltr' id='par_1_1' title="bbox 655 998 687 1066">
     <span class='ocr_line' id='line_1_1' title="bbox 655 998 687 1066; baseline 0.094 -3"><span class='ocrx_word' id='word_1_1' title='bbox 655 998 687 1066; x_wconf 86' lang='lat' dir='ltr'>l.</span> 
     </span>
    </p>
   </div>
   <div class='ocr_carea' id='block_1_2' title="bbox 110 1195 1288 1497">
    <p class='ocr_par' dir='ltr' id='par_1_2' title="bbox 110 1195 1288 1497">
     <span class='ocr_line' id='line_1_2' title="bbox 110 1195 1288 1285; baseline -0.002 -21"><span class='ocrx_word' id='word_1_2' title='bbox 110 1201 167 1264; x_wconf 84' lang='lat' dir='ltr'><strong>III.</strong></span> <span class='ocrx_word' id='word_1_3' title='bbox 186 1201 298 1264; x_wconf 68' lang='lat' dir='ltr'>Endon</span> <span class='ocrx_word' id='word_1_4' title='bbox 315 1199 424 1283; x_wconf 73' lang='lat' dir='ltr'>birnidy</span> <span class='ocrx_word' id='word_1_5' title='bbox 441 1200 619 1285; x_wconf 77' lang='lat' dir='ltr'>cnaperdsr&#39;ti</span> <span class='ocrx_word' id='word_1_6' title='bbox 636 1199 659 1260; x_wconf 93' lang='grc' dir='ltr'><em>Ι</em></span> <span class='ocrx_word' id='word_1_7' title='bbox 664 1195 696 1258; x_wconf 74' lang='grc' dir='ltr'>Γ.</span> <span class='ocrx_word' id='word_1_8' title='bbox 715 1195 794 1259; x_wconf 74' lang='lat' dir='ltr'>Bata</span> <span class='ocrx_word' id='word_1_9' title='bbox 810 1197 841 1260; x_wconf 73' lang='lat' dir='ltr'>da</span> <span class='ocrx_word' id='word_1_10' title='bbox 858 1196 881 1259; x_wconf 91' lang='grc' dir='ltr'><em>Ι</em></span> <span class='ocrx_word' id='word_1_11' title='bbox 883 1195 915 1258; x_wconf 90' lang='lat' dir='ltr'>V.</span> <span class='ocrx_word' id='word_1_12' title='bbox 935 1197 1051 1261; x_wconf 76' lang='lat' dir='ltr'>Ltszto</span> <span class='ocrx_word' id='word_1_13' title='bbox 1076 1198 1238 1282; x_wconf 65' lang='lat' dir='ltr'>kirtttyot-</span> <span class='ocrx_word' id='word_1_14' title='bbox 1286 1211 1288 1216; x_wconf 80' lang='grc'><strong>“</strong></span> 
     </span>
     <span class='ocr_line' id='line_1_3' title="bbox 110 1302 1237 1390; baseline -0.001 -20"><span class='ocrx_word' id='word_1_15' title='bbox 110 1309 171 1370; x_wconf 82' lang='lat' dir='ltr'>oab</span> <span class='ocrx_word' id='word_1_16' title='bbox 189 1305 332 1372; x_wconf 73' lang='lat' dir='ltr'>Cermalo</span> <span class='ocrx_word' id='word_1_17' title='bbox 365 1309 395 1372; x_wconf 85' lang='lat' dir='ltr'>e‘s</span> <span class='ocrx_word' id='word_1_18' title='bbox 421 1307 549 1380; x_wconf 79' lang='lat' dir='ltr'>Lobela,</span> <span class='ocrx_word' id='word_1_19' title='bbox 569 1305 665 1390; x_wconf 81' lang='lat' dir='ltr'>Liptd</span> <span class='ocrx_word' id='word_1_20' title='bbox 681 1307 799 1387; x_wconf 73' lang='lat' dir='ltr'>ncepyai</span> <span class='ocrx_word' id='word_1_21' title='bbox 815 1302 951 1380; x_wconf 65' lang='lat' dir='ltr'>totototo</span> <span class='ocrx_word' id='word_1_22' title='bbox 978 1309 1134 1388; x_wconf 29' lang='lat' dir='ltr'>tor-ptpcad</span> <span class='ocrx_word' id='word_1_23' title='bbox 1160 1305 1237 1370; x_wconf 86' lang='lat' dir='ltr'>ado-</span> 
     </span>
     <span class='ocr_line' id='line_1_4' title="bbox 284 1412 1060 1497; baseline -0.001 -20"><span class='ocrx_word' id='word_1_24' title='bbox 284 1419 414 1497; x_wconf 80' lang='lat' dir='ltr'>urdnydt</span> <span class='ocrx_word' id='word_1_25' title='bbox 432 1413 572 1496; x_wconf 80' lang='lat' dir='ltr'>Mcitpa&#39;s,</span> <span class='ocrx_word' id='word_1_26' title='bbox 590 1412 699 1476; x_wconf 58' lang='lat' dir='ltr'>dudae</span> <span class='ocrx_word' id='word_1_27' title='bbox 711 1413 772 1497; x_wconf 65' lang='grc' dir='ltr'>ιἦα,</span> <span class='ocrx_word' id='word_1_28' title='bbox 788 1416 947 1478; x_wconf 78' lang='lat' dir='ltr'>azdmdro.</span> <span class='ocrx_word' id='word_1_29' title='bbox 965 1415 1060 1477; x_wconf 83' lang='lat'><em>1290.</em></span> 
     </span>
    </p>
   </div>
   <div class='ocr_carea' id='block_1_3' title="bbox 112 1626 1240 2145">
    <p class='ocr_par' dir='ltr' id='par_1_3' title="bbox 112 1626 1240 2145">
     <span class='ocr_line' id='line_1_5' title="bbox 216 1626 1237 1714; baseline -0.002 -20"><span class='ocrx_word' id='word_1_30' title='bbox 216 1629 365 1696; x_wconf 81' lang='lat' dir='ltr'>Andreas</span> <span class='ocrx_word' id='word_1_31' title='bbox 385 1628 445 1694; x_wconf 87' lang='lat' dir='ltr'>Dei</span> <span class='ocrx_word' id='word_1_32' title='bbox 463 1627 576 1713; x_wconf 84' lang='lat' dir='ltr'>gracia</span> <span class='ocrx_word' id='word_1_33' title='bbox 592 1627 771 1714; x_wconf 81' lang='lat' dir='ltr'>Hungarie,</span> <span class='ocrx_word' id='word_1_34' title='bbox 789 1626 967 1714; x_wconf 75' lang='lat' dir='ltr'>Dadmaoie,</span> <span class='ocrx_word' id='word_1_35' title='bbox 985 1627 1237 1714; x_wconf 84' lang='lat' dir='ltr'>Oroacie,Rame</span> 
     </span>
     <span class='ocr_line' id='line_1_6' title="bbox 112 1733 1237 1822; baseline 0 -22"><span class='ocrx_word' id='word_1_36' title='bbox 112 1737 230 1822; x_wconf 74' lang='lat' dir='ltr'>Seruie,</span> <span class='ocrx_word' id='word_1_37' title='bbox 249 1735 394 1820; x_wconf 80' lang='lat' dir='ltr'>Gallicis,</span> <span class='ocrx_word' id='word_1_38' title='bbox 422 1733 621 1820; x_wconf 89' lang='lat' dir='ltr'>Lodomerie,</span> <span class='ocrx_word' id='word_1_39' title='bbox 639 1735 793 1801; x_wconf 78' lang='lat' dir='ltr'>CumanIe</span> <span class='ocrx_word' id='word_1_40' title='bbox 808 1735 1025 1818; x_wconf 82' lang='lat' dir='ltr'>Bulgarieque</span> <span class='ocrx_word' id='word_1_41' title='bbox 1044 1736 1113 1799; x_wconf 85' lang='lat' dir='ltr'>Rex</span> <span class='ocrx_word' id='word_1_42' title='bbox 1139 1737 1237 1800; x_wconf 92' lang='lat' dir='ltr'>omni-</span> 
     </span>
     <span class='ocr_line' id='line_1_7' title="bbox 113 1841 1238 1927; baseline 0.001 -21"><span class='ocrx_word' id='word_1_43' title='bbox 113 1845 167 1910; x_wconf 87' lang='lat' dir='ltr'>bus</span> <span class='ocrx_word' id='word_1_44' title='bbox 182 1845 302 1911; x_wconf 83' lang='lat' dir='ltr'>Christi</span> <span class='ocrx_word' id='word_1_45' title='bbox 318 1843 468 1910; x_wconf 87' lang='lat' dir='ltr'>fidelibus</span> <span class='ocrx_word' id='word_1_46' title='bbox 485 1848 652 1927; x_wconf 81' lang='lat' dir='ltr'>presentes</span> <span class='ocrx_word' id='word_1_47' title='bbox 678 1843 801 1908; x_wconf 87' lang='lat' dir='ltr'>litteras</span> <span class='ocrx_word' id='word_1_48' title='bbox 827 1842 1017 1926; x_wconf 88' lang='lat' dir='ltr'>inspecturis</span> <span class='ocrx_word' id='word_1_49' title='bbox 1043 1841 1180 1906; x_wconf 84' lang='lat' dir='ltr'>salutem</span> <span class='ocrx_word' id='word_1_50' title='bbox 1207 1844 1238 1907; x_wconf 92' lang='lat' dir='ltr'>iu</span> 
     </span>
     <span class='ocr_line' id='line_1_8' title="bbox 112 1947 1239 2033; baseline -0.001 -18"><span class='ocrx_word' id='word_1_51' title='bbox 112 1954 249 2017; x_wconf 88' lang='lat' dir='ltr'>omnium</span> <span class='ocrx_word' id='word_1_52' title='bbox 266 1952 438 2018; x_wconf 86' lang='lat' dir='ltr'>saluatore.</span> <span class='ocrx_word' id='word_1_53' title='bbox 466 1949 639 2033; x_wconf 82' lang='lat' dir='ltr'>integritas</span> <span class='ocrx_word' id='word_1_54' title='bbox 665 1947 843 2032; x_wconf 84' lang='lat' dir='ltr'>reipublice</span> <span class='ocrx_word' id='word_1_55' title='bbox 869 1949 979 2032; x_wconf 82' lang='lat' dir='ltr'>uigore</span> <span class='ocrx_word' id='word_1_56' title='bbox 1003 1949 1239 2032; x_wconf 88' lang='lat' dir='ltr'>presidencinm</span> 
     </span>
     <span class='ocr_line' id='line_1_9' title="bbox 112 2056 1240 2145; baseline 0 -21"><span class='ocrx_word' id='word_1_57' title='bbox 112 2059 296 2125; x_wconf 85' lang='lat' dir='ltr'>solidatur:</span> <span class='ocrx_word' id='word_1_58' title='bbox 317 2059 391 2124; x_wconf 93' lang='lat' dir='ltr'>dum</span> <span class='ocrx_word' id='word_1_59' title='bbox 409 2059 494 2124; x_wconf 91' lang='lat' dir='ltr'>enim</span> <span class='ocrx_word' id='word_1_60' title='bbox 510 2077 625 2123; x_wconf 86' lang='lat' dir='ltr'>manus</span> <span class='ocrx_word' id='word_1_61' title='bbox 642 2065 770 2123; x_wconf 85' lang='lat' dir='ltr'>nostras</span> <span class='ocrx_word' id='word_1_62' title='bbox 801 2057 842 2122; x_wconf 87' lang='lat' dir='ltr'>ab</span> <span class='ocrx_word' id='word_1_63' title='bbox 874 2057 1001 2140; x_wconf 89' lang='lat' dir='ltr'>iniurijs</span> <span class='ocrx_word' id='word_1_64' title='bbox 1032 2056 1240 2145; x_wconf 88' lang='lat' dir='ltr'>abstinemus,</span> 
     </span>
    </p>
   </div>
   <div class='ocr_carea' id='block_1_4' title="bbox 111 2163 1242 2578">
    <p class='ocr_par' dir='ltr' id='par_1_4' title="bbox 111 2163 1242 2578">
     <span class='ocr_line' id='line_1_10' title="bbox 113 2163 1240 2249; baseline -0.002 -19"><span class='ocrx_word' id='word_1_65' title='bbox 113 2166 184 2231; x_wconf 89' lang='lat' dir='ltr'>dum</span> <span class='ocrx_word' id='word_1_66' title='bbox 206 2167 359 2234; x_wconf 87' lang='lat' dir='ltr'>subiectis</span> <span class='ocrx_word' id='word_1_67' title='bbox 383 2166 542 2233; x_wconf 87' lang='lat' dir='ltr'>iusticiam</span> <span class='ocrx_word' id='word_1_68' title='bbox 569 2185 817 2249; x_wconf 78' lang='lat' dir='ltr'>oouseruamus3</span> <span class='ocrx_word' id='word_1_69' title='bbox 843 2165 967 2230; x_wconf 85' lang='lat' dir='ltr'>interim</span> <span class='ocrx_word' id='word_1_70' title='bbox 987 2163 1111 2247; x_wconf 88' lang='lat' dir='ltr'>judicis</span> <span class='ocrx_word' id='word_1_71' title='bbox 1136 2165 1240 2248; x_wconf 88' lang='lat' dir='ltr'>sequi·</span> 
     </span>
     <span class='ocr_line' id='line_1_11' title="bbox 111 2272 1238 2362; baseline -0.002 -24"><span class='ocrx_word' id='word_1_72' title='bbox 111 2295 180 2338; x_wconf 90' lang='lat' dir='ltr'>mur</span> <span class='ocrx_word' id='word_1_73' title='bbox 194 2274 371 2362; x_wconf 82' lang='lat' dir='ltr'>arbitrium,</span> <span class='ocrx_word' id='word_1_74' title='bbox 387 2281 420 2340; x_wconf 87' lang='lat' dir='ltr'>et</span> <span class='ocrx_word' id='word_1_75' title='bbox 435 2275 543 2358; x_wconf 78' lang='lat' dir='ltr'>dignis</span> <span class='ocrx_word' id='word_1_76' title='bbox 559 2274 681 2340; x_wconf 80' lang='lat' dir='ltr'>maritIs</span> <span class='ocrx_word' id='word_1_77' title='bbox 698 2293 719 2338; x_wconf 89' lang='lat' dir='ltr'>a</span> <span class='ocrx_word' id='word_1_78' title='bbox 735 2273 1092 2358; x_wconf 88' lang='lat' dir='ltr'>Domiuopremiamur.</span> <span class='ocrx_word' id='word_1_79' title='bbox 1110 2272 1161 2338; x_wconf 86' lang='lat' dir='ltr'>Ad</span> <span class='ocrx_word' id='word_1_80' title='bbox 1171 2273 1238 2338; x_wconf 84' lang='lat' dir='ltr'>vni-</span> 
     </span>
     <span class='ocr_line' id='line_1_12' title="bbox 113 2381 1242 2468; baseline 0.004 -23"><span class='ocrx_word' id='word_1_81' title='bbox 113 2402 274 2448; x_wconf 86' lang='lat' dir='ltr'>uersorum</span> <span class='ocrx_word' id='word_1_82' title='bbox 290 2384 386 2466; x_wconf 83' lang='lat' dir='ltr'>igitur</span> <span class='ocrx_word' id='word_1_83' title='bbox 402 2389 468 2449; x_wconf 85' lang='lat' dir='ltr'>tum</span> <span class='ocrx_word' id='word_1_84' title='bbox 484 2383 689 2468; x_wconf 88' lang='lat' dir='ltr'>presencium</span> <span class='ocrx_word' id='word_1_85' title='bbox 704 2401 799 2464; x_wconf 90' lang='lat' dir='ltr'>quam</span> <span class='ocrx_word' id='word_1_86' title='bbox 815 2382 992 2446; x_wconf 84' lang='lat' dir='ltr'>futurorum</span> <span class='ocrx_word' id='word_1_87' title='bbox 1009 2381 1160 2448; x_wconf 81' lang='lat' dir='ltr'>noticiam</span> <span class='ocrx_word' id='word_1_88' title='bbox 1187 2383 1242 2450; x_wconf 91' lang='lat' dir='ltr'>ha-</span> 
     </span>
     <span class='ocr_line' id='line_1_13' title="bbox 113 2487 1242 2578; baseline 0.004 -24"><span class='ocrx_word' id='word_1_89' title='bbox 113 2510 181 2554; x_wconf 88' lang='lat' dir='ltr'>rum</span> <span class='ocrx_word' id='word_1_90' title='bbox 197 2491 279 2572; x_wconf 85' lang='lat' dir='ltr'>serie</span> <span class='ocrx_word' id='word_1_91' title='bbox 296 2490 444 2556; x_wconf 88' lang='lat' dir='ltr'>volumus</span> <span class='ocrx_word' id='word_1_92' title='bbox 460 2491 646 2574; x_wconf 87' lang='lat' dir='ltr'>peruenire:</span> <span class='ocrx_word' id='word_1_93' title='bbox 663 2489 750 2572; x_wconf 91' lang='lat' dir='ltr'>quod</span> <span class='ocrx_word' id='word_1_94' title='bbox 765 2487 924 2554; x_wconf 83' lang='lat' dir='ltr'>accedens</span> <span class='ocrx_word' id='word_1_95' title='bbox 939 2489 982 2553; x_wconf 91' lang='lat' dir='ltr'>ad</span> <span class='ocrx_word' id='word_1_96' title='bbox 1007 2496 1149 2556; x_wconf 86' lang='lat' dir='ltr'>nostram</span> <span class='ocrx_word' id='word_1_97' title='bbox 1174 2513 1242 2578; x_wconf 90' lang='lat' dir='ltr'>pre·</span> 
     </span>
    </p>
   </div>
   <div class='ocr_carea' id='block_1_5' title="bbox 100 2595 1252 4629">
    <p class='ocr_par' dir='ltr' id='par_1_5' title="bbox 105 2595 1252 4303">
     <span class='ocr_line' id='line_1_14' title="bbox 111 2595 1241 2683; baseline 0.003 -23"><span class='ocrx_word' id='word_1_98' title='bbox 111 2597 253 2662; x_wconf 90' lang='lat' dir='ltr'>senciam</span> <span class='ocrx_word' id='word_1_99' title='bbox 270 2597 408 2663; x_wconf 87' lang='lat' dir='ltr'>Mathias</span> <span class='ocrx_word' id='word_1_100' title='bbox 434 2597 520 2664; x_wconf 88' lang='lat' dir='ltr'>filius</span> <span class='ocrx_word' id='word_1_101' title='bbox 546 2597 675 2661; x_wconf 78' lang='lat' dir='ltr'>Andros</span> <span class='ocrx_word' id='word_1_102' title='bbox 708 2595 801 2662; x_wconf 91' lang='lat' dir='ltr'>nobis</span> <span class='ocrx_word' id='word_1_103' title='bbox 833 2595 996 2662; x_wconf 87' lang='lat' dir='ltr'>humiliter</span> <span class='ocrx_word' id='word_1_104' title='bbox 1026 2599 1241 2683; x_wconf 82' lang='lat' dir='ltr'>supplicauit;</span> 
     </span>
     <span class='ocr_line' id='line_1_15' title="bbox 111 2703 1242 2792; baseline 0.004 -24"><span class='ocrx_word' id='word_1_105' title='bbox 111 2703 285 2782; x_wconf 82' lang='lat' dir='ltr'>quodcum</span> <span class='ocrx_word' id='word_1_106' title='bbox 301 2705 449 2772; x_wconf 84' lang='lat' dir='ltr'>Andreas</span> <span class='ocrx_word' id='word_1_107' title='bbox 466 2711 559 2792; x_wconf 84' lang='lat' dir='ltr'>pater</span> <span class='ocrx_word' id='word_1_108' title='bbox 576 2705 721 2772; x_wconf 85' lang='lat' dir='ltr'>eiusdem</span> <span class='ocrx_word' id='word_1_109' title='bbox 732 2703 891 2787; x_wconf 89' lang='lat' dir='ltr'>quasdam</span> <span class='ocrx_word' id='word_1_110' title='bbox 909 2705 1087 2790; x_wconf 85' lang='lat' dir='ltr'>particulas</span> <span class='ocrx_word' id='word_1_111' title='bbox 1104 2713 1186 2772; x_wconf 89' lang='lat' dir='ltr'>terre</span> <span class='ocrx_word' id='word_1_112' title='bbox 1203 2706 1242 2772; x_wconf 88' lang='lat' dir='ltr'>de</span> 
     </span>
     <span class='ocr_line' id='line_1_16' title="bbox 117 2811 1244 2898; baseline 0.005 -23"><span class='ocrx_word' id='word_1_113' title='bbox 117 2811 263 2898; x_wconf 82' lang='lat' dir='ltr'>Lyptouv,</span> <span class='ocrx_word' id='word_1_114' title='bbox 288 2813 433 2880; x_wconf 83' lang='lat' dir='ltr'>Cermule</span> <span class='ocrx_word' id='word_1_115' title='bbox 460 2823 491 2881; x_wconf 89' lang='lat' dir='ltr'>et</span> <span class='ocrx_word' id='word_1_116' title='bbox 523 2813 649 2879; x_wconf 89' lang='lat' dir='ltr'>Lubela</span> <span class='ocrx_word' id='word_1_117' title='bbox 680 2819 822 2896; x_wconf 86' lang='lat' dir='ltr'>vocatas,</span> <span class='ocrx_word' id='word_1_118' title='bbox 849 2835 869 2878; x_wconf 92' lang='lat' dir='ltr'>a</span> <span class='ocrx_word' id='word_1_119' title='bbox 901 2813 1131 2897; x_wconf 83' lang='lat' dir='ltr'>gloriosissimo</span> <span class='ocrx_word' id='word_1_120' title='bbox 1156 2815 1244 2898; x_wconf 82' lang='lat' dir='ltr'>Rege</span> 
     </span>
     <span class='ocr_line' id='line_1_17' title="bbox 115 2919 1243 3007; baseline 0.006 -26"><span class='ocrx_word' id='word_1_121' title='bbox 115 2919 198 2986; x_wconf 89' lang='lat' dir='ltr'>Bela</span> <span class='ocrx_word' id='word_1_122' title='bbox 213 2941 272 2988; x_wconf 86' lang='lat' dir='ltr'>auo</span> <span class='ocrx_word' id='word_1_123' title='bbox 295 2929 403 2989; x_wconf 90' lang='lat' dir='ltr'>nostro</span> <span class='ocrx_word' id='word_1_124' title='bbox 431 2924 515 2989; x_wconf 85' lang='lat' dir='ltr'>clare</span> <span class='ocrx_word' id='word_1_125' title='bbox 541 2921 694 2988; x_wconf 89' lang='lat' dir='ltr'>memorie</span> <span class='ocrx_word' id='word_1_126' title='bbox 719 2919 832 2986; x_wconf 83' lang='lat' dir='ltr'>suisset</span> <span class='ocrx_word' id='word_1_127' title='bbox 863 2920 930 2986; x_wconf 87' lang='lat' dir='ltr'>suis</span> <span class='ocrx_word' id='word_1_128' title='bbox 956 2923 1127 3007; x_wconf 86' lang='lat' dir='ltr'>meritorijs</span> <span class='ocrx_word' id='word_1_129' title='bbox 1153 2923 1243 2988; x_wconf 92' lang='lat' dir='ltr'>obse·</span> 
     </span>
     <span class='ocr_line' id='line_1_18' title="bbox 112 3027 1244 3118; baseline 0.004 -26"><span class='ocrx_word' id='word_1_130' title='bbox 112 3029 202 3114; x_wconf 86' lang='lat' dir='ltr'>quijs</span> <span class='ocrx_word' id='word_1_131' title='bbox 217 3037 394 3118; x_wconf 88' lang='lat' dir='ltr'>assecutus,</span> <span class='ocrx_word' id='word_1_132' title='bbox 409 3031 492 3096; x_wconf 87' lang='lat' dir='ltr'>sicut</span> <span class='ocrx_word' id='word_1_133' title='bbox 508 3031 541 3096; x_wconf 93' lang='lat' dir='ltr'>in</span> <span class='ocrx_word' id='word_1_134' title='bbox 558 3030 703 3098; x_wconf 87' lang='lat' dir='ltr'>eiusdem</span> <span class='ocrx_word' id='word_1_135' title='bbox 719 3028 797 3095; x_wconf 85' lang='lat' dir='ltr'>Bale</span> <span class='ocrx_word' id='word_1_136' title='bbox 813 3027 910 3110; x_wconf 79' lang='lat' dir='ltr'>Regis</span> <span class='ocrx_word' id='word_1_137' title='bbox 926 3028 1100 3113; x_wconf 83' lang='lat' dir='ltr'>priuilegio</span> <span class='ocrx_word' id='word_1_138' title='bbox 1117 3031 1244 3115; x_wconf 85' lang='lat' dir='ltr'>plenius</span> 
     </span>
     <span class='ocr_line' id='line_1_19' title="bbox 111 3135 1242 3224; baseline 0.004 -25"><span class='ocrx_word' id='word_1_139' title='bbox 111 3137 311 3222; x_wconf 72' lang='lat' dir='ltr'>continetur,</span> <span class='ocrx_word' id='word_1_140' title='bbox 329 3139 456 3207; x_wconf 84' lang='lat' dir='ltr'>demum</span> <span class='ocrx_word' id='word_1_141' title='bbox 473 3147 614 3224; x_wconf 90' lang='lat' dir='ltr'>tempore</span> <span class='ocrx_word' id='word_1_142' title='bbox 630 3138 834 3224; x_wconf 84' lang='lat' dir='ltr'>procedente,</span> <span class='ocrx_word' id='word_1_143' title='bbox 852 3135 1000 3201; x_wconf 91' lang='lat' dir='ltr'>dominus</span> <span class='ocrx_word' id='word_1_144' title='bbox 1016 3135 1157 3222; x_wconf 85' lang='lat' dir='ltr'>inclytus</span> <span class='ocrx_word' id='word_1_145' title='bbox 1173 3140 1242 3204; x_wconf 82' lang='lat' dir='ltr'>Rex</span> 
     </span>
     <span class='ocr_line' id='line_1_20' title="bbox 114 3241 1243 3330; baseline 0.004 -26"><span class='ocrx_word' id='word_1_146' title='bbox 114 3241 290 3312; x_wconf 73' lang='lat' dir='ltr'>ladizlaus</span> <span class='ocrx_word' id='word_1_147' title='bbox 306 3246 481 3318; x_wconf 74' lang='lat' dir='ltr'>succedens</span> <span class='ocrx_word' id='word_1_148' title='bbox 498 3246 580 3329; x_wconf 84' lang='lat' dir='ltr'>Regi</span> <span class='ocrx_word' id='word_1_149' title='bbox 598 3245 765 3330; x_wconf 83' lang='lat' dir='ltr'>Stephano</span> <span class='ocrx_word' id='word_1_150' title='bbox 783 3245 921 3310; x_wconf 89' lang='lat' dir='ltr'>inuicem</span> <span class='ocrx_word' id='word_1_151' title='bbox 953 3242 1131 3328; x_wconf 88' lang='lat' dir='ltr'>predictam</span> <span class='ocrx_word' id='word_1_152' title='bbox 1148 3243 1243 3309; x_wconf 63' lang='lat' dir='ltr'>dona&gt;</span> 
     </span>
     <span class='ocr_line' id='line_1_21' title="bbox 110 3351 1245 3438; baseline 0.004 -24"><span class='ocrx_word' id='word_1_153' title='bbox 110 3351 241 3417; x_wconf 87' lang='lat' dir='ltr'>cionem</span> <span class='ocrx_word' id='word_1_154' title='bbox 257 3355 291 3418; x_wconf 90' lang='lat' dir='ltr'>in</span> <span class='ocrx_word' id='word_1_155' title='bbox 309 3355 451 3420; x_wconf 86' lang='lat' dir='ltr'>eiusdem</span> <span class='ocrx_word' id='word_1_156' title='bbox 467 3354 588 3420; x_wconf 86' lang='lat' dir='ltr'>Mathia</span> <span class='ocrx_word' id='word_1_157' title='bbox 605 3371 743 3438; x_wconf 87' lang='lat' dir='ltr'>persona</span> <span class='ocrx_word' id='word_1_158' title='bbox 759 3351 817 3437; x_wconf 88' lang='lat' dir='ltr'>filij</span> <span class='ocrx_word' id='word_1_159' title='bbox 838 3353 1004 3418; x_wconf 89' lang='lat' dir='ltr'>memorati</span> <span class='ocrx_word' id='word_1_160' title='bbox 1019 3351 1149 3419; x_wconf 80' lang='lat' dir='ltr'>Andrea</span> <span class='ocrx_word' id='word_1_161' title='bbox 1174 3373 1245 3437; x_wconf 89' lang='lat' dir='ltr'>pro·</span> 
     </span>
     <span class='ocr_line' id='line_1_22' title="bbox 108 3458 1245 3554; baseline 0.003 -31"><span class='ocrx_word' id='word_1_162' title='bbox 108 3465 186 3543; x_wconf 92' lang='lat' dir='ltr'>pter</span> <span class='ocrx_word' id='word_1_163' title='bbox 202 3462 273 3527; x_wconf 87' lang='lat' dir='ltr'>auri</span> <span class='ocrx_word' id='word_1_164' title='bbox 289 3458 429 3526; x_wconf 87' lang='lat' dir='ltr'>fodinam</span> <span class='ocrx_word' id='word_1_165' title='bbox 446 3461 566 3528; x_wconf 87' lang='lat' dir='ltr'>ibidem</span> <span class='ocrx_word' id='word_1_166' title='bbox 582 3461 623 3528; x_wconf 84' lang='lat' dir='ltr'>dc</span> <span class='ocrx_word' id='word_1_167' title='bbox 640 3481 722 3528; x_wconf 92' lang='lat' dir='ltr'>nouo</span> <span class='ocrx_word' id='word_1_168' title='bbox 733 3467 893 3546; x_wconf 85' lang='lat' dir='ltr'>repertam</span> <span class='ocrx_word' id='word_1_169' title='bbox 906 3479 963 3544; x_wconf 89' lang='lat' dir='ltr'>per</span> <span class='ocrx_word' id='word_1_170' title='bbox 980 3461 1245 3554; x_wconf 86' lang='lat' dir='ltr'>commutacionis</span> 
     </span>
     <span class='ocr_line' id='line_1_23' title="bbox 108 3567 1247 3654; baseline 0.003 -23"><span class='ocrx_word' id='word_1_171' title='bbox 108 3567 244 3634; x_wconf 90' lang='lat' dir='ltr'>titulum</span> <span class='ocrx_word' id='word_1_172' title='bbox 260 3569 452 3654; x_wconf 77' lang='lat' dir='ltr'>immutabit,</span> <span class='ocrx_word' id='word_1_173' title='bbox 469 3567 633 3654; x_wconf 79' lang='lat' dir='ltr'>quandam</span> <span class='ocrx_word' id='word_1_174' title='bbox 658 3569 758 3636; x_wconf 89' lang='lat' dir='ltr'>aliam</span> <span class='ocrx_word' id='word_1_175' title='bbox 784 3575 901 3635; x_wconf 90' lang='lat' dir='ltr'>terram</span> <span class='ocrx_word' id='word_1_176' title='bbox 930 3568 1074 3636; x_wconf 87' lang='lat' dir='ltr'>Nedozer</span> <span class='ocrx_word' id='word_1_177' title='bbox 1099 3576 1247 3636; x_wconf 87' lang='lat' dir='ltr'>uocatam</span> 
     </span>
     <span class='ocr_line' id='line_1_24' title="bbox 107 3674 1248 3761; baseline 0.004 -23"><span class='ocrx_word' id='word_1_178' title='bbox 107 3674 143 3738; x_wconf 86' lang='lat' dir='ltr'>in</span> <span class='ocrx_word' id='word_1_179' title='bbox 162 3676 208 3740; x_wconf 89' lang='lat' dir='ltr'>de</span> <span class='ocrx_word' id='word_1_180' title='bbox 218 3675 346 3742; x_wconf 82' lang='lat' dir='ltr'>Turocb</span> <span class='ocrx_word' id='word_1_181' title='bbox 362 3675 523 3743; x_wconf 81' lang='lat' dir='ltr'>Comitatu</span> <span class='ocrx_word' id='word_1_182' title='bbox 540 3677 742 3761; x_wconf 86' lang='lat' dir='ltr'>existentem,</span> <span class='ocrx_word' id='word_1_183' title='bbox 761 3676 864 3744; x_wconf 88' lang='lat' dir='ltr'>eidem</span> <span class='ocrx_word' id='word_1_184' title='bbox 886 3677 918 3741; x_wconf 93' lang='lat' dir='ltr'>in</span> <span class='ocrx_word' id='word_1_185' title='bbox 937 3676 1158 3742; x_wconf 86' lang='lat' dir='ltr'>concambium</span> <span class='ocrx_word' id='word_1_186' title='bbox 1174 3697 1248 3743; x_wconf 87' lang='lat' dir='ltr'>con·</span> 
     </span>
     <span class='ocr_line' id='line_1_25' title="bbox 110 3767 1249 3871; baseline 0.004 -25"><span class='ocrx_word' id='word_1_187' title='bbox 110 3782 266 3865; x_wconf 83' lang='lat' dir='ltr'>serendo,</span> <span class='ocrx_word' id='word_1_188' title='bbox 295 3805 419 3869; x_wconf 88' lang='lat' dir='ltr'>suoque</span> <span class='ocrx_word' id='word_1_189' title='bbox 452 3786 641 3852; x_wconf 87' lang='lat' dir='ltr'>donacionis</span> <span class='ocrx_word' id='word_1_190' title='bbox 658 3783 829 3871; x_wconf 83' lang='lat' dir='ltr'>priuilegio</span> <span class='ocrx_word' id='word_1_191' title='bbox 846 3767 1046 3866; x_wconf 72' lang='lat' dir='ltr'>roborando,</span> <span class='ocrx_word' id='word_1_192' title='bbox 1062 3786 1249 3869; x_wconf 85' lang='lat' dir='ltr'>supplicans</span> 
     </span>
     <span class='ocr_line' id='line_1_26' title="bbox 106 3888 1249 3980; baseline 0.003 -28"><span class='ocrx_word' id='word_1_193' title='bbox 106 3888 280 3957; x_wconf 83' lang='lat' dir='ltr'>humiliter</span> <span class='ocrx_word' id='word_1_194' title='bbox 307 3899 338 3959; x_wconf 90' lang='lat' dir='ltr'>et</span> <span class='ocrx_word' id='word_1_195' title='bbox 356 3893 482 3980; x_wconf 88' lang='lat' dir='ltr'>deuote,</span> <span class='ocrx_word' id='word_1_196' title='bbox 500 3901 535 3960; x_wconf 87' lang='lat' dir='ltr'>vt</span> <span class='ocrx_word' id='word_1_197' title='bbox 550 3895 656 3979; x_wconf 86' lang='lat' dir='ltr'>ipsam</span> <span class='ocrx_word' id='word_1_198' title='bbox 674 3901 793 3960; x_wconf 89' lang='lat' dir='ltr'>terram</span> <span class='ocrx_word' id='word_1_199' title='bbox 810 3891 957 3958; x_wconf 86' lang='lat' dir='ltr'>Nedozer</span> <span class='ocrx_word' id='word_1_200' title='bbox 973 3893 1122 3978; x_wconf 87' lang='lat' dir='ltr'>superius</span> <span class='ocrx_word' id='word_1_201' title='bbox 1148 3894 1249 3959; x_wconf 91' lang='lat' dir='ltr'>nomi-</span> 
     </span>
     <span class='ocr_line' id='line_1_27' title="bbox 105 3991 1248 4090; baseline 0.001 -27"><span class='ocrx_word' id='word_1_202' title='bbox 105 4005 237 4084; x_wconf 86' lang='lat' dir='ltr'>natam,</span> <span class='ocrx_word' id='word_1_203' title='bbox 253 4000 336 4068; x_wconf 86' lang='lat' dir='ltr'>iusto</span> <span class='ocrx_word' id='word_1_204' title='bbox 345 3991 396 4067; x_wconf 81' lang='lat' dir='ltr'>&#39;ad</span> <span class='ocrx_word' id='word_1_205' title='bbox 405 4003 511 4087; x_wconf 78' lang='lat' dir='ltr'>Ipsum</span> <span class='ocrx_word' id='word_1_206' title='bbox 522 4003 613 4068; x_wconf 93' lang='lat' dir='ltr'>titulo</span> <span class='ocrx_word' id='word_1_207' title='bbox 624 4001 820 4090; x_wconf 89' lang='lat' dir='ltr'>deuolutam,</span> <span class='ocrx_word' id='word_1_208' title='bbox 847 4000 1248 4087; x_wconf 80' lang='lat' dir='ltr'>nostrodignaremurpri-</span> 
     </span>
     <span class='ocr_line' id='line_1_28' title="bbox 106 4107 1252 4197; baseline 0.005 -27"><span class='ocrx_word' id='word_1_209' title='bbox 106 4107 240 4189; x_wconf 79' lang='lat' dir='ltr'>uilegio</span> <span class='ocrx_word' id='word_1_210' title='bbox 269 4109 469 4193; x_wconf 84' lang='lat' dir='ltr'>confirmare,</span> <span class='ocrx_word' id='word_1_211' title='bbox 503 4112 576 4197; x_wconf 90' lang='lat' dir='ltr'>ipsa</span> <span class='ocrx_word' id='word_1_212' title='bbox 607 4111 780 4197; x_wconf 86' lang='lat' dir='ltr'>priuilegia</span> <span class='ocrx_word' id='word_1_213' title='bbox 811 4116 919 4176; x_wconf 89' lang='lat' dir='ltr'>nostro</span> <span class='ocrx_word' id='word_1_214' title='bbox 946 4109 1130 4195; x_wconf 87' lang='lat' dir='ltr'>conspectui</span> <span class='ocrx_word' id='word_1_215' title='bbox 1163 4109 1252 4176; x_wconf 83' lang='lat' dir='ltr'>exiri·</span> 
     </span>
     <span class='ocr_line' id='line_1_29' title="bbox 105 4211 956 4303; baseline 0.007 -27"><span class='ocrx_word' id='word_1_216' title='bbox 105 4211 235 4280; x_wconf 80' lang='lat' dir='ltr'>teudo.</span> <span class='ocrx_word' id='word_1_217' title='bbox 260 4215 403 4293; x_wconf 77' lang='lat' dir='ltr'>Quorum</span> <span class='ocrx_word' id='word_1_218' title='bbox 429 4219 673 4303; x_wconf 84' lang='lat' dir='ltr'>priuilegiorum</span> <span class='ocrx_word' id='word_1_219' title='bbox 689 4223 779 4286; x_wconf 80' lang='lat' dir='ltr'>tenor</span> <span class='ocrx_word' id='word_1_220' title='bbox 797 4218 872 4284; x_wconf 88' lang='lat' dir='ltr'>talis</span> <span class='ocrx_word' id='word_1_221' title='bbox 889 4225 956 4284; x_wconf 89' lang='lat' dir='ltr'>est:</span> 
     </span>
    </p>

    <p class='ocr_par' dir='ltr' id='par_1_6' title="bbox 100 4323 1251 4629">
     <span class='ocr_line' id='line_1_30' title="bbox 228 4323 1251 4412; baseline -0.002 -22"><span class='ocrx_word' id='word_1_222' title='bbox 228 4325 309 4391; x_wconf 88' lang='lat' dir='ltr'>Bela</span> <span class='ocrx_word' id='word_1_223' title='bbox 324 4327 363 4391; x_wconf 91' lang='lat' dir='ltr'>D.</span> <span class='ocrx_word' id='word_1_224' title='bbox 382 4345 429 4409; x_wconf 81' lang='lat' dir='ltr'>gr.</span> <span class='ocrx_word' id='word_1_225' title='bbox 463 4326 633 4412; x_wconf 85' lang='lat' dir='ltr'>Huugarie</span> <span class='ocrx_word' id='word_1_226' title='bbox 665 4326 725 4392; x_wconf 90' lang='lat' dir='ltr'>stb.</span> <span class='ocrx_word' id='word_1_227' title='bbox 757 4329 827 4394; x_wconf 83' lang='lat' dir='ltr'>Rex</span> <span class='ocrx_word' id='word_1_228' title='bbox 857 4328 918 4393; x_wconf 90' lang='lat' dir='ltr'>stb.</span> <span class='ocrx_word' id='word_1_229' title='bbox 951 4325 1164 4411; x_wconf 77' lang='lat' dir='ltr'>(ktvetkezik</span> <span class='ocrx_word' id='word_1_230' title='bbox 1197 4323 1251 4388; x_wconf 87' lang='lat' dir='ltr'>IV.</span> 
     </span>
     <span class='ocr_line' id='line_1_31' title="bbox 101 4432 1251 4522; baseline -0.002 -25"><span class='ocrx_word' id='word_1_231' title='bbox 101 4433 198 4498; x_wconf 78' lang='lat' dir='ltr'>Bela</span> <span class='ocrx_word' id='word_1_232' title='bbox 218 4433 394 4520; x_wconf 72' lang='lat' dir='ltr'>kirtlynak</span> <span class='ocrx_word' id='word_1_233' title='bbox 414 4435 552 4504; x_wconf 72' lang='lat' dir='ltr'>rats-kt</span> <span class='ocrx_word' id='word_1_234' title='bbox 568 4433 848 4522; x_wconf 77' lang='lat' dir='ltr'>adomanylevele,</span> <span class='ocrx_word' id='word_1_235' title='bbox 866 4433 945 4499; x_wconf 88' lang='lat' dir='ltr'>mint</span> <span class='ocrx_word' id='word_1_236' title='bbox 971 4432 1251 4518; x_wconf 79' lang='lat' dir='ltr'>gyttjtemenyttnk</span> 
     </span>
     <span class='ocr_line' id='line_1_32' title="bbox 100 4539 1084 4629; baseline 0.002 -23"><span class='ocrx_word' id='word_1_237' title='bbox 100 4541 207 4606; x_wconf 87' lang='lat' dir='ltr'><strong>VIII.</strong></span> <span class='ocrx_word' id='word_1_238' title='bbox 228 4546 344 4629; x_wconf 79' lang='lat' dir='ltr'>vagyis</span> <span class='ocrx_word' id='word_1_239' title='bbox 361 4566 381 4610; x_wconf 87' lang='lat' dir='ltr'>a</span> <span class='ocrx_word' id='word_1_240' title='bbox 396 4543 548 4610; x_wconf 77' lang='lat' dir='ltr'>maisodik</span> <span class='ocrx_word' id='word_1_241' title='bbox 564 4543 683 4627; x_wconf 84' lang='lat' dir='ltr'>folyam</span> <span class='ocrx_word' id='word_1_242' title='bbox 702 4543 758 4608; x_wconf 91' lang='lat' dir='ltr'><strong>III.</strong></span> <span class='ocrx_word' id='word_1_243' title='bbox 770 4543 943 4608; x_wconf 74' lang='lat' dir='ltr'>kbteteben</span> <span class='ocrx_word' id='word_1_244' title='bbox 957 4546 1031 4608; x_wconf 74' lang='lat'>231.</span> <span class='ocrx_word' id='word_1_245' title='bbox 1045 4539 1084 4627; x_wconf 87' lang='lat' dir='ltr'>l.)</span> 
     </span>
    </p>
   </div>
   <div class='ocr_carea' id='block_1_6' title="bbox 152 4657 1090 4718">
    <p class='ocr_par' dir='ltr' id='par_1_7' title="bbox 152 4657 1090 4718">
     <span class='ocr_line' id='line_1_33' title="bbox 152 4657 1090 4718; baseline 0.001 -6"><span class='ocrx_word' id='word_1_246' title='bbox 152 4675 267 4714; x_wconf 69' lang='lat' dir='ltr'>nonen.</span> <span class='ocrx_word' id='word_1_247' title='bbox 284 4679 366 4718; x_wconf 80' lang='lat' dir='ltr'>nunc.</span> <span class='ocrx_word' id='word_1_248' title='bbox 384 4680 455 4718; x_wconf 73' lang='lat' dir='ltr'>mrsu.</span> <span class='ocrx_word' id='word_1_249' title='bbox 475 4691 513 4700; x_wconf 83' lang='lat'>-</span> <span class='ocrx_word' id='word_1_250' title='bbox 531 4682 644 4717; x_wconf 73' lang='lat' dir='ltr'>uranon.</span> <span class='ocrx_word' id='word_1_251' title='bbox 675 4673 708 4716; x_wconf 79' lang='grc'>18.</span> <span class='ocrx_word' id='word_1_252' title='bbox 1076 4657 1090 4718; x_wconf 86' lang='lat' dir='ltr'>l</span> 
     </span>
    </p>
   </div>
   <div class='ocr_carea' id='block_1_7' title="bbox 0 0 1570 5162">
    <p class='ocr_par' dir='ltr' id='par_1_8' title="bbox 0 0 1570 5162">
     <span class='ocr_line' id='line_1_34' title="bbox 0 0 1570 5162; baseline 0 2"><span class='ocrx_word' id='word_1_253' title='bbox 0 0 1570 5162; x_wconf 95' lang='lat' dir='ltr'> </span> 
     </span>
    </p>
   </div>
  </div>
 </body>
</html>
