3170 5166
869 266 1018 368 „gog-

379 461 514 527 noldum
532 461 619 527 filios
635 460 727 530 llbed
744 461 786 527 ab
803 479 870 527 una
885 467 988 546 parte,
1007 467 1039 526 et
1055 462 1142 528 inter
1158 461 1266 529 Keled
1292 462 1394 530 filium
1409 467 1511 533 Kelcd

379 569 421 636 ab
439 567 545 636 altera
561 588 670 635 coram
688 567 820 634 domino
836 569 927 654 Rege
941 568 1011 634 fieri
1029 567 1150 652 debuit,
1169 569 1391 652 proueniendc
1406 571 1507 657 ipsum

378 674 561 760 terminum,
574 673 616 742 de
632 675 800 742 uoluntate
816 676 970 759 parcium,
989 679 1077 742 statu
1092 674 1201 759 priore
1232 685 1451 768 permanente,
1466 682 1508 746 ad

377 779 582 848 Dominicam
600 783 781 867 proximam
797 786 871 867 post
887 787 1020 848 octauas
1036 781 1227 870 Natiuitatis
1252 783 1353 849 Beate
1368 785 1508 870 Virginis

379 886 423 955 ad
449 888 617 954 arbitrium
634 887 787 954 duximus
803 871 1064 973 prorogandam
1082 889 1216 971 quodie
1241 889 1351 958 Pousa
1365 893 1417 958 uel
1434 894 1513 959 Her·

381 1017 496 1064 manus
515 997 656 1064 Comites
672 997 713 1062 de
730 997 884 1082 Hermam,
901 996 1056 1063 Nicolaus
1073 996 1159 1063 lilius
1176 998 1342 1083 Stephani,
1364 999 1507 1069 Andreae

379 1105 465 1171 filius
481 1103 599 1190 Endre,
618 1104 767 1171 Thomas
783 1103 867 1171 filius
883 1103 987 1191 Moch,
1005 1110 1038 1169 et
1053 1105 1177 1170 Roman
1193 1105 1280 1170 filius
1291 1104 1362 1172 Bau
1373 1127 1430 1190 pro
1441 1129 1509 1192 par-

378 1219 411 1278 te
427 1209 590 1297 Kemynij,
608 1209 703 1277 Ghak
720 1207 1144 1296 etRenoldipredictorum3
1161 1211 1237 1277 item
1253 1209 1371 1278 (lomes
1386 1215 1505 1303 Frank,

378 1321 486 1387 Pousa
501 1319 584 1386 filius
600 1319 714 1403 Pousa,
733 1317 882 1385 Andreas
900 1317 987 1387 lilius
1003 1317 1138 1385 Comitis
1163 1320 1262 1404 Petri,
1295 1319 1505 1388 Sebastianus

379 1428 421 1493 de
437 1429 605 1494 Bablunca
620 1431 653 1492 et
669 1425 843 1493 Marcellus
860 1425 902 1492 de
917 1425 1028 1494 Pacha
1044 1446 1102 1510 pro
1129 1433 1222 1512 parte
1248 1427 1390 1493 aduersa
1405 1447 1510 1496 eoram

379 1534 528 1618 Capitulo
546 1532 654 1600 Castri
669 1533 782 1600 Fcrrei
798 1533 1042 1600 arbitrabuntur
1057 1533 1141 1600 inter
1156 1541 1285 1620 partes;
1304 1541 1337 1600 et
1353 1533 1385 1600 si
1401 1555 1509 1602 omnes

380 1641 501 1728 arbitty
518 1642 676 1708 interesse
699 1661 764 1707 non
781 1647 926 1726 possent,
945 1647 1082 1724 quatuor
1096 1646 1222 1707 tantum
1238 1661 1279 1706 ex
1302 1641 1427 1708 eisdem
1457 1661 1513 1727 per

379 1753 490 1831 partes
506 1747 595 1812 ducti
611 1745 776 1813 sufficiunt
793 1745 836 1811 ad
852 1745 1021 1812 arbitrium
1039 1745 1234 1813 faciendum.
1254 1746 1338 1813 Etsi
1355 1748 1441 1814 inter
1462 1750 1509 1833 ip·

379 1874 431 1920 sos
447 1874 507 1939 per
523 1854 690 1921 arbitrium
706 1854 925 1940 predictorum
942 1853 1084 1920 uirorum
1101 1855 1199 1920 fuerit
1215 1854 1409 1939 ordinatum,
1426 1856 1510 1922 bene

379 1961 529 2047 quidem5
546 1959 742 2044 alioquinin
774 1961 925 2027 Ecclesia
955 1961 1069 2028 Sancti
1099 1961 1282 2048 Mychaclis
1313 1961 1512 2045 Archangeli

379 2088 487 2136 coram
503 2067 633 2134 domino
649 2068 739 2149 Rege
754 2069 987 2152 comparebunt
1003 2075 1113 2154 partes
1128 2069 1349 2154 peremptorie
1376 2088 1511 2154 respon·

380 2195 454 2242 sure
471 2181 504 2241 et
519 2194 596 2262 pars
613 2173 653 2239 de
669 2173 801 2240 arbitrio
818 2175 965 2240 resiliens
982 2181 1059 2241 ante
1085 2174 1151 2242 litis
1183 2177 1367 2258 ingressum
1399 2175 1509 2242 decem

380 2302 507 2351 marcas
524 2283 651 2348 soluere
667 2283 828 2349 tenebitur
860 2281 948 2366 parti
979 2281 1150 2348 arbitrium
1182 2282 1357 2348 tolleranti.
1386 2281 1512 2350 Seriem

381 2390 510 2472 quidem
526 2408 585 2454 sue
600 2388 852 2472 composicionis
867 2395 978 2474 partes
994 2388 1028 2453 in
1044 2389 1160 2457 litteris
1175 2389 1257 2455 dicti
1283 2387 1423 2474 Capituli
1454 2390 1515 2456 do·

380 2499 467 2566 mino
485 2498 565 2581 Regi
581 2499 802 2584 reportabunt.
818 2499 937 2565 Datum
954 2497 988 2563 in
1005 2496 1119 2564 (lastro
1151 2497 1270 2564 Ferreo
1301 2495 1336 2561 in
1368 2497 1513 2562 crastino

379 2603 570 2672 Natiuitatis
584 2607 686 2672 Beate
702 2603 857 2688 Virginis.
1312 2653 1315 2660 .

489 2713 704 2782 Hbtulrbl
738 2711 940 2798 egykoru
981 2713 1161 2778 heracl:
1200 2713 1263 2777 Pr0
1295 2709 1449 2797 Kemyno
1482 2717 1518 2777 et

380 2819 532 2888 fratribus
549 2823 618 2888 suis
634 2827 748 2888 contra
763 2818 870 2886 Keled
886 2839 983 2904 super
1000 2819 1147 2885 arbitrio.

380 3015 517 3084 (Eredetie
535 3015 709 3082 borhtmyan,
729 3016 844 3080 melyrb'l
864 3031 881 3066 a
898 3011 1039 3081 aarpecset
1059 3013 1118 3066 mar
1142 3013 1280 3076 lehullott,
1301 3030 1318 3066 a
1342 3030 1433 3066 nemz.
1457 3031 1523 3065 mu-

775 3121 852 3156 seum
866 3103 1110 3171 henirattlrrlban.)

903 3813 978 3883 324.

382 4015 629 4100 lbrceapltaaesi
645 4011 820 4080 irstealtedcs
838 4011 1070 4095 Keledaekflac‘
1086 4013 1177 4098 clleo,
1193 4015 1249 4078 tit
1280 4014 1428 4102 lopclssal
1463 4019 1522 4079 υά·

686 4166 692 4180 ,
754 4096 1121 4186 soloecismorum.

485 4315 611 4382 Damus
627 4333 684 4400 pro
700 4313 865 4398 memoria,
882 4309 969 4396 quod
986 4331 1059 4380 cum
1074 4331 1133 4379 nos
1150 4331 1191 4379 ex
1216 4310 1372 4378 mandato
1390 4309 1525 4382 domini

376 4421 476 4507 Regis
491 4441 559 4494 rna
575 4443 647 4489 cum
664 4421 820 4508 Magistro
836 4419 1011 4488 Benedicta
1029 4419 1064 4487 in
1079 4419 1245 4487 Comitatu
1262 4418 1370 4486 Castri
1395 4417 1525 4487 Ferrei

377 4527 465 4595 fures
481 4535 515 4594 ct
529 4527 754 4596 malefactores
770 4525 1001 4632 indicaremus,
1017 4545 1126 4596 omnes
1153 4525 1290 4612 mobiles,
1316 4524 1528 4611 iobagionee
