3120 5172
790 273 951 376 „..u³4,.-

305 465 485 552 Hospitalis
511 466 551 532 de
568 467 663 532 Noua
679 465 778 534 Curia
793 487 892 554 super
908 469 1048 537 diuersis
1065 471 1279 556 dampnorum
1297 481 1328 538 et
1348 473 1427 538 iniu-

308 576 428 642 riarum
445 574 592 642 articulis
610 581 789 658 emanatas,
800 578 882 642 inter
893 595 928 643 se
940 579 1213 664 composicionem
1228 579 1431 646 amicabilem

307 683 527 770 continentem
544 683 577 748 in
593 680 709 765 quibus
728 683 869 750 uidimus
886 685 1056 770 contineri,
1069 685 1155 767 quod
1170 687 1203 750 in
1221 687 1344 753 oomnis
1359 687 1434 772 llpi-

308 793 430 878 phanio
445 792 579 858 Domini
595 790 815 857 mediantibus
833 791 943 875 probis
958 792 1058 878 virys,
1084 800 1236 877 presente
1252 795 1434 862 testimonio

308 909 428 984 nostro,
444 920 542 986 super
559 900 753 986 quibusdam
781 901 1043 984 possessionibus
1061 908 1093 966 et
1126 901 1222 969 terris
1239 902 1306 970 suis
1323 903 1434 970 debuit

311 1010 379 1076 fieri
397 1009 480 1076 inter
498 1027 553 1076 eos
580 1007 700 1075 dinisio
719 1008 753 1074 in
770 1005 944 1075 eorundem
961 1009 1200 1075 Cruciferorum
1216 1009 1334 1077 litteris
1350 1031 1435 1077 com-

311 1117 479 1202 prehensa.
497 1117 565 1182 Nos
576 1116 744 1200 siquidem,
761 1121 953 1182 uttenemur
970 1116 1083 1200 vigore
1099 1116 1226 1183 iusticie
1243 1117 1440 1201 requirente,

309 1226 453 1291 misimus
488 1243 529 1290 ex
554 1223 647 1291 nobis
668 1243 764 1290 unum
792 1223 1005 1308 presbiterum
1035 1225 1185 1292 humilem
1218 1233 1250 1292 et
1266 1233 1436 1311 occeptum

310 1331 353 1398 ad
369 1329 558 1414 exequenda
573 1331 734 1416 premissa
750 1337 839 1398 certo
857 1330 980 1398 cercius
991 1332 1074 1397 inter
1089 1341 1219 1418 partes3
1237 1335 1291 1416 qui
1308 1330 1436 1400 demum

309 1439 352 1504 ad
368 1457 427 1505 nos
458 1437 609 1526 rediens,
634 1439 841 1524 presentibus
873 1438 1009 1524 hijsdom
1041 1441 1190 1526 partibus
1216 1441 1308 1508 nobis
1325 1441 1437 1507 retulit

310 1545 397 1612 bona
407 1545 490 1611 fide:
505 1545 591 1630 quod
602 1545 697 1612 ambs
707 1553 817 1630 partes
829 1546 978 1613 adductis
987 1566 1096 1614 secum
1112 1548 1257 1634 pluribus
1274 1547 1438 1618 nobilibus

309 1655 381 1740 ipso
397 1662 547 1740 presente
578 1654 611 1720 in
637 1653 834 1739 supradictis
866 1655 991 1722 octenis
1022 1665 1228 1724 accesserunt
1259 1658 1303 1722 ad
1320 1657 1437 1724 laciem

310 1763 550 1848 possessionum
567 1761 719 1828 diuisioni
735 1761 997 1848 subiacencium,
1015 1770 1051 1830 nt
1075 1764 1226 1848 dicebat;
1243 1765 1297 1833 ubi
1323 1761 1439 1849 princi·

309 1872 429 1956 paliter
445 1867 523 1936 dicti
539 1870 596 1955 filij
631 1868 765 1938 Comitis
797 1870 905 1955 Egydi
929 1873 1000 1957 pari
1030 1878 1062 1939 et
1088 1872 1242 1939 concordi
1272 1871 1440 1939 voluntate

309 1976 472 2062 quandam
489 1978 726 2063 possessionem
751 1997 845 2044 suam
870 1999 928 2046 seu
955 1985 1074 2048 terram
1101 1979 1369 2064 Gugmenduente
1386 1999 1439 2044 vo-

309 2093 427 2171 catam,
446 2105 503 2151 seu
529 2085 594 2152 alio
626 2086 756 2152 nomine
773 2085 932 2152 Hurtelen
963 2085 1103 2172 dictam,
1134 2087 1168 2152 in
1184 2087 1281 2152 certis
1296 2087 1392 2154 metis
1409 2091 1441 2150 et

309 2192 454 2260 terminis
471 2194 538 2260 suis
563 2194 706 2278 antiquis
732 2197 864 2262 aterris
889 2193 1027 2262 Obalran
1054 2201 1087 2261 et
1100 2195 1269 2262 Ksrelrtou
1287 2213 1441 2279 segrega·

309 2309 386 2387 tam,
403 2303 474 2370 usui
490 2301 585 2369 trium
601 2309 782 2368 aratrorum
808 2301 1032 2389 sufficientem,
1050 2303 1218 2390 dederunt,
1235 2303 1441 2371 contulerunt

311 2417 343 2476 et
358 2413 611 2494 assignauerunt
626 2413 813 2478 memoratis
838 2411 941 2478 Paulo
958 2420 990 2478 et
1004 2413 1102 2478 Petro
1127 2411 1205 2496 filijs
1226 2409 1359 2478 Comitis
1377 2411 1441 2477 Do-

310 2517 420 2585 minici
428 2518 671 2604 perhempniter
680 2519 815 2603 pacifice
826 2518 1067 2603 possidendam.
1080 2518 1323 2604 consequenter
1333 2520 1440 2585 eciam

310 2633 515 2692 accesserunt
532 2625 573 2691 ad
591 2623 708 2692 faeiem
735 2623 905 2692 cuiusdam
931 2632 1015 2692 terre
1030 2623 1302 2712 Kyslaludleulde
1318 2644 1439 2691 nuncu

310 2739 404 2815 pute,
421 2752 518 2818 super
534 2753 599 2817 qua
614 2732 735 2799 diuisio
751 2733 822 2800 fieri
839 2731 959 2816 debuit,
990 2751 1053 2816 que
1079 2731 1183 2799 eciam
1201 2731 1345 2798 totaliter
1365 2754 1442 2800 ven·
1550 2807 1551 2810 Ἴ

311 2839 380 2908 dita
394 2841 500 2908 fuerat
516 2841 633 2908 (tomiti
648 2840 819 2908 Dominico
851 2842 935 2928 patri
964 2842 1105 2925 ipsorum
1133 2839 1309 2908 secundum
1340 2842 1444 2907 eonfi-

310 2949 457 3016 nunciam
474 2948 636 3034 priuilegij
649 2945 793 3032 Capituli
804 2948 1066 3032 Wesprimieusis
1083 2967 1142 3032 pro
1160 2945 1444 3032 trigintaquinque

311 3059 429 3124 mareis
444 3057 591 3143 plenarie
606 3054 799 3141 persolutis;
818 3063 849 3121 et
864 3055 910 3120 ibi
927 3055 1021 3121 iuxta
1037 3055 1153 3122 seriem
1170 3057 1351 3123 litterarum
1368 3073 1442 3139 pre·

310 3167 468 3232 dictorum
500 3161 735 3231 Cruoilerorum
767 3171 980 3229 memoratam
1010 3169 1130 3228 terram
1163 3161 1206 3228 ad
1236 3169 1304 3230 tres
1329 3167 1446 3246 partes

310 3272 467 3359 equaliter
484 3272 672 3359 diuiserunt,
689 3271 814 3337 duabus
830 3271 977 3356 partibus
994 3293 1014 3338 a
1030 3277 1125 3354 parte
1141 3269 1344 3336 meridionali
1362 3267 1446 3352 filijs

310 3379 444 3446 Comitis
461 3378 569 3465 Egydi
585 3377 773 3466 assignatis,
806 3379 908 3444 tercia
939 3396 1015 3442 uero
1045 3385 1138 3462 parte
1153 3397 1174 3442 a
1190 3385 1286 3462 parte
1301 3383 1445 3460 septem·

311 3487 443 3554 trionali
459 3492 545 3554 terre
561 3485 828 3568 (lugmendzente
852 3491 968 3551 vocate
994 3483 1161 3550 vicinante
1185 3483 1266 3571 ipsis
1289 3483 1369 3568 lilijs
1387 3483 1446 3550 Oo-

313 3596 400 3662 mitis
416 3594 580 3662 Dominici
596 3593 861 3660 inreuooabiliter
878 3601 1087 3676 remanente,
1121 3593 1219 3658 certis
1235 3589 1327 3658 metis
1343 3589 1448 3676 (anti-

313 3703 398 3789 quis)
417 3709 448 3770 et
464 3701 649 3770 recentibus
676 3699 916 3784 distinguendo.
951 3697 1092 3774 Quarum
1119 3697 1252 3780 quidem
1284 3703 1449 3764 metarum

311 3831 425 3879 cursus
445 3809 521 3876 talis
538 3813 605 3886 est;
622 3806 709 3892 quod
724 3807 827 3893 prime
843 3807 907 3872 due
931 3813 1016 3873 mete
1040 3805 1200 3892 incipiunt
1216 3825 1236 3870 a
1251 3811 1345 3890 parte
1362 3803 1448 3870 oeci·

313 3919 437 3986 dentali
454 3918 631 4002 aquodam
647 3917 717 3983 rino
733 3917 856 4002 Zapola
873 3921 988 3982 uocato
1014 3916 1049 3983 in
1065 3914 1128 3980 line
1148 3913 1315 3980 cuiusdam
1331 3913 1449 3996 pontis

312 4030 372 4114 sub
389 4026 530 4110 quodam
558 4024 742 4093 molendino
770 4023 939 4108 existente,
967 4022 1020 4088 rbi
1037 4027 1113 4087 sunt
1128 4022 1193 4087 due
1208 4027 1293 4086 mele
1317 4025 1449 4104 terreo,

312 4133 428 4199 dehinc
446 4153 502 4218 per
518 4141 638 4199 terram
654 4131 810 4199 arabilem
829 4129 980 4214 dirigitur
997 4149 1109 4196 uersus
1121 4129 1287 4211 orientem,
1303 4133 1336 4192 et
1351 4127 1403 4194 ibi
1415 4129 1449 4194 in

313 4243 435 4308 uertice
449 4241 616 4308 monticuli
632 4241 691 4307 sub
717 4239 830 4306 arbore
857 4237 1013 4306 cherasea
1039 4237 1101 4304 due
1127 4243 1212 4303 mete
1236 4242 1341 4302 terreo
1370 4243 1452 4303 sunt

312 4347 431 4431 infixe,
448 4348 568 4416 dehinc
585 4348 618 4414 in
634 4348 755 4416 vertice
771 4345 939 4414 monticuli
950 4343 1155 4434 procedendo
1165 4343 1293 4410 venitur
1304 4341 1347 4407 ad
1360 4341 1450 4408 duas

313 4456 443 4522 arbores
461 4455 631 4540 populeas,
648 4456 702 4522 vbi
718 4453 868 4522 similiter
893 4454 956 4519 due
973 4459 1056 4520 mete
1083 4455 1156 4519 sunt
1181 4459 1286 4518 terreo
1312 4455 1450 4532 erecte3

312 4561 437 4629 abinde
455 4569 564 4628 autem
574 4564 667 4644 quasi
679 4565 711 4628 in
721 4562 883 4631 descensu
894 4561 1061 4628 monticuli
1072 4557 1224 4626 curritad
1235 4563 1300 4625 bes
1311 4559 1453 4625 arbores
