3098 5172
826 357 981 456 joo-

339 545 538 634 memoriam,
555 549 641 632 qnod
656 555 692 616 ut
716 556 822 615 ratum
838 549 890 634 sit,
917 548 961 616 ud
985 550 1182 618 instanciam
1207 557 1240 620 et
1269 552 1450 640 peticionem

338 652 486 741 parcium
502 662 629 722 nostras
644 656 863 724 concessimus
880 657 1009 726 litteras
1027 657 1241 746 impressione
1257 656 1342 746 (igy)
1359 659 1450 727 nostri

339 761 443 846 sigilli
459 761 636 830 roboratas.
649 760 769 827 Datum
785 749 869 829 feria
884 761 1030 831 secunda
1045 771 1121 832 ante
1138 764 1369 834 Ascensionem
1379 764 1454 852 (igy)

339 887 426 936 anno
440 868 551 951 gracie
565 863 685 934 ΜΦΟΟο
701 870 914 952 nonagesimo
932 869 1054 953 quinto.

339 1065 479 1131 (Eredetie
492 1061 666 1129 btirhirtyam
686 1065 799 1130 melyrll
812 1079 830 1115 a
847 1063 941 1131 pessel
963 1062 1212 1132 nolu-strgsnorcn
1236 1067 1453 1134 oelyemzsinoron

588 1152 656 1222 lilgg
667 1173 673 1218 ;
686 1169 703 1207 a
716 1155 799 1207 budai
813 1155 865 1206 luir.
879 1156 1002 1206 lnamarsi
1016 1152 1208 1222 laveltlrbsn.)

876 1971 950 2038 140.

340 2166 404 2236 ΙΙΙ.
421 2169 531 2234 maro
546 2170 720 2256 kirtlyoolc
735 2166 1045 2260 teoyooaotaclocpa
1060 2193 1081 2234 a
1093 2169 1264 2235 domoazloa‘
1279 2167 1449 2253 ouabdnyrllc

686 2278 815 2342 miselli
839 2279 999 2342 eadmero.
1027 2277 1125 2342 1296.

448 2469 516 2536 Nos
532 2469 684 2538 Andreas
700 2470 763 2536 Dei
779 2469 891 2552 grauia
917 2470 988 2535 Rex
1012 2469 1184 2563 Hungarie
1210 2467 1361 2536 memorie
1383 2489 1457 2536 com·
1533 2541 1534 2577 1

341 2575 532 2644 mandantes
548 2575 770 2661 significamus
787 2585 899 2642 tenore
913 2575 1117 2662 presencium
1133 2575 1250 2660 quibus
1260 2575 1390 2662 expedit
1399 2574 1457 2641 vni·
1532 2629 1533 2673 p

340 2683 456 2768 nereis,
467 2683 635 2767 quodcum
651 2703 748 2770 super
763 2683 969 2768 possessione
986 2683 1135 2768 Magistri
1150 2684 1239 2750 Petri
1255 2684 1316 2769 lilij
1334 2682 1455 2751 Oomitis
1531 2727 1532 2769 p

342 2791 482 2876 copclch
497 2793 604 2862 tidelis
621 2792 721 2860 nostri
747 2791 939 2859 Domonlarn
964 2799 1153 2878 muncupata
1176 2789 1253 2859 ferri
1277 2789 1398 2879 fodyna
1418 2792 1456 2856 in·
1530 2805 1531 2867 i

343 2906 440 2967 menta
455 2919 528 2968 esse
544 2900 692 2968 dicatur:
710 2899 871 2982 volumus,
887 2907 923 2966 ut
949 2900 1134 2983 quicunqne
1158 2898 1305 2984 hospites
1329 2897 1372 2965 ad
1395 2917 1456 2964 ean·
1529 2897 1530 2963 l

340 3007 414 3076 dem
432 3008 508 3076 ferri
524 3006 672 3075 fodinam
687 3027 789 3075 causa
805 3006 994 3093 hospitandi
1009 3006 1246 3094 commoraturi,
1257 3015 1315 3075 aut
1326 3007 1382 3094 alij
1400 3005 1457 3088 qni·
1528 2991 1529 3059 l

339 3115 418 3183 libet
433 3113 476 3184 nd
491 3115 727 3185 exercitionem
742 3115 850 3201 operis
865 3115 945 3182 ferri
960 3113 1072 3183 iodine
1088 3114 1199 3184 venire
1214 3135 1273 3183 sou
1288 3133 1455 3199 congrega·

339 3223 368 3292 ri
383 3225 551 3310 voluerint,
567 3244 609 3290 ex
624 3231 734 3290 nostra
747 3222 886 3290 licencia
902 3221 1021 3308 Regali
1035 3221 1168 3290 veniant
1183 3221 1284 3290 libare
1299 3229 1332 3290 et
1346 3237 1455 3305 secure,

344 3332 468 3416 absque
483 3330 551 3398 nllo
566 3329 680 3397 timore
696 3331 756 3398 sub
772 3337 884 3398 nostra
908 3331 1115 3418 protectione
1139 3331 1317 3418 Principali
1341 3347 1459 3414 congre

345 3443 470 3523 gentur,
498 3439 690 3523 congregati
715 3443 962 3520 commorentur,
988 3445 1021 3506 et
1045 3445 1220 3508 exerceant
1244 3457 1346 3524 opera
1368 3436 1459 3522 ipsius

349 3541 428 3611 terri
443 3541 564 3630 fodyna
580 3544 757 3612 efficaciter
773 3551 806 3612 et
820 3564 898 3614 cura
926 3544 1096 3630 diligenti3
1122 3565 1162 3612 ea
1186 3553 1296 3612 tamem
1322 3545 1460 3625 libertas,

344 3671 410 3737 qna
425 3652 526 3720 ceteri
541 3651 684 3737 hospites
700 3672 758 3720 sen
774 3653 914 3740 operarij
945 3653 980 3722 iu
999 3653 1262 3740 possessionibus
1284 3646 1460 3720 huiusmodi

343 3757 500 3826 nobilium
512 3759 616 3846 Regni
628 3759 730 3828 nostri
740 3766 979 3830 consueuerant
986 3761 1283 3847 gratulari.Datunr
1291 3759 1383 3828 Bude
1391 3756 1463 3826 tois

343 3874 439 3934 sexta
454 3871 531 3934 ante
546 3865 663 3935 festum
679 3867 872 3936 Natiuitatis
889 3867 1001 3936 Sancti
1025 3867 1183 3937 Johunnis
1208 3869 1360 3954 Baptista
1384 3885 1460 3934 anno

342 3974 473 4042 Domini
489 3973 609 4044 ΜΟο
625 3961 838 4061 nonagesimo
854 3983 958 4045 sexto.

344 4167 482 4236 (tracesio
494 4170 669 4239 bllrhartyln,
682 4187 700 4224 a
712 4170 790 4226 httnl
803 4174 855 4226 oda
868 4179 992 4240 nyornotl
1004 4171 1070 4243 pecs
1083 4172 1215 4228 titredelxe
1228 4189 1366 4243 magnam,
1388 4189 1405 4224 a
1424 4173 1464 4222 bn·

681 4263 726 4318 dai
739 4264 790 4318 lxta.
803 4264 927 4317 lnamarsi
951 4260 1139 4329 lovolttrnan.)
