<?xml version="1.0" encoding="UTF-8"?>
<!DOCTYPE html PUBLIC "-//W3C//DTD XHTML 1.0 Transitional//EN"
    "http://www.w3.org/TR/xhtml1/DTD/xhtml1-transitional.dtd">
<html xmlns="http://www.w3.org/1999/xhtml" xml:lang="en" lang="en">
 <head>
  <title>
</title>
<meta http-equiv="Content-Type" content="text/html;charset=utf-8" />
  <meta name='ocr-system' content='tesseract 3.04.00' />
  <meta name='ocr-capabilities' content='ocr_page ocr_carea ocr_par ocr_line ocrx_word'/>
</head>
<body>
  <div class='ocr_page' id='page_1' title='image "./codexdiplomatic19wenzgoog_0101.png"; bbox 0 0 3132 5162; ppageno 0'>
   <div class='ocr_carea' id='block_1_1' title="bbox 662 311 703 378">
    <p class='ocr_par' dir='ltr' id='par_1_1' title="bbox 662 311 703 378">
     <span class='ocr_line' id='line_1_1' title="bbox 662 311 703 378; baseline 0.024 -1"><span class='ocrx_word' id='word_1_1' title='bbox 662 311 703 378; x_wconf 88' lang='grc'><strong>61</strong></span> 
     </span>
    </p>
   </div>
   <div class='ocr_carea' id='block_1_2' title="bbox 120 495 1248 1125">
    <p class='ocr_par' dir='ltr' id='par_1_2' title="bbox 120 495 1248 1125">
     <span class='ocr_line' id='line_1_2' title="bbox 121 495 1247 593; baseline 0.013 -27"><span class='ocrx_word' id='word_1_2' title='bbox 121 517 188 566; x_wconf 84' lang='lat' dir='ltr'><strong>rem</strong></span> <span class='ocrx_word' id='word_1_3' title='bbox 203 495 440 568; x_wconf 82' lang='lat' dir='ltr'><strong>adserendam</strong></span> <span class='ocrx_word' id='word_1_4' title='bbox 458 497 543 587; x_wconf 76' lang='lat' dir='ltr'><strong>(tgy)</strong></span> <span class='ocrx_word' id='word_1_5' title='bbox 560 501 705 588; x_wconf 88' lang='lat' dir='ltr'><strong>parcium</strong></span> <span class='ocrx_word' id='word_1_6' title='bbox 719 502 915 572; x_wconf 70' lang='lat' dir='ltr'><strong>instanciam</strong></span> <span class='ocrx_word' id='word_1_7' title='bbox 931 514 1100 593; x_wconf 72' lang='lat' dir='ltr'>presentes</span> <span class='ocrx_word' id='word_1_8' title='bbox 1119 529 1247 580; x_wconf 87' lang='lat' dir='ltr'><strong>conces-</strong></span> 
     </span>
     <span class='ocr_line' id='line_1_3' title="bbox 122 605 1247 692; baseline 0.012 -18"><span class='ocrx_word' id='word_1_9' title='bbox 122 608 223 675; x_wconf 89' lang='lat' dir='ltr'><strong>simus</strong></span> <span class='ocrx_word' id='word_1_10' title='bbox 238 605 366 676; x_wconf 76' lang='lat' dir='ltr'>litteras</span> <span class='ocrx_word' id='word_1_11' title='bbox 383 606 487 692; x_wconf 81' lang='lat' dir='ltr'><strong>sigilli</strong></span> <span class='ocrx_word' id='word_1_12' title='bbox 503 609 606 677; x_wconf 83' lang='lat' dir='ltr'><strong>nostri</strong></span> <span class='ocrx_word' id='word_1_13' title='bbox 620 611 799 680; x_wconf 78' lang='lat' dir='ltr'><strong>munimine</strong></span> <span class='ocrx_word' id='word_1_14' title='bbox 824 611 1039 684; x_wconf 81' lang='lat' dir='ltr'><strong>confirmatas.</strong></span> <span class='ocrx_word' id='word_1_15' title='bbox 1065 619 1159 686; x_wconf 83' lang='lat' dir='ltr'><strong>Anno</strong></span> <span class='ocrx_word' id='word_1_16' title='bbox 1186 621 1247 688; x_wconf 88' lang='lat' dir='ltr'><strong>Do·</strong></span> 
     </span>
     <span class='ocr_line' id='line_1_4' title="bbox 120 713 1248 812; baseline 0.012 -32"><span class='ocrx_word' id='word_1_17' title='bbox 120 713 240 783; x_wconf 90' lang='lat' dir='ltr'><strong>miniee</strong></span> <span class='ocrx_word' id='word_1_18' title='bbox 253 714 498 783; x_wconf 87' lang='lat' dir='ltr'><strong>lucarnaeicnis</strong></span> <span class='ocrx_word' id='word_1_19' title='bbox 513 716 633 784; x_wconf 73' lang='grc' dir='ltr'><strong>ΜὊΟ0</strong></span> <span class='ocrx_word' id='word_1_20' title='bbox 649 718 859 804; x_wconf 77' lang='lat' dir='ltr'><strong>nonagesimo</strong></span> <span class='ocrx_word' id='word_1_21' title='bbox 880 721 995 810; x_wconf 86' lang='lat' dir='ltr'><strong>primo,</strong></span> <span class='ocrx_word' id='word_1_22' title='bbox 1010 723 1096 812; x_wconf 80' lang='lat' dir='ltr'><strong>ydus</strong></span> <span class='ocrx_word' id='word_1_23' title='bbox 1114 726 1248 794; x_wconf 87' lang='lat' dir='ltr'><strong>Decem·</strong></span> 
     </span>
     <span class='ocr_line' id='line_1_5' title="bbox 120 805 1245 912; baseline 0.012 -25"><span class='ocrx_word' id='word_1_24' title='bbox 120 821 205 907; x_wconf 75' lang='lat' dir='ltr'><strong>bria,</strong></span> <span class='ocrx_word' id='word_1_25' title='bbox 220 822 415 890; x_wconf 88' lang='lat' dir='ltr'><strong>Reuerendo</strong></span> <span class='ocrx_word' id='word_1_26' title='bbox 431 823 503 890; x_wconf 82' lang='lat' dir='ltr'><strong>viro</strong></span> <span class='ocrx_word' id='word_1_27' title='bbox 517 805 674 912; x_wconf 73' lang='lat' dir='ltr'><strong>Magistro</strong></span> <span class='ocrx_word' id='word_1_28' title='bbox 690 827 863 896; x_wconf 81' lang='lat' dir='ltr'><strong>Theodoro</strong></span> <span class='ocrx_word' id='word_1_29' title='bbox 879 829 1026 898; x_wconf 80' lang='lat' dir='ltr'><strong>Ecclesia</strong></span> <span class='ocrx_word' id='word_1_30' title='bbox 1042 839 1152 901; x_wconf 90' lang='lat' dir='ltr'><strong>nostre</strong></span> <span class='ocrx_word' id='word_1_31' title='bbox 1169 833 1245 900; x_wconf 89' lang='lat' dir='ltr'><strong>Pre-</strong></span> 
     </span>
     <span class='ocr_line' id='line_1_6' title="bbox 121 927 1247 1026; baseline 0.01 -32"><span class='ocrx_word' id='word_1_32' title='bbox 121 927 239 1012; x_wconf 90' lang='lat' dir='ltr'><strong>posito,</strong></span> <span class='ocrx_word' id='word_1_33' title='bbox 255 929 330 996; x_wconf 89' lang='lat' dir='ltr'><strong>aule</strong></span> <span class='ocrx_word' id='word_1_34' title='bbox 346 929 445 1014; x_wconf 82' lang='lat' dir='ltr'><strong>Regia</strong></span> <span class='ocrx_word' id='word_1_35' title='bbox 461 930 540 998; x_wconf 87' lang='lat' dir='ltr'><strong>Vice</strong></span> <span class='ocrx_word' id='word_1_36' title='bbox 564 931 776 1020; x_wconf 74' lang='lat' dir='ltr'><strong>(lancellario,</strong></span> <span class='ocrx_word' id='word_1_37' title='bbox 802 934 890 1003; x_wconf 83' lang='lat' dir='ltr'><strong>llsau</strong></span> <span class='ocrx_word' id='word_1_38' title='bbox 915 936 1064 1026; x_wconf 78' lang='lat' dir='ltr'><strong>(lentore,</strong></span> <span class='ocrx_word' id='word_1_39' title='bbox 1091 939 1247 1026; x_wconf 75' lang='lat' dir='ltr'><strong>Gregorio</strong></span> 
     </span>
     <span class='ocr_line' id='line_1_7' title="bbox 121 1033 955 1125; baseline 0.013 -28"><span class='ocrx_word' id='word_1_40' title='bbox 121 1033 271 1119; x_wconf 76' lang='lat' dir='ltr'><strong>Custode,</strong></span> <span class='ocrx_word' id='word_1_41' title='bbox 287 1035 438 1104; x_wconf 86' lang='lat' dir='ltr'><strong>Johanne</strong></span> <span class='ocrx_word' id='word_1_42' title='bbox 454 1035 563 1125; x_wconf 90' lang='lat' dir='ltr'><strong>(Ihoe)</strong></span> <span class='ocrx_word' id='word_1_43' title='bbox 580 1038 713 1108; x_wconf 86' lang='lat' dir='ltr'><strong>Decano</strong></span> <span class='ocrx_word' id='word_1_44' title='bbox 730 1043 955 1112; x_wconf 75' lang='lat' dir='ltr'><strong>existentibus.</strong></span> 
     </span>
    </p>
   </div>
   <div class='ocr_carea' id='block_1_3' title="bbox 121 1245 1352 1410">
    <p class='ocr_par' dir='ltr' id='par_1_3' title="bbox 121 1245 1352 1410">
     <span class='ocr_line' id='line_1_8' title="bbox 121 1245 1352 1341; baseline 0.013 -44"><span class='ocrx_word' id='word_1_45' title='bbox 121 1245 259 1310; x_wconf 79' lang='lat' dir='ltr'><strong>(Eredetie</strong></span> <span class='ocrx_word' id='word_1_46' title='bbox 272 1246 448 1318; x_wconf 72' lang='lat' dir='ltr'><strong>bb&#39;rhirtytn,</strong></span> <span class='ocrx_word' id='word_1_47' title='bbox 458 1249 575 1315; x_wconf 79' lang='lat' dir='ltr'><strong>melyrbl</strong></span> <span class='ocrx_word' id='word_1_48' title='bbox 588 1265 603 1300; x_wconf 83' lang='lat' dir='ltr'><strong>a</strong></span> <span class='ocrx_word' id='word_1_49' title='bbox 616 1253 707 1318; x_wconf 77' lang='lat' dir='ltr'><strong>peesdt</strong></span> <span class='ocrx_word' id='word_1_50' title='bbox 720 1252 895 1324; x_wconf 66' lang='lat' dir='ltr'><strong>verbs-sarge</strong></span> <span class='ocrx_word' id='word_1_51' title='bbox 917 1256 1148 1322; x_wconf 79' lang='lat' dir='ltr'><strong>aelyernasindron</strong></span> <span class='ocrx_word' id='word_1_52' title='bbox 1161 1262 1249 1341; x_wconf 71' lang='lat' dir='ltr'><strong>lligg3</strong></span> <span class='ocrx_word' id='word_1_53' title='bbox 1350 1253 1352 1258; x_wconf 70' lang='grc'><strong>’</strong></span> 
     </span>
     <span class='ocr_line' id='line_1_9' title="bbox 420 1339 945 1410; baseline 0.01 -21"><span class='ocrx_word' id='word_1_54' title='bbox 420 1339 532 1390; x_wconf 87' lang='lat' dir='ltr'><strong>abudai</strong></span> <span class='ocrx_word' id='word_1_55' title='bbox 545 1340 598 1393; x_wconf 87' lang='lat' dir='ltr'><strong>hir.</strong></span> <span class='ocrx_word' id='word_1_56' title='bbox 612 1341 731 1394; x_wconf 81' lang='lat' dir='ltr'><strong>kamarai</strong></span> <span class='ocrx_word' id='word_1_57' title='bbox 754 1339 945 1410; x_wconf 78' lang='lat' dir='ltr'><strong>levdltbrhan.)</strong></span> 
     </span>
    </p>
   </div>
   <div class='ocr_carea' id='block_1_4' title="bbox 578 1626 789 1640">
    <p class='ocr_par' dir='ltr' id='par_1_4' title="bbox 578 1626 789 1640">
     <span class='ocr_line' id='line_1_10' title="bbox 578 1626 789 1640; baseline 0.009 -4"><span class='ocrx_word' id='word_1_58' title='bbox 578 1626 789 1640; x_wconf 66' lang='grc' dir='ltr'><strong>-υ--ι--ιι--ο-ι-ι</strong></span> 
     </span>
    </p>
   </div>
   <div class='ocr_carea' id='block_1_5' title="bbox 647 2153 703 2222">
    <p class='ocr_par' dir='ltr' id='par_1_5' title="bbox 647 2153 703 2222">
     <span class='ocr_line' id='line_1_11' title="bbox 647 2153 703 2222; baseline -0.036 0"><span class='ocrx_word' id='word_1_59' title='bbox 647 2153 703 2222; x_wconf 78' lang='lat'><strong>43.</strong></span> 
     </span>
    </p>
   </div>
   <div class='ocr_carea' id='block_1_6' title="bbox 123 2347 1248 2650">
    <p class='ocr_par' dir='ltr' id='par_1_6' title="bbox 123 2347 1248 2650">
     <span class='ocr_line' id='line_1_12' title="bbox 124 2347 1246 2441; baseline 0.004 -26"><span class='ocrx_word' id='word_1_60' title='bbox 124 2347 447 2437; x_wconf 72' lang='lat' dir='ltr'><strong>AGycIefebeledri</strong></span> <span class='ocrx_word' id='word_1_61' title='bbox 462 2351 688 2437; x_wconf 78' lang='lat' dir='ltr'><strong>keiptalaonale</strong></span> <span class='ocrx_word' id='word_1_62' title='bbox 699 2352 975 2438; x_wconf 72' lang='lat' dir='ltr'><strong>biaonysa&#39;qlevelc,</strong></span> <span class='ocrx_word' id='word_1_63' title='bbox 996 2355 1076 2441; x_wconf 73' lang='lat' dir='ltr'><strong>hoqy</strong></span> <span class='ocrx_word' id='word_1_64' title='bbox 1092 2377 1112 2418; x_wconf 87' lang='grc' dir='ltr'>α</span> <span class='ocrx_word' id='word_1_65' title='bbox 1129 2355 1246 2441; x_wconf 68' lang='lat' dir='ltr'><strong>society</strong></span> 
     </span>
     <span class='ocr_line' id='line_1_13' title="bbox 123 2458 1248 2545; baseline 0.01 -27"><span class='ocrx_word' id='word_1_66' title='bbox 123 2458 245 2522; x_wconf 72' lang='lat' dir='ltr'><strong>crederit</strong></span> <span class='ocrx_word' id='word_1_67' title='bbox 255 2459 432 2523; x_wconf 78' lang='lat' dir='ltr'><strong>Benceencz</strong></span> <span class='ocrx_word' id='word_1_68' title='bbox 440 2459 511 2542; x_wconf 81' lang='lat' dir='ltr'><strong>fiai</strong></span> <span class='ocrx_word' id='word_1_69' title='bbox 525 2459 666 2525; x_wconf 76' lang='lat' dir='ltr'><strong>Bottedele</strong></span> <span class='ocrx_word' id='word_1_70' title='bbox 682 2468 762 2524; x_wconf 80' lang='lat' dir='ltr'><strong>aceti</strong></span> <span class='ocrx_word' id='word_1_71' title='bbox 770 2459 934 2545; x_wconf 73' lang='lat' dir='ltr'><strong>filleijttleet</strong></span> <span class='ocrx_word' id='word_1_72' title='bbox 961 2461 1083 2528; x_wconf 81' lang='lat' dir='ltr'><strong>Dcirriel</strong></span> <span class='ocrx_word' id='word_1_73' title='bbox 1099 2465 1129 2527; x_wconf 66' lang='lat' dir='ltr'><strong>da</strong></span> <span class='ocrx_word' id='word_1_74' title='bbox 1155 2463 1248 2528; x_wconf 80' lang='lat' dir='ltr'><strong>Sala·</strong></span> 
     </span>
     <span class='ocr_line' id='line_1_14' title="bbox 330 2565 1054 2650; baseline 0.004 -21"><span class='ocrx_word' id='word_1_75' title='bbox 330 2589 398 2630; x_wconf 79' lang='lat' dir='ltr'><strong>moa</strong></span> <span class='ocrx_word' id='word_1_76' title='bbox 415 2565 552 2632; x_wconf 80' lang='lat' dir='ltr'><strong>Ketaehi</strong></span> <span class='ocrx_word' id='word_1_77' title='bbox 568 2565 638 2633; x_wconf 74' lang='lat' dir='ltr'><strong>Cael</strong></span> <span class='ocrx_word' id='word_1_78' title='bbox 646 2568 783 2650; x_wconf 79' lang='lat' dir='ltr'><strong>finierak</strong></span> <span class='ocrx_word' id='word_1_79' title='bbox 798 2567 938 2632; x_wconf 69' lang='lat' dir='ltr'><strong>eladtcik.</strong></span> <span class='ocrx_word' id='word_1_80' title='bbox 957 2567 1054 2632; x_wconf 83' lang='lat'><strong><em>1291.</em></strong></span> 
     </span>
    </p>
   </div>
   <div class='ocr_carea' id='block_1_7' title="bbox 87 2758 1247 3383">
    <p class='ocr_par' dir='ltr' id='par_1_7' title="bbox 87 2758 1247 3383">
     <span class='ocr_line' id='line_1_15' title="bbox 229 2758 1247 2856; baseline 0.004 -30"><span class='ocrx_word' id='word_1_81' title='bbox 229 2760 416 2844; x_wconf 79' lang='lat' dir='ltr'><strong>Capitulum</strong></span> <span class='ocrx_word' id='word_1_82' title='bbox 432 2759 579 2836; x_wconf 80' lang='lat' dir='ltr'><strong>Ecclesia</strong></span> <span class='ocrx_word' id='word_1_83' title='bbox 594 2758 690 2826; x_wconf 88' lang='lat' dir='ltr'><strong>Beati</strong></span> <span class='ocrx_word' id='word_1_84' title='bbox 705 2759 879 2856; x_wconf 77' lang='lat' dir='ltr'><strong>Michaelis</strong></span> <span class='ocrx_word' id='word_1_85' title='bbox 905 2762 1102 2846; x_wconf 79' lang='lat' dir='ltr'><strong>Archangeli</strong></span> <span class='ocrx_word' id='word_1_86' title='bbox 1130 2765 1247 2830; x_wconf 79' lang='lat' dir='ltr'><strong>Trans-</strong></span> 
     </span>
     <span class='ocr_line' id='line_1_16' title="bbox 120 2865 1245 2954; baseline 0.005 -24"><span class='ocrx_word' id='word_1_87' title='bbox 120 2867 249 2932; x_wconf 87' lang='lat' dir='ltr'><strong>siluane</strong></span> <span class='ocrx_word' id='word_1_88' title='bbox 264 2866 424 2932; x_wconf 89' lang='lat' dir='ltr'><strong>uniuersis</strong></span> <span class='ocrx_word' id='word_1_89' title='bbox 441 2865 559 2931; x_wconf 77' lang='lat' dir='ltr'><strong>Christi</strong></span> <span class='ocrx_word' id='word_1_90' title='bbox 575 2867 724 2934; x_wconf 86' lang='lat' dir='ltr'><strong>fidelibus</strong></span> <span class='ocrx_word' id='word_1_91' title='bbox 740 2873 806 2935; x_wconf 90' lang='lat' dir='ltr'><strong>tam</strong></span> <span class='ocrx_word' id='word_1_92' title='bbox 823 2868 1028 2954; x_wconf 85' lang='lat' dir='ltr'><strong>presentibus</strong></span> <span class='ocrx_word' id='word_1_93' title='bbox 1045 2889 1142 2952; x_wconf 86' lang='lat' dir='ltr'><strong>quam</strong></span> <span class='ocrx_word' id='word_1_94' title='bbox 1161 2869 1245 2936; x_wconf 86' lang='lat' dir='ltr'><strong>iutu-</strong></span> 
     </span>
     <span class='ocr_line' id='line_1_17' title="bbox 121 2975 1243 3061; baseline 0.003 -22"><span class='ocrx_word' id='word_1_95' title='bbox 121 2977 169 3040; x_wconf 88' lang='lat' dir='ltr'><strong>ris</strong></span> <span class='ocrx_word' id='word_1_96' title='bbox 183 2995 314 3059; x_wconf 90' lang='lat' dir='ltr'><strong>presens</strong></span> <span class='ocrx_word' id='word_1_97' title='bbox 330 2976 486 3060; x_wconf 87' lang='lat' dir='ltr'><strong>seriptum</strong></span> <span class='ocrx_word' id='word_1_98' title='bbox 501 2975 695 3060; x_wconf 88' lang='lat' dir='ltr'><strong>inspecturis</strong></span> <span class='ocrx_word' id='word_1_99' title='bbox 710 2976 846 3042; x_wconf 88' lang='lat' dir='ltr'><strong>salutem</strong></span> <span class='ocrx_word' id='word_1_100' title='bbox 875 2976 908 3040; x_wconf 93' lang='lat' dir='ltr'><strong>in</strong></span> <span class='ocrx_word' id='word_1_101' title='bbox 933 2976 1050 3045; x_wconf 90' lang='lat' dir='ltr'><strong>salutis</strong></span> <span class='ocrx_word' id='word_1_102' title='bbox 1076 2977 1243 3061; x_wconf 82' lang='lat' dir='ltr'><strong>largitore.</strong></span> 
     </span>
     <span class='ocr_line' id='line_1_18' title="bbox 121 3081 1243 3170; baseline 0.004 -25"><span class='ocrx_word' id='word_1_103' title='bbox 121 3081 351 3151; x_wconf 83' lang='lat' dir='ltr'><strong>Vniuersornm</strong></span> <span class='ocrx_word' id='word_1_104' title='bbox 368 3084 488 3151; x_wconf 82' lang='lat' dir='ltr'><strong>noticia</strong></span> <span class='ocrx_word' id='word_1_105' title='bbox 504 3084 617 3151; x_wconf 86' lang='lat' dir='ltr'><strong>harum</strong></span> <span class='ocrx_word' id='word_1_106' title='bbox 629 3085 711 3151; x_wconf 88' lang='lat' dir='ltr'><strong>serie</strong></span> <span class='ocrx_word' id='word_1_107' title='bbox 722 3085 942 3169; x_wconf 87' lang='lat' dir='ltr'><strong>declaramus;</strong></span> <span class='ocrx_word' id='word_1_108' title='bbox 962 3085 1048 3166; x_wconf 90' lang='lat' dir='ltr'><strong>quod</strong></span> <span class='ocrx_word' id='word_1_109' title='bbox 1059 3084 1243 3170; x_wconf 82' lang='lat' dir='ltr'><strong>Stephanus</strong></span> 
     </span>
     <span class='ocr_line' id='line_1_19' title="bbox 87 3189 1244 3276; baseline 0 -22"><span class='ocrx_word' id='word_1_110' title='bbox 87 3235 89 3242; x_wconf 49' lang='lat'>&gt;</span> <span class='ocrx_word' id='word_1_111' title='bbox 121 3197 154 3254; x_wconf 92' lang='lat' dir='ltr'><strong>et</strong></span> <span class='ocrx_word' id='word_1_112' title='bbox 169 3189 357 3256; x_wconf 90' lang='lat' dir='ltr'><strong>Domiuieus</strong></span> <span class='ocrx_word' id='word_1_113' title='bbox 366 3189 425 3274; x_wconf 89' lang='lat' dir='ltr'><strong>filij</strong></span> <span class='ocrx_word' id='word_1_114' title='bbox 442 3190 635 3257; x_wconf 90' lang='lat' dir='ltr'><strong>Benchenhe</strong></span> <span class='ocrx_word' id='word_1_115' title='bbox 646 3190 686 3257; x_wconf 94' lang='lat' dir='ltr'><strong>de</strong></span> <span class='ocrx_word' id='word_1_116' title='bbox 702 3210 820 3276; x_wconf 82' lang='lat' dir='ltr'><strong>genere</strong></span> <span class='ocrx_word' id='word_1_117' title='bbox 836 3190 1014 3257; x_wconf 87' lang='lat' dir='ltr'><strong>Siculorum</strong></span> <span class='ocrx_word' id='word_1_118' title='bbox 1031 3210 1134 3275; x_wconf 89' lang='lat' dir='ltr'><strong>prose</strong></span> <span class='ocrx_word' id='word_1_119' title='bbox 1145 3189 1244 3256; x_wconf 84' lang='lat' dir='ltr'><strong>ethii-</strong></span> 
     </span>
     <span class='ocr_line' id='line_1_20' title="bbox 122 3294 1246 3383; baseline 0.001 -23"><span class='ocrx_word' id='word_1_120' title='bbox 122 3296 207 3362; x_wconf 87' lang='lat' dir='ltr'><strong>houe</strong></span> <span class='ocrx_word' id='word_1_121' title='bbox 231 3295 334 3364; x_wconf 87' lang='lat' dir='ltr'><strong>fratre</strong></span> <span class='ocrx_word' id='word_1_122' title='bbox 359 3299 501 3382; x_wconf 90' lang='lat' dir='ltr'><strong>ipsorum</strong></span> <span class='ocrx_word' id='word_1_123' title='bbox 528 3299 743 3383; x_wconf 88' lang='lat' dir='ltr'><strong>personaliter</strong></span> <span class='ocrx_word' id='word_1_124' title='bbox 768 3317 875 3365; x_wconf 89' lang='lat' dir='ltr'><strong>eoram</strong></span> <span class='ocrx_word' id='word_1_125' title='bbox 902 3298 996 3364; x_wconf 88' lang='lat' dir='ltr'><strong>nobis</strong></span> <span class='ocrx_word' id='word_1_126' title='bbox 1020 3294 1246 3382; x_wconf 82' lang='lat' dir='ltr'><strong>comparando,</strong></span> 
     </span>
    </p>
   </div>
   <div class='ocr_carea' id='block_1_8' title="bbox 113 3401 1249 4667">
    <p class='ocr_par' dir='ltr' id='par_1_8' title="bbox 113 3401 1249 4667">
     <span class='ocr_line' id='line_1_21' title="bbox 121 3401 1245 3490; baseline 0.002 -24"><span class='ocrx_word' id='word_1_127' title='bbox 121 3411 240 3469; x_wconf 89' lang='lat' dir='ltr'><strong>terram</strong></span> <span class='ocrx_word' id='word_1_128' title='bbox 255 3423 349 3471; x_wconf 87' lang='lat' dir='ltr'><strong>suam</strong></span> <span class='ocrx_word' id='word_1_129' title='bbox 368 3401 540 3470; x_wconf 83' lang='lat' dir='ltr'><strong>Bothteluk</strong></span> <span class='ocrx_word' id='word_1_130' title='bbox 556 3411 717 3490; x_wconf 88' lang='lat' dir='ltr'><strong>vocatam,</strong></span> <span class='ocrx_word' id='word_1_131' title='bbox 737 3425 778 3470; x_wconf 84' lang='lat' dir='ltr'><strong>ex</strong></span> <span class='ocrx_word' id='word_1_132' title='bbox 794 3404 975 3472; x_wconf 89' lang='lat' dir='ltr'><strong>collacione</strong></span> <span class='ocrx_word' id='word_1_133' title='bbox 1001 3403 1105 3470; x_wconf 87' lang='lat' dir='ltr'><strong>felicis</strong></span> <span class='ocrx_word' id='word_1_134' title='bbox 1137 3422 1245 3469; x_wconf 88' lang='lat' dir='ltr'><strong>recor-</strong></span> 
     </span>
     <span class='ocr_line' id='line_1_22' title="bbox 120 3508 1247 3598; baseline 0.001 -24"><span class='ocrx_word' id='word_1_135' title='bbox 120 3508 269 3578; x_wconf 86' lang='lat' dir='ltr'><strong>dacionis</strong></span> <span class='ocrx_word' id='word_1_136' title='bbox 298 3509 397 3593; x_wconf 87' lang='lat' dir='ltr'><strong>Regis</strong></span> <span class='ocrx_word' id='word_1_137' title='bbox 429 3511 599 3598; x_wconf 80' lang='lat' dir='ltr'><strong>Stephani,</strong></span> <span class='ocrx_word' id='word_1_138' title='bbox 626 3521 661 3578; x_wconf 92' lang='lat' dir='ltr'><strong>ut</strong></span> <span class='ocrx_word' id='word_1_139' title='bbox 691 3533 731 3578; x_wconf 83' lang='lat' dir='ltr'><strong>ex</strong></span> <span class='ocrx_word' id='word_1_140' title='bbox 755 3510 928 3596; x_wconf 80' lang='lat' dir='ltr'><strong>priuilegio</strong></span> <span class='ocrx_word' id='word_1_141' title='bbox 955 3511 1097 3578; x_wconf 88' lang='lat' dir='ltr'><strong>eiusdem</strong></span> <span class='ocrx_word' id='word_1_142' title='bbox 1125 3510 1247 3578; x_wconf 90' lang='lat' dir='ltr'><strong>domini</strong></span> 
     </span>
     <span class='ocr_line' id='line_1_23' title="bbox 120 3616 1248 3706; baseline -0.002 -22"><span class='ocrx_word' id='word_1_143' title='bbox 120 3616 218 3698; x_wconf 77' lang='lat' dir='ltr'><strong>Regis</strong></span> <span class='ocrx_word' id='word_1_144' title='bbox 235 3617 354 3684; x_wconf 84' lang='lat' dir='ltr'><strong>exinde</strong></span> <span class='ocrx_word' id='word_1_145' title='bbox 371 3617 518 3685; x_wconf 87' lang='lat' dir='ltr'><strong>confecto</strong></span> <span class='ocrx_word' id='word_1_146' title='bbox 536 3619 766 3703; x_wconf 86' lang='lat' dir='ltr'><strong>intelleximus,</strong></span> <span class='ocrx_word' id='word_1_147' title='bbox 783 3619 845 3684; x_wconf 92' lang='lat' dir='ltr'><strong>sibi</strong></span> <span class='ocrx_word' id='word_1_148' title='bbox 863 3620 1030 3706; x_wconf 86' lang='lat' dir='ltr'><strong>donatam,</strong></span> <span class='ocrx_word' id='word_1_149' title='bbox 1048 3637 1119 3684; x_wconf 88' lang='lat' dir='ltr'><strong>cum</strong></span> <span class='ocrx_word' id='word_1_150' title='bbox 1147 3618 1248 3683; x_wconf 91' lang='lat' dir='ltr'><strong>omni·</strong></span> 
     </span>
     <span class='ocr_line' id='line_1_24' title="bbox 120 3723 1247 3812; baseline 0.003 -24"><span class='ocrx_word' id='word_1_151' title='bbox 120 3723 182 3790; x_wconf 89' lang='lat' dir='ltr'><strong>bus</strong></span> <span class='ocrx_word' id='word_1_152' title='bbox 197 3724 390 3792; x_wconf 77' lang='lat' dir='ltr'><strong>utilitatibus</strong></span> <span class='ocrx_word' id='word_1_153' title='bbox 420 3725 539 3794; x_wconf 87' lang='lat' dir='ltr'><strong>suiset</strong></span> <span class='ocrx_word' id='word_1_154' title='bbox 569 3725 780 3810; x_wconf 90' lang='lat' dir='ltr'><strong>pertiueneijs</strong></span> <span class='ocrx_word' id='word_1_155' title='bbox 811 3729 872 3793; x_wconf 90' lang='lat' dir='ltr'><strong>suh</strong></span> <span class='ocrx_word' id='word_1_156' title='bbox 888 3726 1005 3812; x_wconf 89' lang='lat' dir='ltr'><strong>ijsdem</strong></span> <span class='ocrx_word' id='word_1_157' title='bbox 1023 3725 1164 3810; x_wconf 88' lang='lat' dir='ltr'><strong>antiquis</strong></span> <span class='ocrx_word' id='word_1_158' title='bbox 1181 3745 1247 3791; x_wconf 91' lang='lat' dir='ltr'><strong>me·</strong></span> 
     </span>
     <span class='ocr_line' id='line_1_25' title="bbox 120 3829 1247 3916; baseline 0 -21"><span class='ocrx_word' id='word_1_159' title='bbox 120 3829 165 3896; x_wconf 90' lang='lat' dir='ltr'><strong>tis</strong></span> <span class='ocrx_word' id='word_1_160' title='bbox 174 3881 184 3916; x_wconf 92' lang='lat'><strong>,</strong></span> <span class='ocrx_word' id='word_1_161' title='bbox 208 3833 311 3916; x_wconf 77' lang='lat' dir='ltr'><strong>signis</strong></span> <span class='ocrx_word' id='word_1_162' title='bbox 328 3838 360 3898; x_wconf 87' lang='lat' dir='ltr'><strong>et</strong></span> <span class='ocrx_word' id='word_1_163' title='bbox 384 3831 552 3916; x_wconf 88' lang='lat' dir='ltr'><strong>terminis,</strong></span> <span class='ocrx_word' id='word_1_164' title='bbox 583 3831 698 3916; x_wconf 86' lang='lat' dir='ltr'><strong>quibus</strong></span> <span class='ocrx_word' id='word_1_165' title='bbox 716 3852 787 3897; x_wconf 89' lang='lat' dir='ltr'><strong>eam</strong></span> <span class='ocrx_word' id='word_1_166' title='bbox 804 3832 901 3916; x_wconf 86' lang='lat' dir='ltr'><strong>ijdem</strong></span> <span class='ocrx_word' id='word_1_167' title='bbox 917 3832 977 3916; x_wconf 85' lang='lat' dir='ltr'><strong>tilij</strong></span> <span class='ocrx_word' id='word_1_168' title='bbox 1004 3833 1174 3898; x_wconf 89' lang='lat' dir='ltr'><strong>Beehenho</strong></span> <span class='ocrx_word' id='word_1_169' title='bbox 1190 3831 1247 3895; x_wconf 90' lang='lat' dir='ltr'><strong>ha-</strong></span> 
     </span>
     <span class='ocr_line' id='line_1_26' title="bbox 118 3935 1245 4024; baseline 0.001 -24"><span class='ocrx_word' id='word_1_170' title='bbox 118 3935 256 4004; x_wconf 89' lang='lat' dir='ltr'><strong>buerunt</strong></span> <span class='ocrx_word' id='word_1_171' title='bbox 281 3946 313 4005; x_wconf 92' lang='lat' dir='ltr'><strong>et</strong></span> <span class='ocrx_word' id='word_1_172' title='bbox 328 3937 560 4023; x_wconf 88' lang='lat' dir='ltr'><strong>possederunt,</strong></span> <span class='ocrx_word' id='word_1_173' title='bbox 591 3938 759 4024; x_wconf 89' lang='lat' dir='ltr'><strong>dederuut,</strong></span> <span class='ocrx_word' id='word_1_174' title='bbox 792 3945 857 4005; x_wconf 90' lang='lat' dir='ltr'><strong>tam</strong></span> <span class='ocrx_word' id='word_1_175' title='bbox 883 3959 923 4005; x_wconf 84' lang='lat' dir='ltr'><strong>ex</strong></span> <span class='ocrx_word' id='word_1_176' title='bbox 948 3945 1124 4023; x_wconf 85' lang='lat' dir='ltr'><strong>partesue</strong></span> <span class='ocrx_word' id='word_1_177' title='bbox 1150 3955 1245 4018; x_wconf 87' lang='lat' dir='ltr'><strong>quam</strong></span> 
     </span>
     <span class='ocr_line' id='line_1_27' title="bbox 119 4043 1247 4130; baseline -0.002 -22"><span class='ocrx_word' id='word_1_178' title='bbox 119 4061 164 4108; x_wconf 88' lang='lat' dir='ltr'><strong>ex</strong></span> <span class='ocrx_word' id='word_1_179' title='bbox 189 4049 280 4128; x_wconf 87' lang='lat' dir='ltr'><strong>parte</strong></span> <span class='ocrx_word' id='word_1_180' title='bbox 305 4044 447 4111; x_wconf 87' lang='lat' dir='ltr'><strong>Mikonis</strong></span> <span class='ocrx_word' id='word_1_181' title='bbox 470 4044 607 4130; x_wconf 76' lang='lat' dir='ltr'><strong>predicti</strong></span> <span class='ocrx_word' id='word_1_182' title='bbox 646 4045 756 4112; x_wconf 75' lang='lat' dir='ltr'><strong>fratris</strong></span> <span class='ocrx_word' id='word_1_183' title='bbox 774 4046 833 4130; x_wconf 88' lang='lat' dir='ltr'><strong>sui,</strong></span> <span class='ocrx_word' id='word_1_184' title='bbox 860 4045 990 4112; x_wconf 90' lang='lat' dir='ltr'><strong>Danieli</strong></span> <span class='ocrx_word' id='word_1_185' title='bbox 1020 4052 1052 4112; x_wconf 91' lang='lat' dir='ltr'><strong>et</strong></span> <span class='ocrx_word' id='word_1_186' title='bbox 1083 4043 1247 4112; x_wconf 88' lang='lat' dir='ltr'><strong>Salomoni</strong></span> 
     </span>
     <span class='ocr_line' id='line_1_28' title="bbox 117 4145 1248 4241; baseline 0.006 -32"><span class='ocrx_word' id='word_1_187' title='bbox 117 4145 306 4234; x_wconf 83' lang='lat' dir='ltr'><strong>Comitihus,</strong></span> <span class='ocrx_word' id='word_1_188' title='bbox 338 4150 416 4236; x_wconf 87' lang='lat' dir='ltr'><strong>filijs</strong></span> <span class='ocrx_word' id='word_1_189' title='bbox 432 4151 509 4218; x_wconf 83' lang='lat' dir='ltr'><strong>Ohel</strong></span> <span class='ocrx_word' id='word_1_190' title='bbox 541 4151 583 4217; x_wconf 91' lang='lat' dir='ltr'><strong>de</strong></span> <span class='ocrx_word' id='word_1_191' title='bbox 598 4151 747 4241; x_wconf 84' lang='lat' dir='ltr'><strong>Kelnuk,</strong></span> <span class='ocrx_word' id='word_1_192' title='bbox 780 4159 812 4219; x_wconf 88' lang='lat' dir='ltr'><strong>et</strong></span> <span class='ocrx_word' id='word_1_193' title='bbox 828 4173 884 4238; x_wconf 90' lang='lat' dir='ltr'><strong>per</strong></span> <span class='ocrx_word' id='word_1_194' title='bbox 909 4172 963 4218; x_wconf 90' lang='lat' dir='ltr'><strong>eos</strong></span> <span class='ocrx_word' id='word_1_195' title='bbox 990 4149 1161 4218; x_wconf 87' lang='lat' dir='ltr'><strong>eorundem</strong></span> <span class='ocrx_word' id='word_1_196' title='bbox 1178 4168 1248 4216; x_wconf 89' lang='lat' dir='ltr'><strong>sue-</strong></span> 
     </span>
     <span class='ocr_line' id='line_1_29' title="bbox 116 4256 1248 4345; baseline -0.002 -22"><span class='ocrx_word' id='word_1_197' title='bbox 116 4259 301 4335; x_wconf 82' lang='lat' dir='ltr'><strong>sessoribus</strong></span> <span class='ocrx_word' id='word_1_198' title='bbox 315 4259 391 4342; x_wconf 88' lang='lat' dir='ltr'><strong>jure</strong></span> <span class='ocrx_word' id='word_1_199' title='bbox 421 4265 575 4345; x_wconf 85' lang='lat' dir='ltr'><strong>perpetuo</strong></span> <span class='ocrx_word' id='word_1_200' title='bbox 602 4258 833 4342; x_wconf 87' lang='lat' dir='ltr'><strong>possidendam</strong></span> <span class='ocrx_word' id='word_1_201' title='bbox 850 4267 883 4326; x_wconf 88' lang='lat' dir='ltr'><strong>et</strong></span> <span class='ocrx_word' id='word_1_202' title='bbox 908 4256 1101 4335; x_wconf 83' lang='lat' dir='ltr'><strong>habendam,</strong></span> <span class='ocrx_word' id='word_1_203' title='bbox 1121 4276 1179 4342; x_wconf 91' lang='lat' dir='ltr'><strong>pro</strong></span> <span class='ocrx_word' id='word_1_204' title='bbox 1203 4257 1248 4322; x_wconf 82' lang='lat' dir='ltr'><strong>vi-</strong></span> 
     </span>
     <span class='ocr_line' id='line_1_30' title="bbox 115 4362 1246 4451; baseline -0.001 -22"><span class='ocrx_word' id='word_1_205' title='bbox 115 4365 206 4447; x_wconf 81' lang='lat' dir='ltr'><strong>giuti</strong></span> <span class='ocrx_word' id='word_1_206' title='bbox 221 4367 340 4432; x_wconf 90' lang='lat' dir='ltr'><strong>mareis</strong></span> <span class='ocrx_word' id='word_1_207' title='bbox 363 4367 418 4432; x_wconf 89' lang='lat' dir='ltr'><strong>tini</strong></span> <span class='ocrx_word' id='word_1_208' title='bbox 434 4367 561 4450; x_wconf 84' lang='lat' dir='ltr'><strong>argenti</strong></span> <span class='ocrx_word' id='word_1_209' title='bbox 577 4387 635 4451; x_wconf 88' lang='lat' dir='ltr'><strong>per</strong></span> <span class='ocrx_word' id='word_1_210' title='bbox 650 4367 779 4433; x_wconf 89' lang='lat' dir='ltr'><strong>eosdem</strong></span> <span class='ocrx_word' id='word_1_211' title='bbox 804 4367 890 4433; x_wconf 87' lang='lat' dir='ltr'><strong>filios</strong></span> <span class='ocrx_word' id='word_1_212' title='bbox 915 4363 1072 4448; x_wconf 87' lang='lat' dir='ltr'><strong>Beeenhe,</strong></span> <span class='ocrx_word' id='word_1_213' title='bbox 1098 4369 1134 4428; x_wconf 89' lang='lat' dir='ltr'><strong>ut</strong></span> <span class='ocrx_word' id='word_1_214' title='bbox 1149 4362 1246 4448; x_wconf 91' lang='lat' dir='ltr'><strong>ijdem</strong></span> 
     </span>
     <span class='ocr_line' id='line_1_31' title="bbox 114 4469 1248 4560; baseline -0.002 -24"><span class='ocrx_word' id='word_1_215' title='bbox 114 4470 281 4560; x_wconf 81' lang='lat' dir='ltr'><strong>dixerunt,</strong></span> <span class='ocrx_word' id='word_1_216' title='bbox 297 4494 319 4540; x_wconf 89' lang='lat' dir='ltr'><strong>a</strong></span> <span class='ocrx_word' id='word_1_217' title='bbox 334 4473 430 4542; x_wconf 88' lang='lat' dir='ltr'><strong>dietis</strong></span> <span class='ocrx_word' id='word_1_218' title='bbox 444 4474 523 4560; x_wconf 87' lang='lat' dir='ltr'><strong>filijs</strong></span> <span class='ocrx_word' id='word_1_219' title='bbox 540 4471 619 4539; x_wconf 82' lang='lat' dir='ltr'><strong>Ohel</strong></span> <span class='ocrx_word' id='word_1_220' title='bbox 635 4473 730 4557; x_wconf 92' lang='lat' dir='ltr'><strong>plene</strong></span> <span class='ocrx_word' id='word_1_221' title='bbox 755 4473 877 4540; x_wconf 88' lang='lat' dir='ltr'><strong>habitis</strong></span> <span class='ocrx_word' id='word_1_222' title='bbox 894 4479 926 4540; x_wconf 90' lang='lat' dir='ltr'><strong>et</strong></span> <span class='ocrx_word' id='word_1_223' title='bbox 950 4470 1122 4557; x_wconf 87' lang='lat' dir='ltr'><strong>perceptis.</strong></span> <span class='ocrx_word' id='word_1_224' title='bbox 1148 4469 1248 4536; x_wconf 80' lang='lat' dir='ltr'><strong>Cuius</strong></span> 
     </span>
     <span class='ocr_line' id='line_1_32' title="bbox 113 4576 1249 4667; baseline -0.002 -21"><span class='ocrx_word' id='word_1_225' title='bbox 113 4576 249 4662; x_wconf 86' lang='lat' dir='ltr'><strong>quidem</strong></span> <span class='ocrx_word' id='word_1_226' title='bbox 275 4587 361 4650; x_wconf 86' lang='lat' dir='ltr'><strong>terre</strong></span> <span class='ocrx_word' id='word_1_227' title='bbox 387 4587 473 4649; x_wconf 88' lang='lat' dir='ltr'><strong>mete</strong></span> <span class='ocrx_word' id='word_1_228' title='bbox 503 4601 561 4654; x_wconf 90' lang='lat' dir='ltr'><strong>seu</strong></span> <span class='ocrx_word' id='word_1_229' title='bbox 585 4579 736 4667; x_wconf 90' lang='lat' dir='ltr'><strong>termini,</strong></span> <span class='ocrx_word' id='word_1_230' title='bbox 767 4579 851 4648; x_wconf 87' lang='lat' dir='ltr'><strong>sieut</strong></span> <span class='ocrx_word' id='word_1_231' title='bbox 875 4584 1053 4648; x_wconf 87' lang='lat' dir='ltr'><strong>exterrere</strong></span> <span class='ocrx_word' id='word_1_232' title='bbox 1081 4577 1249 4644; x_wconf 88' lang='lat' dir='ltr'><strong>memorati</strong></span> 
     </span>
    </p>
   </div>
   <div class='ocr_carea' id='block_1_9' title="bbox 0 0 1570 5162">
    <p class='ocr_par' dir='ltr' id='par_1_9' title="bbox 0 0 1570 5162">
     <span class='ocr_line' id='line_1_33' title="bbox 0 0 1570 5162; baseline 0 4"><span class='ocrx_word' id='word_1_233' title='bbox 0 0 1570 5162; x_wconf 95' lang='lat' dir='ltr'><strong> </strong></span> 
     </span>
    </p>
   </div>
  </div>
 </body>
</html>
