3098 5172
768 251 936 361 msc..

286 445 408 537 Wruay
422 447 524 534 ijdem
540 447 599 533 tilij
616 447 764 535 Magistri
780 448 934 536 Phylippi
960 447 1204 535 quinquaginta
1227 465 1357 519 mareas
1382 447 1414 518 in

287 556 432 642 denarijs
447 558 491 625 ab
508 556 622 624 eodem
639 555 763 624 comite
778 555 966 624 Alexandro
991 555 1155 624 dixissent
1182 576 1217 624 se
1243 557 1414 648 recepisse,

288 669 322 732 et
337 663 422 732 alias
437 663 677 749 quinquaginta
692 683 821 733 marcas
837 684 897 750 pro
912 664 1076 750 stipendio
1104 669 1137 730 et
1161 665 1320 733 effusione
1345 687 1415 732 san-

288 771 400 855 guinis
416 769 561 838 eiusdem
576 769 756 866 Alexandri
772 773 815 838 ab
832 769 955 838 eisdem
971 770 1016 837 ad
1031 770 1199 839 racionem
1214 772 1322 860 ipsius
1347 794 1415 860 pos·

286 878 442 946 sessionis
453 897 512 964 per
521 877 660 946 eundem
670 878 886 964 assumpsisse
902 879 936 944 in
947 877 1033 946 hunc
1043 878 1194 955 modum;
1212 881 1301 964 quod
1317 903 1415 966 quau-

286 967 457 1054 docunque
466 968 519 1034 vel
529 987 587 1054 per
598 986 823 1052 quemcunque
834 973 901 1034 tam
913 988 972 1053 per
982 967 1070 1054 ipsos
1080 967 1165 1034 tilios
1174 970 1325 1054 Magistri
1335 972 1415 1059 Pbp-
1544 1023 1545 1058 p

287 1072 390 1160 lippi,
405 1092 501 1160 quam
512 1073 663 1160 perdlios
675 1071 975 1162 ComitisLadizlai,
988 1075 1039 1143 uel
1062 1095 1192 1142 suorum
1210 1095 1414 1151 successores
1544 1079 1545 1130 ἒ

290 1181 517 1267 contraipsum
528 1180 908 1250 ComitemAlexandrum
917 1182 1052 1250 velsuos
1062 1202 1267 1251 successores
1279 1185 1415 1254 alicuius

290 1289 471 1372 questionis
482 1287 617 1356 materia
628 1295 715 1356 mota
726 1308 783 1356 seu
794 1291 971 1372 susseitata
979 1289 1080 1373 tieret,
1093 1297 1269 1375 antequam
1280 1291 1315 1357 in
1327 1293 1415 1360 litem

289 1395 464 1482 prodirent,
482 1395 574 1481 ipsas
589 1403 717 1463 eentum
733 1415 860 1465 marcas
876 1395 938 1483 ipsi
956 1397 1073 1464 Comiti
1088 1397 1279 1465 Alexandro
1288 1403 1343 1467 uel
1353 1403 1416 1468 suis

287 1501 534 1589 posteritatibus
548 1502 649 1589 ijdem
666 1503 723 1591 tilij
741 1501 889 1590 Magistri
906 1504 1059 1592 Phylippi
1076 1512 1109 1574 et
1123 1505 1280 1593 Ladinlai,
1299 1511 1350 1576 vel
1368 1509 1415 1575 sui
1544 1503 1545 1564 Ϊ

286 1628 499 1698 successores,
510 1609 649 1697 proximi
660 1619 693 1679 et
703 1612 835 1695 cognati
845 1611 1019 1680 refundere
1028 1619 1224 1698 tenerentur,
1236 1619 1269 1680 et
1278 1613 1415 1682 eundem
1544 1627 1545 1674 l

287 1713 443 1785 Comitem
453 1717 673 1786 Alexandrum
684 1719 857 1804 aquolibet
872 1719 1068 1804 impediente
1082 1739 1182 1805 super
1197 1720 1271 1807 ipsa
1286 1742 1414 1808 posses·
1544 1767 1545 1806 p

286 1821 379 1892 sione
388 1823 543 1912 expedire
551 1825 693 1912 proprijs
708 1825 874 1893 laboribus
889 1833 921 1892 et
936 1824 1087 1912 expensis
1097 1829 1158 1894 stb.
1168 1829 1289 1895 Datum
1306 1831 1416 1912 quinto
1544 1867 1545 1892 1

289 1925 344 1998 die
358 1929 631 2018 congregacionis
647 1937 757 2001 nostre
773 1932 918 2022 predicte
935 1941 967 2001 et
981 1933 1052 2002 loco
1069 1934 1247 2004 nominatis
1262 1955 1353 2004 auno
1364 1938 1412 2004 Do

290 2035 370 2106 mini
389 2041 485 2108 1343.

418 2216 556 2284 (Eredetls
568 2217 744 2290 bdrblrtydn‚
762 2234 781 2273 a
792 2220 875 2276 budai
888 2222 939 2274 lxir.
960 2220 1082 2276 bumasti
1096 2218 1291 2292 levdlttrbsu.)

821 3039 897 3112 122.
968 3125 974 3138 Ι

296 3229 488 3308 Tbomusiau
504 3235 572 3306 ΙΙΙ.
589 3237 699 3305 Mrdn
713 3237 824 3328 kirrily
839 3240 1014 3328 aayjdoole
1041 3237 1122 3308 Soob
1137 3239 1339 3328 neotlfoldet
1354 3245 1420 3308 lde·-
1544 3319 1545 3324 ἵ

338 3347 441 3434 gpoao'
456 3347 641 3433 udomdayu
656 3346 776 3416 Ldsald
792 3371 899 3434 comes,
911 3347 1084 3433 Miklo'sfia
1098 3352 1260 3417 scdmdra.
1276 3351 1375 3420 1295.
1497 3345 1501 3354 ⁴

399 3538 602 3610 'l'bomssina
617 3541 679 3610 Dei
711 3544 824 3628 gracia
848 3549 953 3612 mater
978 3541 1100 3610 domini
1126 3539 1257 3612 Andrus
1281 3544 1422 3616 Illustris

292 3647 392 3737 Regis
408 3647 595 3733 Huugarie,
613 3649 761 3718 omnibus
777 3647 898 3718 Christi
924 3649 1074 3720 fidelibus
1099 3669 1236 3737 presens
1261 3653 1421 3739 scriptum

292 3755 487 3846 inspecturis
501 3757 643 3826 salutem
659 3759 692 3826 in
708 3757 851 3827 omnium
865 3741 1041 3828 saluatorc.
1058 3759 1204 3844 Dignum
1219 3765 1270 3826 est
1284 3765 1318 3826 et
1334 3762 1422 3828 omni

293 3871 543 3934 cousentaneum
560 3865 694 3948 racioni,
711 3872 747 3933 vt
770 3864 833 3933 uiri
859 3866 995 3954 strenui,
1013 3867 1068 3950 qui
1084 3887 1121 3935 se
1144 3864 1272 3933 fortune
1289 3865 1422 3939 casibus

292 3971 462 4062 pronubis
487 3972 648 4041 subiicere
672 3995 737 4042 non
754 3973 949 4064 formidant,
974 3994 996 4041 a
1019 3979 1131 4042 nostra
1147 3972 1326 4042 clemencia
1341 3978 1423 4045 reci·

293 4079 387 4168 piaut
401 4079 549 4150 antidota
562 4079 766 4168 premiorum.
784 4081 965 4170 Maproptcr
975 4081 1019 4148 ad
1029 4083 1255 4149 uniuersorum
1273 4088 1340 4149 tam
1350 4103 1422 4170 pre

293 4185 437 4257 sensium
454 4208 551 4274 quam
568 4187 746 4258 futurorum
772 4189 928 4258 noticiam
952 4190 1068 4257 barum
1084 4189 1169 4259 serio
1187 4189 1336 4258 uolumus
1351 4211 1423 4277 per-

293 4297 416 4383 uenire,
433 4295 613 4384 quodlicet
638 4295 814 4365 fidelitates
839 4304 998 4383 actusque
1023 4295 1179 4383 meritorij
1207 4295 1342 4365 Comitis
1357 4297 1421 4365 La·
1511 4303 1513 4307 ’
1544 4295 1545 4298 ’

294 4401 393 4472 diulai
409 4405 467 4494 filij
484 4404 625 4494 Nycolai
640 4407 758 4494 uotorij
780 4405 845 4476 sint
852 4456 863 4494 ,
889 4427 949 4476 nec
965 4405 1076 4491 aliquo
1092 4405 1207 4494 quovis
1222 4403 1351 4492 possint
1366 4424 1421 4474 cx·

296 4513 416 4615 quisito
432 4513 538 4582 colore
558 4513 762 4612 effusoiesrip
788 4521 899 4598 tamen
929 4513 1008 4616 quia
1033 4514 1197 4602 modernis
1223 4513 1425 4618 temporibus
