3170 5166
772 269 932 369 gep—

280 469 374 550 partc
401 466 514 545 itaque
530 463 682 529 orientali
698 462 819 529 dictam
834 470 954 532 terram
979 463 1132 532 dixerunt
1146 467 1318 533 terminari
1334 473 1420 535 terre

283 571 402 655 Tanau,
420 570 475 636 ubi
492 589 563 635 cum
579 569 674 637 metis
692 569 806 637 terreis
823 569 955 655 abipsa
980 576 1067 637 terra
1097 571 1205 638 Tazar
1235 571 1417 640 recitarunt

286 698 323 746 sc
339 675 495 762 separari.
512 675 621 762 Ipsam
639 684 748 743 autem
766 676 940 761 septimam
957 683 1083 762 partem
1110 677 1328 762 assignabunt
1359 679 1422 747 eis-

286 784 360 851 dem
376 783 451 851 filiis
467 783 559 851 Ebed
575 791 692 868 quarto
709 781 763 848 dic
786 787 860 868 post
877 792 1012 852 octauas
1028 783 1141 850 Sancti
1158 783 1258 870 Regis
1285 786 1330 851 ab
1357 807 1425 853 una

282 897 380 980 parte
396 911 455 976 per
471 889 642 958 arbitrium
658 896 691 956 ct
707 890 907 957 sentenciam
921 893 1019 978 Dece,
1039 891 1174 959 Andrec
1190 892 1248 977 filij
1281 893 1427 981 Endera,

285 999 414 1066 Nicolai
429 997 487 1084 filij
515 998 686 1085 Stephani,
712 1003 745 1064 ct
761 997 916 1066 Hermani
932 996 973 1065 de
986 999 1132 1066 Hermen
1149 1021 1189 1068 cx
1220 1008 1314 1086 parte
1344 1000 1425 1066 filic-

287 1128 358 1174 rum
374 1107 485 1184 llbed3
503 1107 580 1174 item
597 1105 757 1173 Jchannis
773 1105 834 1191 filij
852 1107 1038 1191 Laurcncij,
1054 1107 1143 1174 Petri
1158 1107 1217 1192 filij
1231 1108 1329 1195 Mixa,
1338 1109 1427 1175 'Phc-

286 1236 338 1282 mc
356 1214 414 1300 filij
432 1214 528 1280 Mcch
544 1221 576 1280 et
591 1213 773 1280 Alexandri
790 1214 847 1299 iilij
867 1214 1033 1298 Obulgani
1050 1233 1109 1298 pro
1125 1223 1218 1300 parte
1229 1215 1377 1282 Tristani
1393 1221 1427 1282 ct

238 1361 242 1370 ·
288 1322 425 1389 aliorum
441 1321 605 1389 mediante
629 1319 815 1387 testimonio
833 1321 975 1406 Capituli
992 1320 1239 1407 castricensi,
1267 1329 1299 1389 et
1324 1322 1430 1389 Balas

289 1429 330 1494 dc
346 1428 428 1512 Lad,
445 1429 500 1513 qui
516 1429 693 1512 pristaldus
711 1426 817 1497 extitit
835 1428 931 1495 huius
947 1447 1056 1496 cause.
1086 1427 1277 1496 Addicimus
1311 1430 1430 1516 eciam,

288 1535 376 1621 quod
391 1555 431 1602 ca
447 1555 534 1622 pars,
551 1555 612 1619 que
629 1536 670 1602 de
686 1535 875 1602 huiusmodi
891 1535 1130 1622 composicione
1155 1536 1241 1603 inter
1258 1557 1294 1603 sc
1310 1536 1432 1604 habita

289 1642 451 1727 resilierit,
470 1643 555 1726 parti
572 1642 843 1729 composicionem
860 1641 984 1709 tenenti
999 1649 1076 1708 ante
1086 1641 1155 1708 litis
1167 1643 1351 1725 ingressum
1369 1663 1432 1710 sex

289 1770 417 1818 marcas
434 1751 549 1838 scluet,
565 1759 662 1836 prout
678 1752 721 1816 ad
737 1751 772 1816 id
789 1771 825 1817 se
842 1772 919 1836 pars
936 1757 1073 1834 suaque
1089 1751 1259 1834 obligauit
1276 1751 1430 1819 Dicimus

292 1866 412 1944 tamen,
428 1857 516 1942 quud
533 1858 574 1925 dc
591 1859 831 1946 composicione
846 1858 935 1925 facta
952 1877 1049 1944 super
1066 1857 1206 1946 'septima
1221 1865 1317 1943 parte
1341 1867 1431 1924 terre

291 1966 455 2033 nominate
470 1971 586 2033 neutra
602 1967 749 2052 parcium
767 1966 890 2052 poterit
905 1965 1040 2032 resilire.
1052 1965 1201 2032 Dicimus
1213 1966 1328 2050 eciam,
1339 1965 1431 2049 quod

292 2075 321 2141 si
336 2079 447 2140 notato
463 2071 516 2139 dic
531 2079 605 2156 post
621 2077 756 2140 octauas
772 2073 883 2141 Sancti
898 2072 999 2156 Regis
1016 2078 1137 2158 partes,
1160 2079 1293 2158 propter
1316 2071 1432 2155 aliqua

290 2182 429 2266 negocia
444 2180 558 2264 Regni,
569 2200 633 2246 non
650 2185 782 2264 possent
796 2178 974 2265 procedere
989 2177 1022 2245 in
1039 2178 1228 2262 premissis;
1246 2185 1365 2244 extunc
1381 2181 1432 2246 ui·

293 2289 412 2357 cesimc
428 2286 570 2355 secundo
587 2285 640 2353 die
655 2285 766 2352 Sancti
800 2285 968 2352 Michaelis
1000 2283 1180 2369 procedere
1211 2291 1364 2368 poterunt
1394 2286 1431 2351 in

296 2395 472 2482 premissis.
489 2395 566 2460 Post
581 2393 642 2461 hcc
658 2399 767 2461 autem
783 2395 817 2459 in
849 2393 1022 2476 quindenis
1056 2391 1206 2458 Omnium
1239 2391 1431 2458 Sanctorum

293 2509 408 2588 partes
424 2519 532 2568 coram
548 2500 643 2568 nobis
660 2502 895 2588 comparebunt
911 2500 955 2565 ad
987 2499 1156 2568 recitanda
1185 2497 1347 2584 premissa
1377 2500 1440 2564 uel.

295 2609 340 2676 ad
353 2609 613 2693 peremptionem
631 2627 738 2676 cause.
764 2611 886 2676 Datum
902 2607 936 2673 in
959 2608 1083 2694 Lipche
1114 2614 1209 2675 sexta
1240 2605 1325 2673 feria
1356 2613 1434 2693 post

295 2714 476 2801 quindenas
492 2715 606 2782 Sancti
621 2714 781 2782 Jchannis
796 2715 953 2800 Baptista.

402 2819 541 2889 Kivul
565 2841 836 2908 ugyanazcn
870 2820 970 2889 ktn:
994 2822 1057 2890 Pro
1089 2821 1164 2907 filijs
1195 2819 1288 2888 Ebed
1319 2827 1442 2890 contra

296 2930 483 2996 Tristanum
499 2935 532 2994 ct
546 2927 632 2996 alios
648 2948 746 3012 super
762 2930 903 3013 septima
918 2937 1013 3014 parte
1029 2936 1123 2996 terre

297 3127 436 3193 (Eredetic
458 3123 639 3190 bdrhdrtyatn¹
652 3126 768 3191 melyrdl
782 3141 800 3176 a
812 3122 931 3177 ltdtulrdl
944 3125 996 3176 oda
1017 3131 1141 3190 nycmctt
1165 3121 1258 3191 pccsdt
1291 3119 1446 3188 lcmdllottp

603 3232 619 3267 a
636 3232 723 3268 nemu.
743 3231 867 3268 muscum
881 3211 1124 3282 kdzirattdrdban.)

761 3511 974 3523 —-—-—-
