3170 5166
817 911 895 981 293.

284 1111 316 1174 A
333 1113 424 1195 pe‘csa‘
441 1110 671 1198 kdptulaaaak
685 1107 960 1196 biaouyadpleoeie,
976 1111 1061 1194 bopy
1091 1131 1132 1175 aa
1164 1109 1302 1218 drdekelt
1327 1106 1429 1192 sedek·

332 1216 434 1284 Boaol
450 1217 557 1285 birtok
572 1221 826 1305 tatarjcraoara
840 1218 933 1282 aenae
949 1216 1160 1303 eqyeekedtek.
1175 1219 1227 1283 Eo
1241 1215 1361 1281 aetem.

396 1410 464 1476 Nos
481 1405 667 1493 Capitulum
683 1404 1035 1490 Quinqueecclesiense
1051 1402 1215 1476 'memorie
1246 1407 1423 1476 comenda·

288 1536 371 1603 mus,
391 1515 477 1599 quod
494 1536 565 1582 cum
580 1515 672 1582 iuxta
688 1511 824 1582 sormam
840 1513 1024 1582 litterarum
1040 1513 1167 1582 Judicie
1184 1513 1278 1582 Ourie
1294 1513 1423 1582 domini

288 1623 389 1708 Regis
406 1628 521 1690 octauo
536 1621 589 1691 die
605 1627 682 1690 ante
712 1619 832 1688 testum
863 1621 1108 1690 Purificaoionis
1139 1621 1241 1690 Reate
1271 1622 1424 1708 Virginis

287 1739 406 1801 terram
424 1729 522 1798 Bosol
538 1736 701 1817 uocatam,
718 1747 817 1815 super
832 1748 898 1812 qua
913 1729 997 1796 inter
1012 1729 1209 1816 Magistrum
1224 1730 1422 1799 Oorlardum

291 1845 322 1906 et
338 1838 500 1906 Abbatem
517 1837 703 1923 Monasterij
729 1837 842 1906 Sancti
858 1834 974 1905 Jacobi
991 1837 1031 1904 de
1047 1837 1148 1924 Zelyn
1164 1839 1208 1905 ab
1224 1859 1290 1906 una
1315 1844 1426 1924 parte,

291 1953 324 2012 st
338 1946 422 2014 inter
437 1945 575 2013 Paulum
590 1951 623 2012 et
638 1943 750 2030 Gurgh
765 1943 849 2011 filios
864 1944 1003 2016 Iwahun
1019 1946 1061 2012 de
1076 1946 1238 2031 Wynaior
1253 1949 1296 2015 ab
1313 1947 1424 2013 altera

292 2053 508 2138 contenditur,
525 2050 702 2121 secundnm
719 2051 857 2118 formam
874 2051 1039 2138 priuilegij
1065 2052 1238 2120 recolende
1268 2053 1423 2122 recorda·

292 2162 394 2230 aionis
409 2162 489 2229 Bele
513 2159 614 2244 Regis
629 2160 772 2244 Vngarie
789 2178 897 2227 coram
913 2159 1043 2228 homine
1058 2165 1168 2228 nostro
1184 2166 1295 2247 partes
1319 2179 1423 2246 snper

292 2268 377 2337 facie
393 2268 538 2336 eiusdem
564 2277 649 2336 terre
679 2267 779 2335 Boscl
811 2273 1047 2351 comparentes,
1079 2271 1212 2353 propter
1228 2266 1420 2334 habundan-

184 2391 185 2394 ’
294 2378 443 2461 uiamque
458 2376 583 2444 uirium
598 2395 710 2444 cursus
725 2380 884 2444 metarum
899 2374 1042 2442 eiusdem
1067 2381 1151 2442 terre
1182 2374 1424 2444 continenciam

294 2484 328 2549 in
344 2480 471 2567 prefato
487 2481 663 2568 priuilegio
679 2481 811 2548 minime
826 2481 1025 2566 reperientes
1056 2481 1280 2566 perambulare
1311 2481 1432 2567 nequi-

296 2589 431 2675 uissent,
447 2594 542 2672 prout
556 2588 618 2656 hoc
633 2596 742 2656 noster
758 2609 832 2657 cum
856 2587 1043 2656 hominibus
1075 2591 1245 2657 ambarum
1277 2589 1428 2676 parcium

296 2697 340 2763 ad
355 2716 414 2765 nos
430 2716 579 2764 reuersus
595 2693 719 2784 (homo)
737 2697 831 2765 nobis
847 2694 939 2764 dixit.
955 2697 1071 2782 Itaque
1087 2696 1202 2766 Comes
1218 2696 1324 2765 Dama
1337 2696 1432 2766 filius
1468 2781 1470 2784 Ι

297 2805 386 2873 Geor
402 2804 577 2890 degenere
593 2805 690 2890 Geor,
715 2811 747 2871 et
764 2803 878 2873 Comes
894 2803 1044 2873 Andreas
1074 2804 1159 2874 iilius
1189 2801 1333 2888 Fabjani
1363 2825 1429 2891 pro

295 2913 453 3000 Magistro
469 2911 625 2980 Oorlardo
642 2918 674 2981 et
689 2911 817 2980 Abbate
833 2912 1019 2997 Monasterij
1036 2907 1155 2998 prefati
1171 2911 1212 2978 ab
1240 2931 1307 2979 una
1320 2918 1428 2998 parte,

297 3021 410 3106 Gurgh
425 3019 591 3107 predictus
607 3038 665 3105 pro
680 3037 716 3086 se
733 3026 767 3085 et
782 3039 839 3106 pro
855 3019 958 3086 Paulo
974 3017 1077 3086 fratre
1091 3037 1150 3086 suo
1180 3017 1222 3084 ab
1254 3015 1360 3084 altera
1391 3017 1430 3083 in

299 3136 411 3198 nostra
425 3127 595 3216 presencia
611 3124 775 3196 constituti
791 3124 1088 3195 reambuiacionem
1106 3123 1250 3210 predicte
1266 3129 1350 3192 terre
1367 3125 1434 3192 Bo·

298 3240 345 3304 sol
361 3241 579 3322 prorogarunt
588 3255 647 3321 per
663 3233 750 3300 hunc
759 3231 887 3301 modum
899 3251 906 3293 :
918 3231 1003 3318 quod
1012 3231 1046 3299 in
1056 3232 1227 3317 quindenis
1238 3231 1336 3316 medij
1353 3229 1433 3297 XL—

300 3366 351 3413 me
367 3365 438 3412 cum
455 3342 586 3412 homine
609 3347 735 3430 nostro,
751 3347 784 3410 et
798 3339 1004 3425 presentibus
1018 3336 1139 3406 ibidem
1155 3338 1297 3423 Bolcsey
1313 3337 1354 3405 de
1370 3339 1434 3405 Pe-

297 3450 408 3539 cherd,
426 3449 569 3518 Abertbo
586 3449 627 3518 de
638 3449 743 3537 Lody,
754 3446 1085 3534 ChelleofilijsOkur,
1096 3465 1177 3531 quos
1187 3445 1345 3531 Magister
1356 3444 1440 3511 Gor·

299 3560 411 3630 lardus
427 3565 459 3626 et
468 3558 580 3625 Abbas
597 3557 793 3643 adduceret;
808 3555 886 3623 item
901 3556 997 3623 Petro
1013 3553 1079 3622 filio
1094 3552 1255 3622 iohannis
1270 3551 1312 3620 de
1330 3550 1441 3639 Wyn·

299 3672 380 3754 ntor,
405 3665 537 3734 Benche
555 3674 587 3734 et
606 3665 732 3734 Thoma
750 3664 826 3750 tilijs
845 3664 1015 3751 Stephani,
1034 3681 1116 3748 quos
1131 3660 1253 3728 Paulus
1270 3666 1303 3725 et
1314 3657 1437 3742 (iurgia

301 3774 510 3860 adducerent,
522 3780 633 3862 partes
642 3771 769 3860 prefate
785 3770 1057 3860 perambulabunt
1072 3769 1181 3856 ipsam
1196 3773 1317 3834 terram
1332 3765 1443 3831 Boset

300 3883 480 3952 secundum
494 3881 633 3948 formam
648 3879 829 3948 litterarum
844 3875 1048 3963 pedictarum
1064 3872 1191 3944 Judicis
1208 3874 1306 3942 Gurie
1332 3871 1438 3939 domi-

301 3994 336 4059 ni
350 3993 460 4077 Regis,
479 3997 511 4058 et
526 3987 706 4058 secundum
723 4005 852 4056 cursum
870 3993 1038 4074 metarum,
1055 4005 1137 4070 quas
1147 3989 1252 4051 metas
1269 3981 1357 4048 idem
1368 3977 1437 4064 pri·

302 4098 470 4186 uilegium,
488 4101 544 4164 aut
559 4102 653 4164 tenor
668 4094 814 4164 eiusdem
839 4091 1004 4180 priuilegij
1037 4090 1200 4160 confectus
1232 4088 1292 4156 sub
1326 4088 1441 4153 nostro

303 4206 413 4293 sigillo
429 4201 629 4284 nominabit3
647 4207 680 4288 et
695 4201 725 4271 si
741 4201 851 4285 aliqua
868 4199 951 4268 sorte
966 4198 1135 4268 contencio
1150 4197 1186 4264 in
1201 4191 1443 4264 reambulacio·

302 4305 347 4384 ne‘
361 4311 503 4381 eiusdem
520 4317 606 4377 terre
622 4307 833 4378 exhoreretur
849 4311 882 4374 et
897 4305 988 4374 fieret
1003 4305 1088 4372 inter
1103 4307 1225 4390 partes,
1236 4305 1356 4370 extunc
1366 4318 1440 4386 pre-

305 4419 465 4500 nominati
480 4417 691 4487 arbitratores
721 4413 847 4484 iaciant
881 4411 1090 4483 concordiam
1127 4409 1322 4479 arbitrantes
1352 4407 1448 4475 inber
