3170 5166
653 305 815 404 „oo-

158 529 202 545 -
222 535 261 546 -
281 496 344 582 uit3
361 495 449 562 idem
465 494 561 564 homo
578 505 687 566 noster
718 495 761 565 ad
791 517 851 566 uos
882 497 1012 567 rediens
1043 501 1139 568 uobis
1169 502 1313 589 retulit,

161 603 248 690 quod
264 602 411 690 prediota
426 601 541 672 relicta
555 605 655 691 Moys
672 606 860 676 restituerat
884 604 971 673 dieto
1002 606 1149 674 Rolando
1180 628 1292 676 eoram

167 713 240 798 ipso
255 711 388 780 homine
403 719 515 779 nostro
531 719 662 780 uentum
679 718 711 781 et
727 719 799 780 oeto
830 733 920 800 oues,
938 719 971 782 et
1005 721 1143 798 quatuor
1173 717 1274 786 boues

163 820 222 888 sed
251 818 458 906 postmodum
474 819 678 905 quorundum
695 819 828 888 induota
853 819 991 888 oonsilio
1021 841 1131 890 omnes
1162 823 1295 892 easdem

163 945 244 994 oues
261 933 293 994 et
308 926 409 997 boues
426 928 468 994 ab
485 928 557 1014 ipso
572 925 719 995 Rolaudo
735 927 858 995 auferri
873 926 1028 1012 lecisset3
1054 929 1189 1016 iusuper
1219 951 1297 998 euu-

166 1033 241 1100 dem
256 1033 442 1102 Rolandum
460 1034 621 1121 eaptiuari
637 1033 809 1119 laeiend05
827 1041 860 1102 et
876 1035 1078 1122 postmodum
1103 1037 1159 1103 uix
1189 1038 1296 1123 ipsum

165 1141 361 1211 remisisset.
375 1143 497 1210 Datum
529 1149 646 1226 quarto
677 1140 731 1209 die
761 1147 836 1230 post
866 1141 985 1211 festum
1017 1143 1168 1212 Omnium
1195 1145 1296 1213 Sane·

165 1251 280 1316 torum.

274 1355 432 1423 Kivdl:
450 1357 660 1425 Memoriales
676 1377 736 1443 pro
753 1357 903 1424 Rolaudo
920 1359 1189 1446 coutrapeliotam
1205 1360 1299 1445 Moys

164 1461 207 1529 tl'e
223 1463 364 1550 Perpau.

166 1660 306 1726 (Eredetie
325 1657 533 1727 herblayum
554 1658 785 1728 hlrtyarsiuegen
810 1659 920 1729 sdggdtt
943 1662 1037 1729 peeset
1058 1661 1204 1726 elressett;
1219 1676 1236 1712 a
1249 1662 1299 1712 bu·

493 1750 537 1800 dai
557 1752 608 1802 lrir.
623 1750 746 1802 kamarai
765 1745 958 1818 leveitdrban.)

630 2037 843 2048 ———-—--

702 2569 775 2636 291.

173 2765 204 2830 A
221 2767 309 2833 bdoei
323 2766 551 2852 lupataunaa
566 2766 847 2854 bizoaysu'plaoelo,
862 2771 947 2855 kopp
964 2792 985 2832 α
1002 2768 1072 2833 leo-t
1096 2771 1254 2847 alteratae
1272 2772 1303 2834 ds

175 2873 283 2960 Fiiliip
300 2873 434 2940 Putnak
443 2873 494 2959 fia
511 2875 596 2941 ledata'
608 2875 727 2960 peroro
743 2875 966 2942 tuouoallatds
982 2875 1109 2942 titulant.
1125 2856 1176 2942 liv
1193 2875 1303 2941 ae‘lkr’tl

284 3067 353 3135 Nos
369 3066 552 3154 Capitulum
569 3066 753 3135 Baehieuse
780 3065 896 3135 demus
927 3087 987 3154 pro
1019 3069 1186 3154 memoria,
1217 3067 1306 3153 quud

176 3195 250 3242 oum
264 3175 357 3242 iuxta
373 3173 608 3246 continenciam
624 3173 804 3242 litterarum
820 3173 1059 3242 memorialium
1090 3176 1128 3241 D.
1161 3175 1305 3242 Palatini

176 3279 362 3370 Capitulum
379 3282 423 3348 da
438 3280 502 3348 Kw
527 3281 562 3347 iu
578 3278 752 3366 quindenis
767 3278 960 3347 Natiuitatis
975 3279 1076 3346 Beate
1100 3281 1205 3346 llarie
1235 3279 1306 3347 Vir·

177 3389 264 3474 ginis
280 3395 392 3458 ooutra
407 3387 594 3474 Philippum
609 3386 711 3454 filium
727 3386 826 3455 Pauli
842 3405 950 3454 eoram
978 3385 1074 3454 uobis
1105 3393 1205 3456 testes
1236 3409 1306 3475 pro-

177 3498 297 3566 ducere
312 3487 543 3582 debuisset,”in
558 3495 631 3580 ipso
647 3493 785 3563 termino
795 3493 955 3578 magister
964 3494 1081 3561 Petrus
1091 3494 1212 3563 Cantor
1223 3494 1306 3563 eius-

178 3603 252 3672 dem
267 3604 340 3690 looi,
358 3608 390 3670 et
406 3599 582 3687 Gregorius
598 3601 759 3687 presbiter
775 3601 879 3688 ipsius
894 3601 960 3670 loei
977 3598 1163 3670 Oanouious
1177 3601 1308 3670 nomine

177 3719 210 3778 et
226 3710 299 3776 uiae
314 3709 420 3795 ipsius
436 3709 580 3796 Capituli
595 3727 705 3777 eoram
721 3709 815 3776 nobis
823 3760 834 3798 ,
851 3713 1005 3794 presente
1035 3708 1122 3777 dioto
1153 3709 1308 3796 Philippo

177 3823 438 3905 comparuerunt,
464 3824 496 3884 et
511 3823 614 3885 testes
630 3815 861 3904 produxerunt
872 3836 1005 3901 quorum
1022 3815 1155 3885 uomina
1170 3825 1203 3884 et
1219 3817 1307 3885 diota

178 3932 255 3994 suut
270 3925 348 4012 hee;
364 3923 522 3996 videlieet
537 3923 654 3994 (lomes
669 3923 790 3993 Saulus
807 3922 960 3992 ollioialis
976 3922 1121 4009 capituli
1152 3923 1308 3991 Albensis

177 4035 219 4102 de
235 4031 397 4122 Byohinio
413 4033 591 4118 requisitus
605 4032 786 4121 respondit,
802 4029 887 4116 quud
903 4029 989 4099 idem
1005 4030 1176 4116 Philippus
1200 4030 1235 4098 iu
1250 4029 1307 4098 de·

178 4143 263 4210 aimo
284 4161 372 4210 anuo
389 4139 550 4229 insipiens
565 4139 795 4227 iobagiouibus
821 4139 926 4228 ipsius
958 4138 1101 4225 Capituli
1132 4135 1308 4222 dampnum

178 4249 294 4318 deoem
309 4267 491 4318 marearum
507 4248 683 4337 intulisset,
700 4255 734 4318 et
748 4249 883 4336 insuper
898 4249 1029 4316 Petrum
1044 4245 1192 4313 rillioum
1225 4245 1310 4312 eius·

178 4361 255 4429 dem
270 4357 349 4428 ville
365 4357 539 4428 crudeliter
553 4359 758 4430 vulnerasset.
776 4360 859 4426 Item
876 4356 1026 4445 Gekmyn
1042 4355 1083 4421 de
1099 4352 1212 4421 eadem
1228 4351 1311 4420 villa

176 4467 265 4538 idem
281 4467 373 4538 dixit.
399 4469 483 4540 Item
499 4466 657 4556 magister
672 4468 795 4540 Paulus
810 4488 869 4555 pro
885 4485 931 4555 se,
946 4472 978 4533 et
1003 4485 1062 4552 pro
1093 4459 1239 4530 Adriano
1270 4477 1310 4526 aa
