3170 5166
795 1017 871 1086 264.

295 1217 327 1284 A
343 1219 436 1285 oderi
450 1216 673 1306 kdptaloonot
687 1214 952 1303 bizonyrdgleaeie
961 1265 972 1297 ,
997 1216 1078 1304 kopp
1095 1216 1186 1282 Er'db'
1202 1238 1300 1283 comcs
1318 1221 1350 1282 e's
1366 1217 1432 1280 De-

296 1346 350 1389 cea
364 1335 475 1390 moder
494 1347 517 1391 a
532 1324 642 1392 torret
656 1324 707 1390 Iret
722 1325 840 1390 Pccben
864 1329 945 1389 acori
966 1325 1125 1411 helysdpre
1141 1326 1233 1390 udzoc
1248 1329 1364 1390 tdrte'ut
1378 1325 1431 1389 ba-

466 1437 615 1519 rdtadgoc
630 1432 1137 1520 eppcrkedestfopauotosiuottdlr.
1157 1435 1253 1499 1300.
1269 1496 1275 1508 ,

404 1627 589 1714 capitulum
605 1627 752 1695 Ecclesie
768 1626 955 1694 Waciensis
970 1627 1121 1696 omnibus
1136 1625 1258 1695 Christi
1274 1625 1428 1693 fidelibus

297 1740 481 1819 presentem
498 1733 655 1821 paginam
680 1733 875 1820 inspecturis
892 1735 1031 1803 salutem
1058 1735 1091 1802 in
1107 1735 1246 1803 Domino
1262 1733 1431 1818 sempiter-

294 1861 380 1911 nam.
397 1841 450 1907 Ad
466 1840 690 1910 uniuersorum
717 1847 785 1908 tam
800 1843 1004 1928 presencium
1029 1863 1126 1928 quam
1151 1842 1332 1910 futurorum
1347 1841 1431 1906 noti·

298 1949 384 2016 ciam
395 1948 510 2016 harum
521 1969 619 2034 serye
637 1952 783 2017 volumus
796 1950 968 2035 peruenire
984 1948 1297 2034 :quod-nobilesviri
1312 1949 1430 2016 Oomes

295 2055 404 2124 Erdeu
420 2054 507 2123 filius
523 2054 672 2124 Semerdi
687 2057 729 2123 ab
739 2063 920 2144 vnapurte,
936 2063 969 2123 et
988 2057 1145 2140 Magister
1154 2055 1334 2142 Dyonisius
1342 2053 1430 2122 filius

296 2163 427 2230 Amach
437 2183 478 2231 ex
488 2163 605 2251 altera,
616 2183 723 2232 eoram
735 2164 831 2231 nobis
841 2164 1055 2251 personaliter
1064 2163 1233 2232 constituti
1248 2163 1344 2230 nobis
1353 2181 1430 2229 eon-

296 2269 438 2337 corditer
454 2271 623 2340 riueuocis
639 2271 773 2338 oraculo
790 2272 986 2339 retulerunt:
1008 2269 1096 2355 quod
1121 2291 1195 2339 cum
1226 2271 1311 2338 inter
1340 2270 1429 2356 ipsos

297 2395 396 2462 super
411 2378 498 2445 facto
514 2376 651 2446 duarum
667 2377 820 2445 villarum
838 2378 967 2446 Pecheu
984 2383 1184 2466 vocatarum,
1202 2397 1242 2445 ac
1257 2376 1352 2444 terris
1368 2375 1430 2443 eis-

299 2481 373 2550 dem
388 2484 479 2552 villis
494 2485 623 2569 oneris,
641 2487 808 2555 contencio
834 2505 893 2554 seu
919 2488 1057 2555 materie
1083 2488 1151 2556 litis
1167 2493 1283 2556 exorta
1312 2484 1431 2552 fuisset

297 2597 330 2657 et
342 2591 422 2660 satis
439 2592 495 2661 diu
510 2593 679 2680 ventilata,
704 2598 876 2679 partesque
893 2595 1107 2662 instrumenta
1137 2613 1197 2663 sua
1206 2643 1215 2680 ,
1232 2593 1349 2678 quibus
1359 2610 1432 2658 me

297 2695 462 2767 diantibus
478 2699 571 2785 ipsas
588 2699 687 2768 villas
702 2706 893 2788 tenuerunt,
921 2721 1031 2769 coram
1048 2701 1177 2770 domino
1193 2700 1325 2768 Andrea
1339 2700 1432 2784 Rege

297 2805 465 2892 Hungarie
481 2806 608 2878 Illustri
625 2814 739 2877 contra
759 2807 914 2878 exhibere
930 2808 1130 2897 debuissent,
1148 2811 1230 2878 sieut
1244 2807 1280 2874 id
1295 2807 1330 2874 iu
1345 2806 1431 2874 litte·

297 2913 342 2980 ris
357 2914 502 2984 eiusdem
518 2915 645 2985 domini
660 2915 761 3002 Regis
785 2914 906 2984 clarius
931 2916 1075 2986 vidimus
1092 2915 1267 2985 contineri:
1297 2912 1432 2982 taudem

298 3027 408 3108 partes
422 3042 481 3108 per
495 3021 669 3090 arbitrium
684 3021 803 3091 nobilis
819 3023 882 3090 riri
907 3023 1057 3110 Magistri
1072 3022 1235 3092 Dominioi
1251 3022 1434 3090 'Phanaroi-

297 3148 407 3196 comm
422 3128 526 3214 ipsius
544 3128 667 3198 domini
692 3129 810 3214 Regis,
839 3147 982 3198 necnon
1013 3129 1150 3198 aliorum
1165 3130 1331 3198 Beronum
1348 3127 1433 3196 eius·

299 3234 382 3323 dem,
399 3257 534 3320 quorum
560 3238 694 3305 nomina
708 3237 742 3304 in
773 3236 893 3305 litteris
910 3236 1237 3323 composicionaiibus
1255 3236 1360 3323 ipsius
1376 3236 1433 3305 do

298 3343 377 3410 mini
395 3347 493 3430 Regis
525 3364 624 3430 super
650 3343 735 3417 facto
766 3343 920 3414 villarum
952 3364 1011 3414 sen
1041 3345 1284 3434 possessionum
1301 3343 1434 3412 Pechen

298 3451 516 3541 predictarum
534 3451 661 3522 habitis
674 3453 759 3520 inter
774 3459 888 3539 partes
914 3452 1120 3522 continentur
1130 3506 1140 3541 ‚
1174 3452 1285 3521 taliter
1301 3471 1434 3522 concor-

297 3561 445 3649 dassent,
462 3559 550 3629 sicut
565 3559 599 3627 in
615 3557 736 3628 litteris
752 3557 897 3627 eiusdem
915 3559 1037 3628 domiui
1069 3560 1187 3646 Regis,
1203 3560 1343 3631 formam
1359 3581 1436 3630 con-

300 3669 409 3736 cordie
423 3670 511 3737 facte
528 3670 614 3736 inter
632 3667 722 3754 ipsos
739 3667 923 3736 tenentibus
933 3667 1075 3736 vidimus
1091 3668 1189 3754 pleno
1204 3669 1365 3736 contineri
1374 3689 1437 3756 per

299 3783 408 3862 partes
423 3775 518 3847 uobis
534 3775 701 3844 exhibitis.
732 3773 875 3854 Quarum
900 3775 1082 3843 litterarum
1113 3776 1435 3863 compositionalium

297 3892 441 3952 tenorem
457 3883 501 3950 ad
516 3883 671 3952 maiorem
698 3883 793 3951 huius
818 3883 866 3950 rei
892 3885 1053 3952 cautelam
1085 3883 1292 3969 presentibus
1323 3885 1438 3972 insery

297 3991 434 4061 fecimus
449 3993 519 4060 sine
534 3991 807 4077 augmentaoione
824 3992 878 4059 uel
907 3990 1127 4059 diminucione
1141 3991 1176 4058 in
1192 3991 1253 4061 hee
1275 3994 1388 4060 uerba.

406 4099 475 4167 Nos
491 4097 640 4166 Andreas
656 4099 696 4165 D.
713 4119 761 4183 gr.
776 4101 846 4166 Rex
871 4100 1040 4187 Hungurie
1056 4101 1118 4168 stb.
1139 4097 1356 4188 (kdretirezik
1372 4099 1435 4166 ΙΙΙ.

300 4206 411 4274 Endre
426 4204 606 4294 kirbiynak
624 4206 763 4276 129t·ki
780 4205 947 4294 okmbuya
972 4207 1055 4276 mint
1082 4205 1216 4275 fentebb
1236 4209 1310 4275 166.
1328 4227 1372 4275 aa.
1390 4203 1435 4294 a.)

406 4313 511 4400 Igitur
522 4320 715 4402 prenotatus
730 4315 889 4402 Magister
905 4315 1082 4403 Dyonisius
1109 4315 1195 4384 filius
1211 4313 1346 4380 urnach
1363 4332 1437 4399 pre·

271 4443 274 4445 ·
300 4419 402 4486 satam
420 4423 559 4507 pecunie
576 4424 801 4513 quantitatem,
817 4423 970 4493 videlicet
987 4425 1145 4492 ducentas
1162 4428 1194 4492 et
1209 4421 1326 4507 viginti
1342 4421 1439 4506 quin·

301 4547 364 4612 que
380 4547 518 4616 marcas,
534 4537 636 4598 totum
653 4532 688 4600 in
704 4539 843 4619 argento
860 4553 948 4621 puro.
971 4540 1005 4600 et
1022 4531 1107 4620 fino,
1122 4531 1156 4599 in
1172 4529 1438 4617 redempcionem
