3120 5172
826 935 903 1004 18⁶:

317 1133 348 1200 A
369 1139 513 1223 sornopyi
527 1135 720 1203 konoeatnek
732 1135 1001 1222 hiaonpadpleoele,
1016 1134 1435 1222 hopyjeppalljeEodremes·

660 1243 938 1331 cerooprerdeteat
948 1253 1008 1308 tett.
1027 1239 1124 1307 1297.

423 1437 568 1527 (Phrater
582 1439 706 1507 Paulus
725 1437 935 1506 miseracione
951 1436 1075 1504 Diuiua
1090 1437 1202 1506 Abbas
1217 1444 1250 1504 et
1260 1437 1437 1505 Gouueutus

315 1545 505 1630 Mouasterij
522 1544 634 1614 Sancti
649 1545 759 1631 Egidij
779 1545 820 1613 de
835 1544 984 1630 Symigio
1001 1545 1151 1612 omnihus
1163 1543 1285 1613 Christi
1294 1545 1437 1611 fidelihus

316 1651 521 1736 presentibus
536 1652 660 1738 pariter
674 1664 707 1719 et
721 1653 840 1721 futuris
856 1659 1027 1740 presentes
1044 1652 1172 1721 litteras
1189 1653 1383 1740 inspecturis
1393 1672 1435 1718 sa·

316 1762 415 1827 lutem
431 1760 465 1826 iu
481 1761 596 1828 salutis
612 1767 768 1829 amatore.
781 1759 833 1827 Ad
849 1758 1074 1828 uniuersorum
1085 1761 1240 1828 noticiam
1249 1769 1363 1828 tenore
1372 1779 1436 1847 pre·

319 1868 464 1935 saucium
478 1867 627 1935 uolumus
643 1868 823 1954 peruenire,
839 1867 927 1952 quod
943 1887 1015 1935 cum
1031 1868 1187 1954 Magister
1211 1867 1359 1936 Andreas
1383 1868 1439 1933 No·

218 2039 220 2044 .
318 1973 423 2040 tarius
447 1979 559 2042 noster
582 1981 668 2044 esset
693 1975 849 2043 laborans
873 1975 967 2060 graui
997 1974 1194 2058 infirmitate,
1221 1995 1344 2059 uosque
1368 1993 1441 2057 erga

316 2079 455 2150 eundem
472 2082 661 2167 Magistrum
677 2083 843 2152 Andream
859 2103 918 2168 per
933 2083 1143 2152 uocationem
1161 2101 1255 2149 suam
1279 2082 1314 2148 iu
1340 2080 1439 2149 medio

319 2187 504 2274 monasterij
522 2192 634 2273 nostri,
653 2191 708 2259 uhi
726 2192 799 2277 ipse
815 2191 954 2277 iacebat,
972 2189 1186 2276 personaliter
1201 2189 1384 2274 fuissemus,
1409 2195 1438 2256 et

316 2297 395 2362 irter
412 2294 497 2363 alios
512 2296 601 2362 viros
618 2303 650 2362 et
665 2297 792 2365 nobiles
808 2298 966 2382 Magister
981 2297 1186 2364 Andronicus
1203 2297 1317 2365 cosme
1336 2297 1439 2363 Eccle-

313 2405 366 2470 sie
381 2402 547 2488 Albensis,
564 2409 596 2470 et
610 2404 767 2488 Magister
782 2403 921 2472 Michael
938 2405 1022 2472 lilius
1039 2405 1127 2471 Petri
1152 2402 1193 2472 de
1219 2405 1352 2490 Koyucu
1375 2423 1441 2488 per·

316 2511 474 2580 sonaliter
491 2509 646 2594 luisseut;
663 2511 797 2578 taudem
812 2512 884 2597 ipse
899 2511 1057 2597 Magister
1078 2511 1238 2599 Andreas,
1254 2533 1326 2579 cum
1342 2508 1442 2577 adhuc

319 2625 407 2688 esset
422 2637 553 2706 compos
568 2637 626 2684 sue
641 2618 769 2704 mentis,
784 2624 817 2686 et
831 2618 1004 2686 uniuersas
1030 2619 1252 2704 possessiones
1277 2637 1363 2702 suas,
1388 2635 1443 2684 seu

318 2729 405 2796 hona
421 2747 482 2794 sua
498 2723 680 2812 disponere,
696 2745 754 2794 seu
770 2725 879 2794 lacere
894 2733 1121 2795 testamentum
1138 2747 1174 2794 se
1190 2727 1384 2804 ordinasset,
1399 2723 1442 2788 in·

318 2843 370 2901 ter
385 2831 468 2901 alias
483 2835 707 2922 possessiones
724 2855 802 2902 suas
818 2834 982 2919 quandam
1001 2835 1132 2902 vineam
1149 2854 1242 2903 anam
1257 2855 1316 2920 per
1335 2831 1443 2920 prede-

320 2961 467 3009 cessores
483 2960 560 3008 suos
575 2941 651 3009 olim
668 2941 852 3028 empticiam
868 2941 900 3008 iu
918 2941 1077 3009 territorio
1094 2929 1172 3008 rille
1188 2941 1285 3028 Gyog
1310 2941 1442 3008 filiorum

322 3049 458 3115 Comitis
474 3045 562 3112 Petri
577 3046 612 3112 iu
628 3047 700 3115 loeo
715 3049 851 3134 Serpast
866 3048 1047 3133 uulgariter
1063 3048 1229 3134 appellato
1240 3047 1442 3115 adiacentem

323 3159 355 3224 in
385 3163 526 3242 quatuor
541 3155 708 3240 iugeribus
724 3163 811 3224 terre
829 3157 1022 3242 plantatam,
1040 3157 1181 3234 inculns
1209 3154 1338 3239 quidem
1354 3155 1446 3220 vinee

323 3265 607 3333 commetaueltate
622 3284 680 3331 seu
696 3263 864 3329 vicinitate
879 3284 899 3328 a
915 3270 1009 3349 parte
1034 3261 1294 3349 septemtrionali
1320 3261 1444 3328 vineam

320 3372 445 3440 Thomu
460 3373 519 3457 filij
536 3370 703 3454 Husveth,
721 3371 870 3438 vinitoris
886 3371 1025 3456 predicti
1050 3370 1196 3458 Magistri
1221 3370 1386 3438 Michaelis
1410 3379 1447 3434 et

322 3480 458 3548 fratrum
474 3499 617 3564 suorum;
636 3499 657 3561 a
673 3480 821 3564 partibus
838 3500 914 3546 vero
930 3479 1092 3567 orientali,
1108 3478 1313 3545 meridionali
1328 3477 1448 3545 etcoci-

322 3589 449 3656 deutali
472 3595 592 3656 terram
613 3587 772 3658 arabilem
800 3609 858 3654 seu
884 3593 1098 3672 campestrem
1121 3588 1191 3672 ipse
1205 3587 1358 3672 Magister
1381 3585 1446 3651 An·

321 3695 418 3763 dreas
433 3696 518 3763 dixit
533 3695 694 3779 adiacere,
710 3694 751 3762 de
768 3699 852 3764 boun
876 3716 936 3762 sua
952 3697 1129 3780 uoluntate,
1162 3694 1202 3760 de
1226 3715 1382 3762 consensu
1411 3703 1444 3760 et

324 3803 529 3890 beneplacito
545 3809 656 3870 nostro
673 3822 712 3868 ae
728 3803 876 3887 Magistri
893 3802 1063 3869 Michaelis
1089 3801 1277 3888 supradicti,
1305 3804 1357 3886 qui
1384 3809 1447 3867 tam

323 3931 385 3994 pro
400 3929 437 3976 se
453 3929 549 3994 quam
567 3928 625 3995 pro
640 3909 797 3977 fratribus
807 3911 874 3976 suis
885 3909 960 3976 huic
970 3909 1105 3994 negocio
1122 3929 1313 3978 consensum
1324 3911 1449 3998 prebuit

324 4027 358 4086 et
373 4037 553 4099 assensum,
571 4015 660 4085 dedit
676 4025 707 4084 et
723 4020 858 4086 contulit
868 4017 1022 4102 Magistro
1040 4017 1196 4102 Gregorio
1213 4025 1245 4085 et
1270 4019 1451 4086 Waleutino

324 4127 403 4212 filijs
420 4125 555 4193 Comitis
580 4125 675 4192 Pauli
702 4145 760 4210 pro
786 4125 894 4192 debito
920 4125 1092 4193 duodecim
1119 4144 1311 4210 marcarum,
1339 4125 1453 4210 quibus

326 4233 390 4323 ipsi
415 4234 532 4302 Oomiti
547 4235 650 4302 Paulo
667 4235 772 4300 teneri
798 4254 834 4302 se
864 4234 1014 4316 asseruit,
1047 4233 1108 4300 sihi
1134 4240 1166 4298 et
1190 4233 1258 4300 suis
1284 4233 1453 4302 heredibus

325 4343 545 4428 heredumque
562 4362 691 4411 suorum
707 4343 948 4410 successoribus
964 4347 1120 4428 perpetuo
1137 4348 1169 4408 et
1193 4341 1453 4411 iurcuocahiliter

249 4511 254 4524 ,
327 4448 501 4538 possidere.
521 4451 558 4516 In
584 4450 674 4516 cuius
702 4469 760 4534 rey
785 4449 970 4515 memoriam
994 4455 1028 4515 et
1054 4457 1246 4534 perpetuam
1272 4449 1454 4519 firmitatem

327 4563 496 4642 presentes
511 4557 554 4621 ad
583 4557 778 4638 peticionem
805 4555 952 4623 eiusdem
977 4555 1128 4640 Magistri
1153 4557 1284 4626 Andree
1309 4555 1456 4628 mdimns
