3112 5158
621 353 773 455 aaa..-

120 551 183 614 rint
199 550 231 614 in
245 549 330 614 hanc
346 549 459 634 uiuam,
476 549 600 615 scilicet
616 549 648 612 iu
676 545 929 632 Romandiolem,
946 546 1122 614 biarchiam
1149 549 1253 616 Anco-

118 677 169 743 ne,
188 660 335 740 Regnum
351 657 583 744 Apostolioum,
600 677 658 722 seu
675 676 730 740 per
755 661 857 722 totam
873 655 1044 742 Apuleam,
1060 656 1146 742 quod
1172 657 1255 724 dicti

121 767 280 848 Ragusini
297 766 427 832 soluant
443 767 582 832 duanam
601 765 767 830 Communi
784 763 928 842 Ancona,
945 763 1068 830 scilicet
1092 765 1152 830 XL
1177 766 1254 831 soli-

121 872 179 939 dos
194 893 252 958 pro
270 875 455 940 centenario
471 875 541 938 libr.
558 872 632 938 den.
649 875 730 937 Item
747 873 875 955 quodsi
899 871 1094 938 Anconitani
1118 892 1251 956 genera·

120 982 191 1047 liter
208 982 416 1066 prohiberent
440 989 472 1047 et
487 982 685 1066 ordinarent,
714 983 800 1065 quod
826 981 933 1048 nullus
959 981 1097 1050 forensis
1136 982 1255 1048 debeat

119 1091 276 1172 nauigare
293 1109 366 1154 cum
384 1089 640 1155 mercacionibus
656 1091 697 1155 ab
724 1089 861 1154 Ancona
887 1089 929 1155 ad
955 1097 1062 1174 partes
1089 1089 1246 1156 Romania

121 1207 150 1264 et
167 1197 324 1264 inovantis
334 1249 343 1283 ,
361 1203 499 1262 etenira
517 1195 668 1280 Guttam,
685 1215 746 1262 nec
761 1195 846 1280 quod
864 1195 1000 1280 deipsis
1017 1197 1163 1282 partibus
1180 1200 1246 1263 nul-

120 1308 168 1372 lus
184 1305 324 1372 forensis
340 1305 498 1388 nauigare
515 1310 547 1370 et
562 1305 672 1369 venire
688 1305 855 1370 Annonam
866 1304 984 1370 debeat
995 1326 1066 1372 cum
1078 1304 1247 1372 mercacio-

119 1413 213 1478 uibus
229 1413 373 1497 ipsorum
389 1411 431 1476 ad
447 1417 567 1476 certam
585 1412 710 1496 peciam
728 1410 779 1476 vel
806 1429 877 1476 cum
904 1417 990 1476 certo
1018 1411 1130 1496 dacio,
1156 1414 1243 1496 quod

119 1527 190 1585 tuno
205 1520 366 1603 Ragusini
383 1519 607 1584 tractabuntur
626 1521 757 1584 Ancona
774 1518 856 1584 siout
871 1517 921 1582 illi
938 1517 1093 1606 forenses,
1112 1521 1166 1602 qui
1182 1541 1247 1587 me·

119 1627 196 1692 liare
211 1627 405 1692 condicione
421 1626 654 1708 bachabantur,
673 1629 704 1690 et
721 1624 807 1708 quod
823 1632 966 1707 tempore
992 1624 1077 1692 dicte
1102 1627 1245 1712 prohibi-

119 1734 219 1798 cionis
236 1741 269 1799 et
284 1732 501 1801 ordinacionis
518 1751 575 1815 per
592 1731 768 1797 Commune
784 1731 917 1796 Ancone
943 1730 1180 1814 significabitur
1205 1732 1246 1797 de

118 1839 201 1906 diota
211 1838 422 1905 ordinacione
433 1845 464 1904 et
480 1838 700 1924 prohibicione
717 1837 887 1906 Communi
903 1839 1243 1922 Ragusiiperlitteras

121 1947 304 2014 Communis
320 1947 462 2012 Aneoue.

223 2053 267 2140 (A
294 2051 546 2135 raguzaiah
571 2049 805 2138 reszerb'l.)

218 2161 311 2239 Quod
329 2181 439 2228 omues
457 2165 488 2227 et
505 2160 623 2243 singuli
634 2161 828 2227 Anconitani
839 2161 910 2226 sani
927 2167 958 2226 et
977 2161 1139 2250 naufragi,
1151 2163 1236 2245 quod

118 2271 200 2335 Deus
216 2274 353 2351 auertat,
371 2270 495 2352 possint
512 2275 544 2332 ct
559 2267 690 2332 valeant
701 2268 758 2352 ire,
776 2266 1095 2350 stareinquemlibet
1117 2279 1242 2356 portum

117 2378 255 2462 ltagusii,
273 2384 305 2442 et
322 2377 411 2459 apud
429 2375 616 2458 Ragusium,
627 2381 735 2454 ,totum
753 2373 953 2460 Districtum,
971 2383 1038 2441 tam
1055 2397 1112 2462 per
1138 2398 1237 2462 maro,

118 2505 209 2566 quam
225 2506 283 2569 per
309 2491 438 2567 terram,
457 2481 555 2548 libere
581 2488 613 2548 et
638 2481 797 2568 absolute,
823 2503 893 2548 cum
919 2483 1066 2550 omnibus
1091 2486 1187 2552 rebus
1212 2494 1244 2551 et

115 2592 386 2674 mercacionibus,
413 2592 452 2656 do
485 2591 728 2673 quibuscunque
752 2592 833 2656 loeis
868 2589 1012 2658 deferent
1037 2613 1094 2658 seu
1120 2595 1242 2680 portari

114 2700 248 2780 facient3
268 2707 300 2765 et
316 2700 407 2784 ipsas
423 2702 642 2764 mercaciones
659 2700 794 2781 Ragusii
821 2706 853 2765 et
878 2701 946 2766 eius
968 2701 1141 2767 Distriotus
1166 2723 1239 2769 ven-

119 2809 203 2892 dere,
220 2807 399 2889 Ragusinis
417 2815 536 2893 tamen,
554 2807 603 2872 vei
620 2806 696 2871 inde
708 2807 874 2872 extrahere
891 2816 922 2873 et
942 2809 1056 2895 redire,
1072 2829 1112 2875 ao
1137 2811 1240 2875 eciam

114 2933 215 2980 emere
230 2917 300 2980 sinc
318 2914 427 2997 aliquo
447 2915 538 2979 dacio
554 2913 710 2980 soluendo
727 2935 747 2978 a
763 2915 860 2980 dietis
885 2915 1108 3001 Anconitanis
1133 2941 1238 3003 neque

113 3021 150 3083 ab
169 3021 233 3087 illis
250 3021 290 3086 dc
308 3023 460 3104 Ragusio,
477 3024 531 3104 qui
550 3029 692 3087 emerent
708 3025 749 3086 ab
766 3023 848 3106 ipsis
864 3023 905 3088 de
921 3023 1064 3090 Ancona.
1093 3025 1151 3092 Sin
1177 3049 1234 3094 ou·

114 3135 174 3190 feru
200 3131 334 3212 predicti
361 3131 555 3195 Anconitani
577 3131 718 3215 prefatas
752 3132 970 3198 niereaoiones
1004 3132 1238 3201 discaricarent

113 3237 248 3320 itogusii,
266 3238 435 3302 extrahere
452 3237 573 3302 vellent
590 3247 681 3304 extra
700 3239 832 3324 Ragusij
851 3248 982 3324 terram,
1001 3240 1131 3307 soluant
1156 3243 1232 3309 dun·

111 3363 183 3408 nour
200 3345 368 3410 Communi
384 3347 519 3426 Ragusii
535 3345 593 3410 XL
619 3345 739 3412 solidos
766 3367 823 3430 pro
849 3349 1035 3414 centenario
1061 3350 1132 3416 libr.
1160 3350 1233 3417 den.

110 3451 142 3514 δί
159 3471 232 3516 uero
247 3473 308 3536 per·
324 3472 413 3516 mare
430 3453 600 3518 extrahere
617 3453 788 3539 voluerint,
805 3454 905 3521 liceat
921 3457 1074 3539 predictis
1102 3458 1141 3523 de
1167 3459 1231 3525 An-

112 3577 190 3622 cona
205 3579 275 3625 cum
292 3561 403 3642 uagus
423 3596 762 3610 ——————
780 3563 855 3646 aiiJ's
871 3561 1054 3632 forensibus
1072 3585 1140 3631 cum
1168 3571 1235 3634 suis

110 3667 361 3733 mrraeionibus
393 3667 497 3733 redire
524 3677 554 3732 et
580 3689 637 3734 eas
663 3663 840 3736 extrahere
859 3679 950 3738 extra
985 3663 1173 3758 Ragusium,
1203 3684 1235 3741 et

61 3785 64 3788 ·
111 3782 236 3854 portare
263 3794 453 3857 quocunque
485 3777 643 3842 voluerint
667 3776 767 3843 libere
793 3784 824 3842 et
850 3777 1000 3844 absolute
1025 3783 1097 3846 siue
1122 3781 1233 3866 aliquo

113 3879 212 3962 dacio,
230 3889 367 3967 excepto
384 3885 469 3965 quod
486 3885 513 3950 si
530 3885 724 3951 Anconitani
741 3887 903 3970 predictas
930 3891 1146 3957 mercaciones
1162 3913 1233 3976 por-

107 3991 242 4055 taucrint
258 3994 290 4057 in
308 3992 527 4078 Soiauoniam,
544 4014 599 4058 seu
618 3995 738 4077 portari
755 3993 898 4080 fecerint,
910 3997 1039 4063 soluant
1050 4006 1082 4064 et
1106 4001 1230 4065 soluere

107 4101 271 4165 terrcantur
297 4100 437 4164 duanam
469 4139 505 4146 —-
527 4139 564 4148 -
590 4136 625 4146 -
644 4101 704 4166 XL
724 4103 846 4170 solidos
862 4125 920 4190 pro
947 4108 1133 4172 centenario
1158 4106 1231 4173 libr.

105 4203 173 4266 den.
191 4205 229 4270 ut
246 4205 336 4272 dicta
354 4207 527 4275 Sciauonia
543 4211 746 4293 intelligatur
764 4232 784 4276 a
800 4212 881 4294 loeo,
902 4215 956 4296 qui
975 4212 1093 4279 dieitur
1111 4214 1235 4296 Oronte

107 4331 205 4393 usque
220 4316 261 4380 ad
280 4315 398 4380 fiumen
415 4318 518 4383 Lessi.
537 4319 577 4383 Et
611 4318 768 4402 siquidem
785 4321 979 4387 Anconitani
996 4321 1124 4405 aliquas
1150 4343 1231 4388 mur-

103 4420 248 4487 caciones
264 4431 407 4490 emerent
423 4427 456 4489 in
473 4426 619 4512 partibus
635 4427 819 4514 Soiauonie,
836 4435 868 4493 et
884 4429 1097 4494 conducerent
1123 4430 1229 4514 Ragn-

102 4525 184 4591 sium
200 4549 256 4612 per
272 4535 401 4614 terram,
417 4534 548 4600 soluant
563 4541 594 4601 et
620 4536 747 4602 soluere
772 4544 943 4602 teneantur·
969 4535 1139 4603 Communi
1167 4541 1227 4604 Ra·

101 4637 184 4722 gusij
202 4639 341 4705 duanam
373 4641 500 4707 scilicet
531 4643 596 4710 XX
627 4647 747 4714 solidos
773 4665 831 4732 pro
863 4647 1049 4712 centenario
1080 4647 1232 4716 denario·
