3170 5166
837 242 996 338 *aas

355 440 503 523 niensis,
521 437 653 506 Comitis
669 436 822 523 Hoholdi,
839 441 871 502 et
885 433 1027 502 omniurn
1043 437 1277 519 cognacionum
1288 439 1484 524 nostrarum.
1576 427 1577 438 ³

354 547 396 613 eb
414 547 501 614 omni
519 543 747 626 controuersia,
763 542 968 630 inpeticionc,
979 539 1187 609 solucione'et
1199 541 1406 611 restitucione
1415 565 1477 612 ser·

352 675 464 722 uorum
481 659 513 719 et
529 651 733 739 ancillarum,
751 671 812 735 que
828 670 923 738 super
939 649 1026 716 lacto
1041 649 1145 737 predij
1164 650 1207 716 de
1221 649 1381 718 Scemena
1397 653 1479 718 inter

349 763 456 846 ipsum
473 759 666 844 Magistrum
683 758 873 828 Michaelem
884 758 1070 826 vertebatur
1082 777 1121 824 ex
1132 765 1312 845 unaparte,
1333 765 1366 825 et
1384 761 1476 843 Acus,

351 869 521 935 Nicolaum
541 875 574 934 et
588 865 772 933 Dionisium
789 887 828 932 ex
840 865 955 953 altera,
966 865 1097 933 omnino
1108 873 1158 932 est
1168 865 1335 949 liberatus,
1345 872 1378 932 et
1389 865 1477 934 absc·

354 977 453 1065 lutus,
465 984 498 1044 et
507 976 574 1043 iam
589 974 710 1042 dictum
719 973 868 1060 predium
879 973 1036 1041 Scemena
1046 974 1194 1058 superius
1205 975 1406 1042 nominatum
1417 976 1477 1039 lda-

352 1085 456 1167 gistro
466 1081 616 1149 Michaeli
628 1066 836 1165 'integraliter
851 1081 1044 1168 restitutum,
1055 1079 1117 1148 sibi
1128 1089 1160 1148 et
1177 1081 1246 1148 suis
1261 1081 1432 1148 heredibus
1447 1084 1479 1147 in

352 1197 544 1275 perpetuum
560 1183 801 1276 possidendum,
819 1193 850 1255 et
875 1187 936 1254 hoc
967 1189 1179 1255 cumlitteris
1210 1189 1481 1256 testimonialibus

355 1295 509 1383 Episcopi
519 1295 785 1380 Wesprimicnsis
796 1297 1026 1363 confirmatum.
1040 1297 1081 1362 st
1095 1317 1155 1364 nos
1167 1296 1282 1384 eciam,
1292 1316 1334 1362 ne
1343 1297 1404 1363 hoc
1414 1317 1480 1382 pro·

357 1423 450 1472 cessu
466 1403 622 1489 temporis
639 1401 674 1469 in
690 1401 814 1469 irritum
833 1403 939 1488 possit
948 1407 1107 1490 reuocari,
1125 1424 1165 1472 ea
1181 1423 1244 1487 que
1260 1423 1370 1470 coram
1387 1404 1480 1470 nobis

304 1561 311 1566 .
354 1512 568 1599 propositact
584 1511 771 1599 factasunt,
802 1511 936 1580 fecimus
966 1511 1129 1578 mandari
1148 1513 1281 1598 litteris,
1311 1519 1344 1578 et
1374 1509 1474 1596 sigilli

353 1618 454 1686 nostri
471 1620 646 1687 munimine
661 1619 813 1685 roborari.

351 1813 491 1878 (Eredetic
505 1813 683 1880 bb'rhdrtydm
705 1831 758 1880 egy
780 1814 1006 1882 brtrtyassinegen
1030 1815 1115 1879 rugas
1137 1812 1233 1881 pecsdt
1258 1813 1335 1878 alut,
1362 1830 1380 1866 s
1401 1815 1483 1868 butas
1576 1839 1577 1844 ¹

714 1905 765 1956 trin.
784 1907 906 1956 kamarai
927 1901 1122 1970 levtltrlrbun.)

816 2128 1031 2144 pu——n———n

881 2579 957 2646 310.

362 2779 463 2844 Pouet
490 2778 643 2845 summust
658 2800 848 2864 opponeres
863 2777 1083 2864 epyezkede'sse
1101 2779 1273 2844 oouuttozo'
1304 2779 1492 2865 belybcubu·
1576 2749 1577 2752 Ἴ

654 2887 717 2975 pyt
732 2885 957 2970 upilotlrocoto.
974 2864 1025 2950 lic
1048 2885 1167 2951 mutat.
1576 2891 1577 2900 ’

461 3081 565 3149 Ponet
582 3079 698 3148 (lomes
714 3080 815 3146 frater
830 3075 967 3147 Arnoldi
983 3078 1117 3147 Comitis
1133 3079 1176 3147 de
1188 3087 1279 3165 patre
1295 3085 1328 3146 ct
1349 3079 1392 3148 de
1419 3102 1489 3146 ma·
1576 3093 1577 3148 ζ

354 3195 402 3252 tre
418 3189 576 3276 omnibus,
593 3187 635 3253 ad
652 3207 730 3273 quos
746 3183 855 3254 littere
870 3193 1038 3272 presentes
1053 3188 1274 3274 peruenerint,
1291 3169 1490 3255 salutem'iir
1576 3183 1577 3250 t

353 3294 491 3362 Domino
509 3296 656 3362 salutari.
673 3293 897 3381 significamus
914 3294 1065 3362 omuibus
1080 3301 1248 3379 presentes
1275 3293 1423 3363 littcrras
1440 3297 1491 3364 in·

353 3403 522 3489 spectaris,
538 3403 625 3488 quod
640 3401 795 3486 Magister
811 3401 953 3469 Michael
972 3402 1178 3488 presentibus
1210 3401 1316 3488 nobis,
1342 3403 1404 3470 sub
1439 3412 1489 3470 te·
1576 3395 1577 3484 ς

353 3509 501 3578 stimonio
523 3509 677 3595 Episcopi
695 3509 952 3594 vesprimiensis,
983 3507 1118 3576 Comitis
1148 3508 1303 3595 Heluidi,
1335 3511 1493 3596 Magistri
1576 3505 1577 3542 ³

352 3617 485 3699 Buzadi,
501 3623 534 3682 et
548 3617 690 3684 omnium
706 3617 938 3703 cognacionum
953 3624 1144 3704 nostrarum,
1171 3619 1213 3682 ab
1244 3619 1333 3683 omni
1358 3626 1496 3687 contro-
1576 3599 1577 3690 l

353 3723 470 3811 uersia,
481 3722 686 3812 inpeticione‚
701 3725 867 3793 solucione
884 3731 916 3792 et
930 3725 1136 3792 restitucione
1151 3743 1318 3791 seruorum
1335 3730 1369 3791 et
1383 3725 1492 3792 ancil·

352 3832 464 3916 larum,
482 3852 544 3918 que
559 3853 657 3918 super
672 3833 758 3901 facto
768 3833 875 3919 predij
889 3833 929 3900 de
951 3832 1206 3900 Scemunainter
1216 3831 1323 3919 ipsum
1339 3833 1490 3903 llicbse

352 3940 417 4006 lem
432 3943 621 4009 uertebatur
637 3961 678 4007 ex
694 3961 761 4009 una
776 3948 879 4026 parte,
896 3946 929 4006 et
944 3943 1039 4025 Acus,
1058 3939 1229 4006 Nicolaum
1249 3947 1282 4006 et
1297 3940 1491 4008 Dionisium

352 4069 393 4116 ex
408 4049 524 4133 altera,
541 4049 671 4116 omnino
688 4057 738 4118 est
753 4051 911 4116 liberatus
928 4057 961 4116 ct
986 4049 1163 4132 absolutus,
1197 4055 1228 4115 et
1258 4047 1325 4114 iam
1357 4049 1491 4116 dictum

352 4154 500 4241 predium
517 4155 677 4225 Scemuna
708 4159 855 4242 superius
889 4155 1053 4223 nominato
1077 4156 1233 4241 Magistro
1263 4154 1306 4222 M.
1338 4156 1490 4242 integra-

351 4263 426 4330 liter
438 4266 630 4350 restitutum,
646 4266 710 4332 sibi
728 4274 760 4332 et
775 4263 842 4332 suis
858 4263 1032 4331 heredibus
1047 4265 1080 4330 in
1096 4271 1287 4350 perpetuum
1313 4263 1497 4350 possiden·

352 4372 449 4455 dum;
468 4379 499 4438 et
515 4371 577 4440 boc
602 4393 673 4439 cum
704 4373 823 4439 litteris
861 4371 1133 4440 testimonialibus
1166 4369 1322 4456 Episcopi
1354 4369 1497 4456 Vespri·

352 4481 485 4548 miensis
501 4480 731 4562 confirmatum.
749 4482 789 4546 st
806 4500 866 4548 nos
883 4481 996 4568 eciam,
1013 4500 1054 4548 ne
1070 4479 1131 4548 hoc
1146 4498 1299 4566 processu
1328 4479 1504 4564 temporis·
