3120 5172
808 319 968 417 jo

320 515 391 584 aiue
407 513 645 582 continenciam
660 511 844 580 litterarum
870 510 1048 580 earundem
1073 513 1192 580 nostrie
1217 513 1336 581 litteris
1350 513 1451 580 inscri-

320 621 456 692 secimue
472 627 505 689 ct
531 629 642 690 nostro
668 620 778 706 sigillo
795 619 997 687 communiri.
1022 621 1143 687 Datum
1168 621 1202 687 in
1218 621 1343 689 octauia
1359 621 1449 688 Beati
1553 641 1555 694 t

323 729 494 798 Michaelis
508 729 710 814 Archangeli
727 747 812 796 anno
829 726 962 794 Domini
978 727 1278 795 M⁰GO⁰LXXXX⁰
1292 745 1389 794 nono.

478 926 616 992 (Eredotic
630 921 804 991 bhrhirtyain‚
824 940 841 975 a
855 926 936 976 budai
950 926 977 976 lr.
991 925 1117 975 kamaraci
1129 921 1323 989 loveltirban.)

777 1183 988 1196 *—

850 1629 927 1700 228.

321 1811 350 1876 A
368 1810 468 1876 turici
483 1811 645 1894 kdptalun
661 1809 761 1894 citirja
784 1809 820 1874 V.
837 1807 950 1873 Inuoco
965 1809 1140 1894 kirdlynolo
1155 1808 1250 1874 Jentit
1266 1812 1298 1874 c'a
1317 1807 1447 1875 Zechcut

322 1919 480 2004 corppuao
504 1914 638 1982 1299-Ιεὶ
663 1915 933 1998 cdomduylcoelct
957 1940 979 1979 a
1004 1917 1191 2002 opulczipclc'
1217 1917 1445 2002 cpciczuza'rdu

740 2025 899 2086 azdmciru.
917 2021 1014 2086 1299.
1369 2047 1376 2056 ·

430 2213 528 2301 (N)oa
544 2213 730 2298 Capitulum
747 2215 892 2282 Ecclesia
907 2211 1069 2280 Budenoie
1084 2215 1306 2298 significamus
1323 2215 1444 2281 uniuer-

319 2319 365 2387 eie
380 2323 584 2405 presencium
608 2339 667 2405 per
692 2327 855 2408 tenorem,
886 2320 973 2402 quod
997 2319 1097 2388 frater
1124 2320 1267 2387 Michael
1293 2329 1326 2388 ct
1351 2323 1444 2388 irater

209 2516 212 2521 Ι
318 2427 474 2496 Nicolaus
490 2429 625 2496 Ordinis
652 2433 803 2502 Fratrum
832 2428 1076 2496 Prodicatorum
1106 2427 1145 2494 de
1172 2429 1446 2515 Insulavirginio

320 2533 467 2602 Glorioso
485 2535 528 2602 ud
538 2543 682 2603 nostram
694 2535 888 2602 accedentes
899 2535 1103 2621 presenciam
1119 2534 1339 2604 exhibuerunt
1355 2536 1442 2604 nobis

319 2641 444 2708 litterae
461 2641 684 2726 priuilegialcs
710 2639 832 2708 domini
858 2642 1017 2728 Stephani
1042 2641 1142 2726 Regio
1157 2643 1327 2727 Hungarie
1342 2641 1443 2709 felicio

319 2747 578 2832 recordacionis,
603 2769 666 2817 non
682 2749 881 2815 cancellatas
891 2799 901 2834 ,
933 2770 998 2816 non
1015 2751 1153 2816 abrasas
1162 2767 1182 2834 ‚-
1205 2748 1317 2814 necin
1334 2751 1446 2832 aliqua

319 2859 412 2938 parte
427 2857 478 2921 oui
495 2854 641 2942 niciataa,
673 2861 819 2941 petentes
836 2875 857 2921 a
873 2853 968 2923 nohis
994 2875 1068 2922 cum
1093 2855 1256 2922 instancia
1286 2877 1329 2921 cx
1353 2864 1444 2942 parte
1557 2927 1558 2945 p

320 2978 464 3027 sororum
481 2961 522 3028 de
538 2961 650 3029 eadem
666 2961 781 3046 insula,
794 2967 830 3028 ut
841 2967 985 3030 tenorem
996 2961 1173 3029 earundem
1190 2961 1444 3046 priuilegialium

320 3062 500 3131 litterarum
531 3075 643 3134 nostro
673 3067 845 3150 priuilegio
868 3067 969 3134 inseri
993 3067 1174 3133 faceremus
1198 3067 1244 3132 ad
1261 3069 1444 3149 cantelam

319 3189 391 3237 cum
408 3173 539 3239 eaodem
556 3178 688 3259 propter
699 3173 888 3240 discrimina
898 3175 1023 3240 viarum
1040 3193 1151 3240 aecum
1167 3171 1252 3238 ferro
1266 3191 1333 3238 non
1350 3173 1447 3241 audc-

318 3283 399 3344 rent.
418 3277 563 3354 Quarum
580 3289 673 3347 tenor
688 3279 765 3346 talis
783 3286 851 3346 est:

427 3387 611 3470 Stephanus
638 3387 700 3453 Dei
725 3407 771 3470 gr.
789 3389 896 3472 Hung.
924 3389 987 3454 ath.
1005 3389 1074 3453 Rex
1097 3387 1158 3453 ath.
1176 3383 1394 3472 (kovctkezih
1409 3387 1447 3451 V.

319 3488 431 3558 letrau
457 3493 636 3578 kirtlynak
662 3495 759 3562 leniit
784 3499 819 3561 ca
842 3495 1000 3562 Zachaei
1024 3497 1180 3580 thrgyazo
1207 3494 1345 3563 laio-ki
1371 3491 1452 3560 ado·-

319 3601 534 3685 manylevclc‚
548 3602 631 3668 mint
646 3602 796 3687 Fejorncl
814 3603 894 3668 uod.
912 3603 998 3686 Dipl.
1014 3603 1051 3668 V.
1070 3603 1136 3677 hot.
1154 3603 1179 3668 Ι.
1195 3621 1219 3667 r.
1237 3605 1290 3670 6l.
1306 3600 1345 3686 1.)

425 3709 494 3772 Non
510 3717 618 3774 autern
651 3710 694 3776 ad
725 3711 919 3794 peticionem
950 3709 1126 3775 eorundem
1146 3709 1283 3776 fratrum
1302 3717 1445 3775 tenorem

319 3833 375 3882 acu
392 3815 627 3882 continenciam
655 3818 837 3884 litterarum
852 3816 1107 3904 priuilegialium
1134 3816 1308 3884 earundem
1325 3813 1448 3880 noatria
1553 3812 1558 3893 ζ

318 3923 434 3990 littorio
451 3921 550 3990 inseri
567 3923 710 4008 lecimus,
728 3933 760 3992 et
775 3931 889 3992 nostro
914 3924 1025 4008 sigillo
1043 3921 1245 3989 communiri.
1274 3923 1397 3988 Datum
1414 3921 1447 3986 in

319 4029 444 4098 octauia
454 4031 548 4098 Beati
557 4031 726 4099 Michaelis
736 4031 938 4116 Archangeli
948 4051 1033 4098 anno
1043 4030 1175 4097 Domini
1185 4027 1456 4096 M⁰GG⁰XXXX..

318 4157 416 4208 nono.

320 4333 456 4397 (Eredetic
469 4331 643 4400 htirhirtyim
663 4349 680 4384 a
692 4332 778 4400 seggo
803 4333 896 4400 peccet
921 4335 1058 4396 elvesnntt,
1077 4349 1094 4384 a
1107 4333 1192 4384 hudai
1206 4333 1258 4384 hir.
1272 4333 1399 4383 hamarai
1412 4333 1457 4383 le·
1554 4339 1559 4381 .’

797 4421 963 4492 reltirban.)

772 4604 841 4613 ,ψη-..-
851 4605 857 4611 .
867 4605 883 4610 ..
899 4607 914 4610 .-
922 4607 926 4610 .
944 4605 983 4613 ...-
