3098 5172
787 243 947 343 guo-

303 440 385 508 dens
401 437 615 524 presenciam,
632 436 716 504 dixit
731 437 825 504 nobis
842 437 970 520 publice
996 437 1220 523 protestando,
1238 435 1324 522 quod
1339 434 1419 502 ciues

303 547 409 616 (lustri
424 546 586 614 Budensis
603 545 644 612 dc
660 545 781 612 tributo
798 565 857 628 per
873 545 1039 613 dominum
1059 545 1173 611 Belum
1191 546 1314 628 Regem
1330 565 1418 629 quon-

301 653 380 720 dam
395 652 541 720 inclitum
556 651 661 736 Regni
678 649 845 736 Hungsrie
872 651 980 718 felicis
996 651 1236 721 recordacionis
1252 653 1356 722 eidem
1370 651 1419 717 Re

303 761 403 830 ulesie
420 763 523 828 Beate
538 759 683 844 Virginis
700 766 732 826 et
747 758 829 845 ipsis
847 758 1012 827 sororibus
1037 760 1106 827 suis
1122 760 1198 828 dato
1215 769 1247 826 et
1262 779 1418 841 concesso,

304 876 337 938 et
352 888 411 954 per
435 869 600 958 dominnm
625 869 792 934 Andrcam
817 885 904 934 nunc
930 866 1091 935 illustrem
1117 871 1239 954 Regem
1265 867 1421 949 Rungarie

303 975 469 1044 dominum
486 981 628 1043 nostrum
645 993 704 1060 per
729 993 824 1043 suum
851 973 1056 1059 priuilegium
1083 979 1289 1062 confirmato,
1307 976 1347 1042 de
1362 975 1422 1042 loro

304 1081 534 1168 nundinarum,
553 1079 639 1164 quod
655 1081 690 1146 in
706 1080 830 1147 ootauis
849 1081 1042 1148 Natiuitatis
1059 1083 1160 1150 Beate
1178 1082 1327 1165 Virginis
1342 1081 1424 1151 Bude

305 1191 475 1258 annuatim
490 1189 667 1279 celebrari
699 1190 874 1272 consueuit,
906 1189 968 1256 isto
994 1209 1080 1256 anno
1106 1190 1290 1275 quindecim
1322 1191 1424 1257 diebus

308 1297 490 1392 continuis3
522 1305 554 1363 et
586 1296 626 1363 de
658 1303 765 1364 castro
797 1317 837 1362 ac
868 1303 935 1364 toto
969 1299 1123 1364 suburbio
1154 1297 1299 1366 eiusdem
1330 1299 1425 1366 Castri

306 1403 466 1471 Budensis
483 1403 671 1470 tributarios
689 1411 721 1470 et
735 1403 896 1471 officiales
922 1406 1097 1472 earundem
1125 1425 1272 1473 sororum
1298 1406 1424 1473 auctori·

305 1516 374 1578 tate
389 1511 523 1598 propria
539 1509 760 1598 expulissent;
775 1531 839 1578 non
864 1513 1080 1598 permittendo
1096 1514 1253 1580 tributum
1269 1517 1305 1581 in
1322 1515 1423 1582 eodem

305 1619 386 1704 loro,
404 1628 510 1688 castro
537 1625 570 1686 et
583 1620 738 1688 suburbio
754 1620 836 1708 ipsis
862 1621 1026 1688 sororibus
1055 1629 1087 1688 ct
1111 1642 1222 1690 earum
1251 1624 1424 1690 hominibus
1535 1669 1536 1674 η

307 1729 483 1815 percipere,
501 1739 536 1796 ut
553 1727 743 1815 deberetur,
763 1729 888 1796 eisdem
916 1729 1095 1815 dampnum
1118 1733 1335 1815 quingaginta
1352 1751 1426 1796 mar·
1534 1747 1535 1752 ’

307 1855 417 1902 carum
434 1835 467 1902 in
484 1835 570 1904 iactu
588 1833 733 1902 eiusdem
751 1835 861 1902 tributi
878 1837 1000 1904 eisdem
1017 1839 1180 1905 sororibus
1197 1837 1382 1923 irrogando,
1397 1838 1427 1902 in

307 1941 521 2026 preiudicium
539 1942 643 2029 ipsius
661 1943 807 2010 Ecclesia
834 1951 866 2010 et
891 1943 1106 2011 dominarum.
1131 1947 1249 2013 Datum
1268 1965 1354 2011 anno
1369 1945 1426 2010 Do·
1535 1952 1536 1963 ¹

307 2049 387 2118 mini
403 2051 522 2117 M⁰CO⁰
537 2053 750 2134 nonagesimo
769 2051 821 2136 V⁰,
838 2053 871 2117 in
889 2052 1029 2118 crastino
1046 2052 1281 2136 quindenarum
1306 2053 1427 2119 Natiui-
1535 2084 1536 2113 r

307 2157 387 2222 tatis
403 2159 503 2223 Beate
519 2157 673 2241 Virginis.
732 2209 738 2218 ,

307 2349 449 2418 (Er-adctie
463 2351 646 2421 biit-hartydu,
670 2355 797 2420 melynelr
818 2351 896 2406 htrul
910 2357 962 2407 oda
976 2361 1100 2422 nyomctt
1112 2355 1233 2424 psesdtjc
1246 2357 1392 2424 elresaett3
1415 2375 1431 2411 a

632 2445 716 2496 budai
729 2446 781 2496 kir.
795 2445 918 2495 kamarui
938 2443 1130 2514 leveltrlrban.)

839 3265 915 3334 lta.

309 3467 359 3534 Aa
374 3471 445 3556 cyri
460 3466 686 3556 topraiaonat
701 3465 975 3553 bizoaysdplevelc,
993 3468 1074 3552 bcpy
1090 3467 1175 3532 Peuce
1190 3487 1288 3533 comcs
1315 3469 1438 3532 Marad·
1535 3428 1536 3431 Ἴ

311 3577 378 3642 aule
383 3577 435 3660 flu
451 3577 560 3642 Batur
575 3581 655 3638 necti
670 3573 810 3638 birtoltdt
825 3574 937 3638 Badra
962 3575 1031 3659 cyri
1051 3574 1238 3661 parapteres
1264 3574 1435 3660 dteapedtc.

827 3682 924 3748 1295.

421 3875 580 3944 Omnibus
595 3873 715 3942 Christi
730 3872 881 3942 fidelibus
897 3882 965 3940 tam
981 3875 1187 3961 presentibus
1204 3893 1302 3957 quam
1325 3874 1440 3941 futuris

312 4004 448 4071 presens
480 3984 637 4069 seriptum
662 3983 856 4069 inspecturis
882 3982 1065 4068 Capitulum
1104 3983 1250 4050 Ecclesia
1274 3983 1442 4067 Agriensis

315 4093 453 4158 salutem
469 4091 504 4157 in
522 4091 665 4158 omnium
682 4089 858 4157 saluatore.
886 4090 939 4156 Ad
964 4089 1188 4157 uniuersorum
1215 4089 1372 4156 noticiam
1397 4093 1441 4156 te·
1535 4146 1536 4161 ,

315 4217 394 4265 nore
409 4198 612 4283 presencium
630 4197 777 4265 uolumus
803 4197 986 4281 peruenire,
1002 4196 1089 4281 quod
1106 4195 1222 4265 (lomes
1247 4198 1333 4263 Pons
1357 4195 1442 4262 filius
1509 4267 1511 4270 Α

316 4309 426 4375 Marsa
440 4305 484 4374 ad
500 4313 643 4374 nostram
669 4305 885 4392 personaliter
911 4305 1072 4372 accedens
1097 4305 1302 4391 presenciam
1328 4323 1386 4370 suo
1410 4308 1444 4368 et

317 4416 462 4482 omnium
478 4413 615 4481 liliorum
632 4433 762 4482 suorum
788 4414 919 4480 nomine
944 4413 1113 4499 proposuit
1137 4413 1214 4481 uiua
1238 4431 1331 4497 uoce,
1356 4408 1443 4496 qnod
1535 4434 1536 4451 ¹

314 4525 439 4590 terram
456 4539 549 4587 suam
564 4520 664 4588 Batur
679 4528 829 4590 uocatam
840 4519 1034 4605 empticium,
1050 4520 1308 4590 incomitatum
1323 4519 1444 4586 Hones-
