3120 5172
597 315 759 416 jup—

619 970 697 1040 lta.

111 1170 194 1236 VIII
196 1220 203 1234 .
220 1169 383 1256 Bouifricz
393 1175 489 1257 papo
505 1193 543 1233 oz
562 1173 748 1257 ccztcrpomc'
773 1173 920 1237 eructuet
936 1173 1139 1259 mcpbopyjo,
1155 1177 1237 1260 bopy
1288 1222 1291 1226 -

108 1278 174 1343 tb'bb
192 1299 329 1363 mappae·
338 1277 455 1364 fdcrat
470 1301 491 1342 α
502 1279 746 1365 pounoabolmc'
770 1280 909 1368 apoitsclp
939 1281 1229 1364 omqtdmoddocltdl

344 1385 375 1448 ea
398 1385 631 1450 acrosttcsurdl
648 1385 849 1451 tartbatasra.
867 1387 968 1452 1297.

212 1576 404 1646 Bonifacius
431 1578 613 1663 Episcopus
644 1598 759 1647 seruus
790 1599 956 1648 seruorum
972 1581 1034 1648 Dei
1053 1583 1235 1650 venerabili

109 1685 201 1751 tratri
218 1737 226 1752 .
244 1737 252 1751 .
270 1735 277 1750 .
295 1685 548 1770 Archiepiscopo
573 1687 789 1770 strigoniensi
809 1688 948 1754 salutem
967 1695 999 1754 et
1015 1687 1236 1774 apostolicam

109 1793 379 1863 benedictionem.
397 1794 595 1862 Dilectorum
611 1795 750 1862 filiorum
771 1846 779 1862 .
797 1845 804 1860 .
822 1847 830 1862 .
849 1796 987 1862 Abbatis
1003 1802 1035 1861 et
1051 1795 1237 1865 Conuentns

109 1900 298 1985 llonasterij
316 1900 428 1968 Sancti
444 1877 575 1968 martini
601 1903 641 1968 de
666 1904 769 1970 Sacro
786 1903 894 1968 Monte
920 1903 1090 1970 Pannonia
1114 1902 1157 1968 ad
1174 1904 1235 1970 Ro·

108 2029 237 2074 manam
255 2009 437 2076 Ecclesium
454 2011 543 2078 nullo
559 2010 667 2078 medio
694 2010 888 2096 pertinentis
905 2009 1038 2077 Ordinis
1054 2009 1163 2077 Sancti
1179 2013 1237 2077 Be-

109 2114 230 2180 nedicti
261 2115 443 2182 Jauriensis
478 2117 625 2184 Diooesis
657 2125 844 2204 presentata
874 2117 966 2184 nobis
990 2117 1105 2203 petitio
1122 2125 1238 2184 onusta

108 2220 250 2300 querelis
276 2221 430 2305 grauibus
448 2225 644 2310 continebat,
661 2225 747 2307 qnod
763 2225 889 2292 nobiles
915 2224 976 2291 viri
992 2223 1167 2308 lohannes,
1183 2224 1238 2290 Ni·

110 2328 222 2392 eolaus
239 2333 271 2392 et
287 2327 449 2394 Henricus
466 2329 523 2413 filij
537 2329 700 2412 quondam
718 2330 850 2396 Henriol
866 2333 959 2417 Bani,
975 2332 1108 2398 Erricus
1124 2351 1238 2415 cogna-

106 2442 153 2502 tus
170 2435 348 2502 eorundem
364 2435 532 2519 nobilium,
545 2436 624 2503 Saul
635 2437 737 2522 Sauli,
749 2439 913 2506 Laurente
928 2446 1024 2506 natus
1041 2440 1143 2524 Sauli,
1154 2441 1237 2505 Mat·

108 2542 201 2610 lhcns
216 2542 307 2611 Petri
334 2543 490 2625 Palatini,
507 2545 630 2611 Paulus
662 2543 702 2610 de
720 2546 900 2632 Comaran,
933 2547 1102 2614 Johannes
1128 2547 1188 2612 Zat
1204 2554 1237 2612 et

105 2653 255 2718 nonnulli
271 2653 328 2736 alij
347 2654 482 2735 nobiles,
499 2649 660 2739 Comites,
686 2655 841 2739 Berones,
857 2655 977 2722 milites
994 2653 1237 2738 Strigoniensis,

105 2759 288 2827 lauriensis
311 2767 344 2826 et
359 2759 613 2846 Vesprimiensis
645 2759 824 2827 (licitatum
850 2769 882 2828 et
904 2763 1075 2828 Diocesum
1099 2761 1133 2828 in
1148 2760 1237 2844 ipsos

109 2873 140 2932 et
164 2865 287 2933 dictum
308 2867 541 2934 Monosterium
560 2868 669 2934 hostili
695 2867 821 2934 seuicia
845 2873 1094 2952 consurgentes,
1112 2888 1169 2934 eos
1184 2887 1237 2932 va-

108 2973 167 3057 rijs
192 2975 364 3042 lacessitos
381 2973 507 3059 iniurijs
524 2981 556 3041 et
579 2975 710 3042 iacturis
729 2993 902 3061 oppressos
929 2976 971 3040 ab
996 2973 1076 3059 ipsis
1093 2971 1238 3056 decimis,

104 3081 270 3165 grangijs,
288 3079 415 3164 castris,
432 3081 527 3166 villis,
546 3079 649 3162 terris,
673 3080 951 3168 possessionibus,
978 3077 1169 3163 quibusdam
1184 3079 1237 3143 tri·

102 3186 193 3253 bulis
210 3193 243 3251 et
257 3187 354 3253 rebus
371 3187 562 3272 alijsipsius
573 3187 760 3272 Monasterij
773 3188 915 3274 spoliare
925 3187 1083 3269 nequiter,
1102 3185 1238 3268 ipsaque

102 3294 192 3361 bona
210 3314 372 3378 occupare
397 3301 429 3360 et
454 3303 613 3380 occupata
638 3294 784 3362 detinere
810 3295 947 3380 nequius
973 3297 1238 3380 presumpserunt

106 3408 139 3467 et
158 3401 270 3470 adhuc
295 3401 443 3468 delinere
474 3410 675 3491 presumunt,
692 3403 726 3469 in
743 3403 886 3470 eiusdem
920 3400 1057 3469 Abbatis
1074 3409 1106 3467 et
1121 3400 1232 3467 Mona-

100 3508 195 3594 sterij
213 3530 277 3576 non
295 3508 455 3576 modicum
471 3509 687 3594 preiudicium
704 3516 736 3577 et
752 3529 940 3594 grauamen.
959 3507 1066 3585 Quare
1082 3505 1159 3572 dicti
1175 3504 1238 3571 Ab·

99 3617 162 3682 bas
179 3621 215 3682 et
230 3615 417 3682 Conuentus
434 3635 532 3702 super
549 3617 607 3683 hoc
623 3617 666 3682 ad
681 3615 858 3684 remedium
878 3616 974 3684 Sedis
990 3613 1174 3701 Apostolicc
1189 3633 1239 3680 re-

99 3731 285 3806 currentes,
302 3724 397 3790 nobis
408 3721 574 3790 humiliter
583 3724 820 3811 supplicarunt,
838 3731 954 3791 vtcum
964 3723 1028 3808 ipsi
1043 3727 1173 3806 propter
1183 3739 1238 3804 po·

103 3831 248 3898 tentiam
266 3839 298 3898 et
313 3831 473 3898 malitiam
497 3832 640 3918 ipsorum
657 3832 847 3900 nobiliumet
879 3831 1015 3898 aliorum
1031 3847 1095 3894 non
1110 3833 1241 3910 sperent

95 3959 218 4007 eoram
236 3959 345 4006 eorum
361 3939 537 4025 ordinarijs
554 3960 656 4024 super
681 3941 732 4015 his
750 3959 847 4025 posse
863 3938 995 4023 assequi
1012 3934 1140 4004 iusticie
1157 3951 1238 4000 com·

95 4050 316 4132 plementum,
335 4049 507 4132 prouidere
525 4049 572 4115 eis
599 4069 696 4133 super
711 4049 772 4115 hoc
803 4047 844 4114 de
861 4054 1018 4135 oportune
1048 4041 1240 4130 prouisionis

97 4154 254 4222 remedio
272 4153 489 4239 dignaremur.
516 4157 585 4222 Nos
602 4155 658 4241 qui
678 4175 846 4223 occurrere
874 4141 1118 4239 grauaminibus
1134 4149 1241 4218 subdi·

97 4272 213 4332 torum
232 4269 262 4328 et
278 4264 421 4350 ipsorum
438 4263 537 4347 quieti
554 4263 722 4330 consulere
746 4262 962 4342 delectamur,
981 4259 1104 4332 eisdem
1119 4257 1241 4326 Abbati

96 4379 129 4438 et
148 4373 337 4440 Conuentui
354 4370 472 4438 adesse
488 4371 522 4436 iu
538 4371 601 4437 huo
616 4377 712 4457 parte
742 4370 970 4438 fauorabiliter
995 4369 1181 4455 cupientes,
1200 4365 1241 4430 de

97 4487 159 4547 tua
190 4477 487 4564 circumspectione
518 4479 630 4544 confisi
660 4478 860 4544 fraternitati
885 4487 940 4542 tue
971 4495 1029 4563 per
1052 4471 1242 4562 Apostolica

93 4589 230 4672 scripta
246 4585 608 4670 mandamus,quatenus
620 4586 765 4654 euocatis
775 4587 830 4669 qui
845 4584 964 4651 fuerint
974 4582 1143 4670 euocaudi,
1155 4585 1244 4667 post·

151 4720 365 4762 montumano.
384 4720 455 4762 uuor.
471 4729 515 4745 -
531 4719 603 4762 nuru
620 4714 657 4758 ¹8.
1040 4695 1079 4760 18
