3170 5166
851 825 930 894 285.

326 1027 444 1095 Miklds
468 1027 574 1093 reddor
604 1025 794 1113 mepdapyjc
826 1024 1153 1111 Baraoyaodrmapye
1182 1023 1451 1132 azolpabirclr'nolr‚

365 1139 449 1223 hepy
464 1133 612 1220 bizooyos
629 1132 909 1200 hatalmaekoddsr‘
924 1131 1045 1199 caethea
1058 1131 1210 1230 deljenolr.
1226 1133 1277 1196 Ευ
1294 1133 1411 1198 aanor.
1563 1141 1564 1152 *

438 1327 594 1395 Nicolaum
609 1326 779 1394 Palatinus
796 1326 911 1393 comes
928 1325 1144 1411 Symigiensis
1170 1333 1202 1391 et
1218 1325 1327 1394 Judex
1342 1327 1452 1394 Cuma-
1563 1273 1564 1342 ἒ

326 1454 442 1502 norum
458 1433 538 1502 viris
554 1433 716 1502 nobilibus
732 1431 847 1502 amicis
862 1432 931 1500 suis
947 1432 1044 1500 Petro
1059 1432 1128 1500 filio
1143 1431 1314 1518 lobannis,
1325 1432 1454 1500 Andree

326 1542 369 1610 de
385 1540 536 1628 Bndmer,
552 1540 721 1609 Dominioo
737 1539 803 1607 filio
818 1538 994 1624 Leonardi,
1011 1545 1047 1606 et
1079 1539 1228 1606 Diouisio
1259 1539 1323 1606 filio
1355 1540 1453 1606 Bene·

330 1648 408 1716 dicti
424 1645 611 1726 comitibus,
626 1644 798 1714 Judieibus
813 1644 980 1712 Nobilium
995 1645 1029 1711 in
1055 1645 1220 1714 Comitatu
1250 1645 1292 1712 de
1324 1647 1454 1712 Barana

327 1776 384 1842 per
400 1754 563 1822 dominum
576 1752 701 1836 Regem
717 1751 884 1837 deputatis
900 1751 1049 1820 amiciam
1075 1753 1248 1822 sinceram.
1266 1754 1383 1821 Comes
1399 1750 1454 1816 (lo

328 1860 439 1929 raldus
455 1861 497 1928 de
513 1859 602 1926 Orar
617 1858 834 1946 personaliter
865 1877 976 1925 coram
1006 1857 1103 1925 nohis
1131 1857 1324 1927 constitutus
1358 1857 1449 1943 dixit,

325 1967 415 2051 quod
431 1967 547 2034 Comes
564 1963 739 2051 Ghepanus
755 1971 787 2031 et
818 1965 917 2050 Myke
927 2017 938 2054 ,
969 1963 1127 2032 officiales
1159 1963 1293 2032 Comitis
1323 1964 1455 2032 Kamini

326 2070 433 2162 (φῂς
452 2072 625 2141 (lorraldus
640 2071 725 2139 filins
741 2071 913 2140 Michaelis
930 2071 971 2139 de
985 2072 1129 2158 Kuesad‚
1162 2069 1338 2159 Chepanus
1370 2072 1453 2138 lilius

329 2180 450 2264 (lhebe,
469 2187 502 2248 et
517 2179 623 2264 Heym
638 2178 725 2246 iilius
741 2179 908 2247 Mortunus
932 2198 1006 2246 eum
1037 2177 1138 2246 fratre
1168 2199 1239 2266 suo,
1270 2180 1452 2247 sarcientes

330 2287 476 2354 eiusdem
493 2285 626 2354 Comitis
643 2285 774 2353 Kemini
807 2287 902 2374 (igy),
929 2305 970 2352 ac
999 2291 1071 2353 tota
1100 2284 1181 2352 villa
1211 2287 1364 2371 Perman,
1395 2283 1453 2368 Vg,

331 2394 500 2478 Tachuelg
518 2398 552 2459 et
566 2392 699 2460 Kussad
715 2396 840 2478 uocate,
858 2393 892 2459 in
908 2391 992 2461 festo
1007 2391 1122 2460 Sancti
1146 2390 1276 2460 Andree
1307 2389 1455 2476 Apostoli

329 2500 421 2567 clara
436 2499 511 2567 luoe
526 2499 561 2564 in
577 2519 635 2565 ora
651 2499 768 2584 prandi
784 2499 956 2567 irruissent
970 2520 1070 2568 manu
1085 2505 1214 2566 armata
1229 2519 1327 2585 super
1354 2518 1454 2588 quan·

327 2607 403 2674 dam
420 2605 532 2672 uillam
550 2625 643 2673 suam
659 2606 769 2692 (lyula
785 2613 944 2693 uocatam,
962 2615 994 2674 et
1009 2607 1116 2694 ipsam
1133 2607 1247 2675 uillam
1277 2607 1452 2676 destruxis-

327 2722 409 2802 sent,
425 2714 607 2782 Johannem
624 2714 726 2780 filium
742 2713 879 2782 Thaneh
893 2714 1067 2783 officialem
1081 2737 1175 2784 snum
1200 2717 1237 2784 in
1269 2715 1364 2784 domo
1396 2731 1453 2782 sua

326 2823 558 2909 eapduassent,
575 2828 608 2888 et
623 2823 825 2906 captinatnm
841 2821 1061 2892 adduxissent
1077 2820 1175 2911 (lgy),
1200 2841 1334 2890 uxorem
1367 2821 1447 2888 eius·

325 2933 401 2998 dem
416 2929 578 2998 Johannis
602 2929 792 2996 vulneratam
808 2929 1026 3016 reliquissent,
1043 2939 1076 2998 et
1090 2931 1125 2996 in
1139 2931 1214 3018 ipsa
1229 2929 1454 2998 destruccione

325 3037 500 3123 dampnum
515 3035 726 3120 septuaginta
741 3053 923 3103 marcarum
932 3035 1118 3106 intulissent
1131 3061 1139 3122 ;
1159 3055 1256 3120 quem
1267 3036 1451 3105 Johannem

326 3143 481 3210 Nicolaus
497 3141 584 3208 lilius
599 3141 743 3228 Nicolay
760 3140 899 3211 (lurialis
915 3142 1032 3213 (lomes
1063 3144 1105 3212 de
1136 3145 1276 3228 Barana,
1302 3143 1453 3212 officialis

327 3249 473 3318 eiusdem
489 3247 622 3317 Kamini
639 3251 673 3316 iu
689 3255 833 3317 nostram
852 3251 991 3320 adduxit
1006 3252 1209 3339 presenciam
1224 3251 1348 3339 dicens,
1369 3249 1453 3335 quod

326 3359 432 3445 ipsum
449 3357 634 3425 Johannem
649 3359 683 3424 in
700 3357 932 3427 committendo
947 3359 1120 3428 latrocinio
1136 3359 1346 3448 captiuasset,
1357 3365 1392 3424 et
1403 3377 1456 3424 uo

327 3463 379 3532 bis
394 3463 529 3531 tradidit
544 3465 630 3532 sieut
644 3463 808 3533 hominem
824 3466 978 3534 nocinum
993 3473 1027 3534 et
1040 3468 1208 3534 latronem.
1218 3465 1322 3546 Quem
1333 3464 1455 3533 Johan-

326 3590 400 3636 nem
415 3580 628 3640 memoratum
644 3573 678 3639 in
693 3572 902 3644 fideiussione
917 3573 1052 3643 Comitis
1069 3573 1229 3662 (lorraldy
1244 3573 1370 3641 domini
1404 3575 1456 3641 sui

325 3677 477 3747 duximus
492 3679 721 3748 remittendum
737 3681 795 3770 ita,
810 3681 900 3766 quod
914 3683 949 3750 in
965 3683 1091 3753 octenis
1116 3683 1229 3751 Sancti
1244 3681 1393 3768 Nikolay
1423 3681 1456 3746 in

326 3786 406 3854 villa
423 3785 504 3854 Soos
521 3787 609 3856 idem
626 3784 742 3858 (lomes
758 3787 936 3859 Corraldus
952 3793 987 3860 in
1004 3799 1146 3860 uestram
1162 3796 1286 3860 statuat
1317 3809 1452 3876 presen-

325 3895 411 3962 ciam
426 3901 538 3963 eontra
553 3896 735 3982 predictum
751 3897 925 3966 Nicolaum
940 3903 973 3968 et
987 3899 1062 3968 illos
1087 3899 1240 3986 superius
1269 3897 1456 3968 nominatos

325 4001 589 4071 adiudicandum.
607 4003 713 4082 Quare
728 4006 870 4091 petimus
885 4027 906 4074 a
920 4007 1022 4093 uobis,
1040 4013 1200 4092 quatenus
1215 4006 1250 4082 in
1267 4006 1415 4076 lideDeo
1426 4015 1457 4074 et

326 4107 452 4177 Corone
463 4109 576 4178 debita
585 4112 763 4182 secundum
774 4118 916 4181 uestrum
926 4115 1044 4182 scitum
1053 4115 1210 4182 iudicium
1221 4113 1350 4183 saciati
1370 4115 1456 4182 inter

326 4221 436 4300 partes
447 4239 455 4302 ;
465 4217 543 4301 quia
558 4218 586 4284 si
596 4217 683 4286 idem
692 4219 858 4288 lohannes
868 4219 960 4289 iuxta
968 4225 1109 4288 nestrum
1119 4220 1276 4290 iudicium
1291 4221 1392 4290 fuerit
1411 4223 1456 4290 iu·

323 4321 492 4410 stificatus,
506 4329 540 4395 et
554 4325 692 4410 predicti
700 4325 849 4396 homines
858 4347 923 4396 non
934 4329 1173 4417 comparuerint
1182 4348 1281 4414 super
1290 4332 1454 4401 vastacio-

324 4431 511 4517 nemipsius
521 4431 663 4521 Kaminy
673 4435 1047 4524 etpossessionis‚ipsum
1057 4436 1177 4508 laetum
1186 4437 1340 4506 miremini
1350 4438 1455 4526 impu·
