3112 5158
626 330 784 425 Qa-

139 521 183 606 gij
203 521 352 586 annotati
367 520 531 588 sororibus
547 521 721 606 sepedictis
742 529 908 606 presentes
919 521 1134 590 concessimus
1146 521 1269 589 litteras

140 627 238 712 sigilli
256 629 359 696 nostri
375 629 554 696 munimine
569 629 748 696 roboratas.
766 632 888 696 Datum
912 647 972 713 per
996 649 1111 695 manus
1137 628 1267 696 discreti

141 737 202 801 uiri
219 737 369 819 Magistri
385 736 533 803 Ladizlai
548 737 692 804 Lentonis
719 739 866 804 Ecclesie
891 742 999 804 nostre
1025 756 1111 802 anno
1137 735 1267 802 Domini

142 842 261 910 M⁰GG⁰
277 844 489 928 nonagesimo
505 845 614 910 tercio.
632 843 790 927 Magistro
806 845 906 910 Paulo
925 843 1076 926 (lentore,
1108 844 1265 926 Magistro

142 951 298 1033 Gregorio
315 950 465 1035 Custode,
482 951 643 1018 Luucchic
659 952 802 1035 Decauo,
820 950 985 1036 Stephano
1004 957 1036 1016 et
1053 951 1174 1017 Jacobs
1199 949 1267 1014 Ma·

142 1056 261 1142 gistris,
278 1056 434 1144 Nycolao,
451 1053 581 1124 Andres
605 1062 637 1123 et
661 1058 810 1126 iohanne
835 1056 1067 1144 sacerdotibus,
1094 1061 1127 1122 et
1151 1057 1269 1124 ceteris
1327 1065 1333 1074 '

144 1162 325 1250 Canoniuys
343 1165 567 1230 existentibus.

143 1363 284 1438 (Eredetie
297 1357 471 1426 b'drbtrtyalu,
485 1375 502 1409 a
516 1357 597 1428 sirgs
610 1360 840 1426 selyemnsinliron
863 1359 973 1426 sllgglltt
985 1359 1077 1428 pessel
1093 1361 1232 1422 elreszett,
1245 1375 1262 1409 a

143 1453 224 1504 budui
240 1454 292 1504 kir.
307 1453 429 1523 kamarsi
442 1448 621 1502 lerelttrbsn.
637 1449 787 1503 Kivonatst
800 1453 872 1504 hezli
886 1449 966 1516 Fejer
987 1451 1053 1504 cod.
1069 1451 1134 1516 Dipl
1147 1449 1195 1502 VI.
1212 1450 1266 1500 kut.

610 1542 634 1592 1.
648 1557 668 1590 r.
689 1541 748 1592 alu.
763 1541 817 1606 lap.

599 1842 811 1856 -u——a—-ffl

675 2373 728 2442 83.

142 2569 171 2638 Α
186 2572 289 2638 iudai
304 2571 463 2656 kdptclcn
477 2573 583 2658 ‹itirjc
597 2595 619 2635 c
634 2573 826 2658 cyrilszipetc'
840 2574 1071 2659 apucaazcrda
1087 2547 1237 2639 szdmdrc
1247 2596 1268 2639 a

282 2675 453 2763 Woyalowt'
481 2678 618 2744 birtoltot
643 2683 799 2766 torpyczo
823 2679 1044 2764 okmdnyokct.
1062 2678 1158 2743 1293.

246 2873 316 2940 Nos
332 2871 518 2957 Capitulum
533 2871 696 2940 Budensis
712 2873 860 2942 Ecclesie
875 2873 1029 2940 memorie
1045 2874 1267 2941 cemmendan-

143 2985 190 3046 tes
204 2979 428 3063 significamus
445 2979 604 3047 uniuersis
620 2983 822 3065 presencium
838 3000 895 3066 per
905 2986 1057 3063 tenorem,
1075 2979 1159 3064 quod
1170 2981 1269 3047 frater

141 3085 331 3154 Dominicus
348 3090 380 3150 ct
396 3083 496 3153 irater
512 3085 679 3154 Jhoannes
703 3088 744 3155 de
762 3087 883 3156 Ordine
899 3086 1048 3152 Fratrum
1076 3087 1262 3154 Predieato·

141 3215 220 3282 rum,
238 3200 464 3279 procuratores
480 3194 666 3278 Monasterij
685 3196 786 3262 Beate
803 3193 947 3277 Virginis
964 3194 1005 3260 de
1020 3195 1140 3280 Insula,
1159 3194 1268 3260 exibu-

142 3307 234 3367 erunt
249 3300 343 3366 nobis
358 3299 483 3366 litteras
500 3307 650 3386 patentes
668 3302 790 3369 domini
805 3302 884 3370 Bele
912 3301 1012 3384 Regis
1037 3301 1146 3367 inclite
1162 3320 1265 3369 recor-

140 3408 299 3494 dacionis,
317 3427 387 3472 cum
406 3407 652 3493 confirmatoriJs
667 3410 782 3477 litteris
802 3407 959 3494 Stephani
976 3414 1008 3474 et
1024 3395 1169 3474 Ledinlai
1199 3409 1267 3475 illu-

142 3517 254 3583 strium
269 3517 395 3600 Regum
412 3517 497 3582 clare
514 3519 674 3602 memorie,
691 3524 723 3585 et
738 3517 822 3584 alias
838 3517 962 3584 litteras
990 3515 1112 3582 domini
1138 3516 1266 3583 Andrce

140 3621 202 3687 Dei
219 3621 333 3704 gracia
350 3621 620 3690 Excellentissimi
645 3626 742 3708 Regis
759 3623 902 3709 Vngarie
919 3623 1050 3688 Domini
1074 3626 1186 3708 nostri,
1212 3643 1266 3708 pe-

142 3736 247 3795 tentes
264 3750 285 3794 a
301 3731 395 3798 nobis
410 3731 592 3818 humiliter,
610 3740 644 3800 rt
669 3734 758 3819 ipsas
774 3733 901 3800 litteras
918 3733 996 3798 Bele
1014 3739 1046 3798 et
1060 3729 1191 3798 Andree
1207 3732 1266 3798 Re-

139 3855 226 3923 gum,
239 3839 314 3922 quia
326 3845 456 3924 propter
466 3839 656 3908 discrimina
665 3841 791 3908 viarum
801 3861 909 3909 seeum
921 3841 1007 3908 ferre
1017 3861 1082 3907 non
1092 3838 1267 3926 audebant,

137 3951 171 4010 vt
189 3943 352 4031 dixerunt,
370 3946 410 4012 de
426 3949 526 4014 uerbo
542 3947 585 4014 ad
602 3949 735 4016 uerbum
751 3949 884 4018 rescribi
900 3947 1081 4016 faceremus
1097 3955 1130 4014 et
1154 3951 1265 4014 nostro

138 4053 247 4138 sigillo
263 4052 411 4138 sigillari.
429 4053 536 4120 Tener
561 4059 669 4121 autem
684 4054 864 4123 litterarum
881 4057 958 4121 Bele
983 4055 1083 4138 Regis
1100 4053 1174 4120 tulis
1199 4057 1267 4120 est:

228 4162 298 4229 Nos
308 4161 344 4228 B.
355 4164 395 4228 D.
407 4183 454 4247 gr.
465 4164 535 4231 Rex
548 4161 691 4247 Vngarie
701 4165 763 4230 stb.
777 4161 989 4250 (luvetkenik
1000 4162 1054 4227 IV.
1066 4163 1146 4228 Bele
1155 4159 1266 4245 kirtly

134 4267 206 4334 nak
225 4268 364 4337 rael-ki
390 4269 550 4339 beismero
576 4270 752 4357 okmanya,
769 4273 850 4336 mint
868 4268 1147 4358 gylljtemenyttnlr
1171 4265 1259 4333 VlII.

133 4374 255 4464 vagyis
272 4395 293 4440 a
309 4377 460 4444 masouik
477 4377 597 4463 folyom
613 4377 672 4444 ΙΙΙ.
683 4377 858 4444 kliteteben
877 4381 951 4446 169.
969 4375 1005 4462 l.)

243 4483 387 4551 Litteras
404 4504 484 4552 uero
498 4486 619 4552 domini
645 4484 777 4558 Andsee
792 4485 892 4570 Regis
924 4483 1104 4570 recepimus
1135 4481 1184 4560 in,
1200 4481 1261 4548 heu

129 4593 256 4658 verba:
