3098 5172
847 297 913 364 240

313 497 356 562 ab
373 493 521 561 omuibus
548 490 784 577 impetitoribus
801 491 931 558 racione
948 490 1044 558 huius
1061 497 1148 557 terre
1164 491 1319 576 expedire
1337 497 1370 557 et
1387 512 1437 577 per

314 603 421 670 omnia
439 600 608 667 defensare
623 602 764 686 proprijs
791 599 958 666 laboribus
974 605 1007 666 et
1021 599 1195 684 expensis;
1212 598 1436 666 nichilominus

314 715 468 777 canentes
494 728 592 794 super
623 706 800 789 ereccione,
822 714 855 773 et
880 707 983 772 eciam
1010 707 1038 772 si
1064 705 1203 791 predicti
1219 706 1277 792 filij
1296 709 1438 790 Magistri

315 816 465 902 Philipus
490 825 645 883 eteorum
662 815 799 882 heredes
816 816 998 900 predictum
1015 815 1198 882 Johannem
1215 815 1318 882 filium
1335 816 1439 881 Bechu

314 923 368 990 uel
386 945 462 992 suos
487 921 623 989 herodes
655 922 825 1006 nequirent
851 920 1043 1008 defensare,
1076 928 1195 987 extunc
1219 921 1278 1006 filij
1298 922 1439 1005 Magistri
1544 1002 1545 1007 ἵ

315 1033 450 1117 Philpus
468 1051 509 1096 ex
533 1029 609 1114 alijs
634 1029 729 1096 terris
755 1028 822 1095 suis
846 1027 899 1095 vel
926 1048 967 1094 ex
993 1029 1070 1095 aliis
1096 1029 1360 1113 possessionibus
1377 1031 1438 1096 suis

316 1140 514 1223 quibuslibet
545 1137 782 1222 impetitoribus
816 1143 847 1202 ct
875 1136 1140 1203 molestatoribus
1165 1137 1268 1222 ipsius
1284 1138 1438 1204 Johannis

317 1266 514 1329 suorumque
531 1245 685 1310 beredum
705 1243 911 1311 satisfacient
937 1245 1143 1329 expediendo
1168 1247 1320 1330 eosdem3
1339 1247 1387 1312 ita
1401 1246 1439 1310 ui·
1545 1271 1546 1278 ¹

316 1353 435 1422 delicet
452 1355 540 1437 quod
566 1353 693 1439 prefata
712 1353 877 1438 possessio
904 1354 1101 1437 Zeuoboogh
1127 1365 1242 1422 vocata
1259 1376 1332 1422 curu
1348 1355 1439 1422 omui·

311 1469 378 1530 vbus
395 1461 463 1528 suis
481 1462 689 1543 utilitatibus,
709 1471 741 1527 et
757 1465 817 1529 sub
836 1463 960 1528 eisdem
985 1465 1093 1548 metio,
1112 1483 1248 1547 quarum
1263 1483 1378 1529 cursus
1394 1484 1440 1530 er·

317 1572 484 1655 primetur,
503 1573 592 1656 apud
625 1570 763 1634 eundern
787 1569 969 1636 lohannem
1001 1575 1032 1633 ct
1058 1591 1134 1636 suos
1150 1569 1285 1635 heredes
1311 1571 1440 1656 pacifice

319 1685 475 1765 perpetuo
501 1679 682 1744 remanebit
706 1679 741 1742 in
765 1685 958 1763 perpetuum
984 1677 1195 1762 possidenda3
1230 1687 1327 1762 prout
1344 1678 1440 1742 eciam

317 1789 378 1854 hec
393 1786 552 1872 premissa
569 1788 601 1850 iu
627 1785 812 1870 patentibus
828 1784 945 1850 litteris
978 1786 1109 1852 domiue
1126 1786 1266 1852 Ducisse
1282 1785 1441 1850 contineu-

310 1904 377 1961 tur.
393 1895 536 1973 Quarum
553 1893 682 1977 quidem
700 1901 791 1960 tenor
806 1891 884 1958 talis
911 1900 980 1959 est:

426 2003 493 2068 Nos
510 1999 641 2068 domina
658 2000 718 2067 Th.
736 2001 798 2068 Dei
823 2001 938 2086 gracia
970 2009 1075 2067 mater
1091 2001 1226 2068 illustris
1242 2001 1343 2084 Regis
1359 1999 1442 2066 Hun-

318 2111 412 2194 garie
428 2111 489 2176 stb.
508 2107 722 2194 (kevetkoaik
751 2109 1035 2176 Thomassiutuak
1069 2109 1204 2176 raes-ki
1220 2106 1441 2192 bizouysagle-

320 2217 404 2304 vele,
422 2216 503 2282 mint
521 2217 654 2282 fentebb
672 2219 751 2285 144.
769 2237 814 2284 sn.
832 2215 877 2304 a.)

428 2323 546 2391 Cursus
568 2331 675 2390 autem
701 2331 859 2390 metarum
886 2323 981 2390 huius
1007 2331 1093 2390 terre
1108 2323 1306 2406 Zeuoboogh
1322 2328 1441 2403 vocate,

317 2439 413 2519 prout
429 2433 523 2498 homo
556 2437 667 2498 noster
683 2431 832 2499 Andreas
863 2431 1018 2497 sacerdos
1034 2429 1182 2498 Ecclesia
1197 2429 1318 2497 Sancte
1336 2432 1444 2497 Crucis

318 2539 359 2607 de
375 2541 457 2606 villa
473 2539 609 2606 tiliorum
626 2537 762 2606 Comitis
791 2537 940 2605 Ladizlai
971 2539 1029 2622 filij
1048 2539 1132 2606 Cleti
1148 2537 1306 2605 Kereztur
1331 2547 1445 2606 vocata

319 2645 362 2714 ad
379 2648 571 2733 peticionem
599 2655 806 2731 utrarumque
833 2648 976 2731 parcium
1002 2648 1082 2712 illuc
1099 2646 1327 2731 transmissus,
1355 2647 1444 2714 etad

317 2773 378 2819 nos
395 2773 556 2838 reuersus,
573 2755 787 2841 partibusque
802 2757 993 2840 presentbus
1010 2753 1131 2818 ibidem
1148 2754 1242 2818 nobis
1260 2754 1353 2840 dixit,
1372 2755 1445 2820 talis

320 2867 387 2927 est:
417 2863 605 2948 Incipiendo
638 2864 764 2930 seilicet
794 2863 830 2928 in
856 2883 921 2928 vna
945 2869 1034 2927 meta
1059 2871 1166 2934 terrea
1180 2863 1213 2926 in
1230 2860 1341 2927 littore
1357 2861 1443 2946 fiuuij

318 2968 447 3034 Karaso
463 2977 567 3037 erecta
584 2971 866 3038 commetaneitate
882 2977 1041 3036 terrarum
1056 2969 1205 3054 Magistri
1221 2968 1389 3056 Benedicti
1405 2973 1445 3037 de

319 3075 441 3164 Saagh,
458 3077 562 3143 tendit
579 3078 623 3143 ad
640 3087 765 3163 partem
781 3077 1090 3164 septemtrionalem,
1108 3083 1141 3142 et
1156 3075 1243 3142 cadit
1259 3075 1301 3141 ad
1327 3099 1446 3162 aquarn

318 3183 509 3252 viminosam
521 3185 726 3270 Katbaplcsa
735 3191 885 3250 vocatam
902 3209 909 3269 ς
926 3205 986 3269 per
1003 3184 1093 3251 cuius
1110 3205 1194 3270 aque
1210 3185 1351 3251 medium
1369 3207 1446 3252 cun·

319 3290 361 3358 do
392 3295 459 3358 exit
474 3295 517 3359 ab
543 3293 656 3358 eadem
678 3294 721 3358 ad
738 3312 836 3359 vnarn
864 3300 982 3358 metam
999 3301 1159 3374 terream;
1192 3293 1312 3359 deinde
1337 3313 1447 3380 proce

313 3398 409 3464 ditur
425 3399 469 3464 ad
486 3399 633 3466 arborem
651 3419 803 3482 maguam
830 3401 1002 3486 berterigo
1026 3410 1177 3465 vocatam
1201 3407 1289 3465 tarra
1305 3403 1447 3468 cumula·

315 3513 386 3572 tam
403 3527 536 3573 crueeue
552 3507 774 3592 consignatam
792 3509 863 3574 vice
879 3516 973 3596 mete,
992 3508 1046 3574 vbi
1063 3507 1153 3573 cadit
1168 3509 1202 3574 in
1221 3529 1340 3592 aquam
1361 3511 1447 3577 Neu·

319 3613 417 3700 lenya
433 3627 592 3702 vocatam,
612 3623 642 3681 et
660 3637 716 3700 per·
737 3617 879 3682 medium
905 3617 1010 3684 eundo
1037 3617 1132 3684 huius
1149 3635 1234 3698 aque
1250 3619 1364 3684 circuit
1379 3637 1449 3685 ver-

319 3742 374 3789 sus
391 3723 501 3791 villam
520 3723 629 3805 Sangb
641 3734 808 3807 vocatam3
827 3724 975 3790 exeundo
986 3725 1027 3789 ab
1041 3725 1154 3790 eadem
1171 3744 1259 3808 aqua
1273 3726 1451 3810 Neuleuya

319 3831 410 3896 dicta
426 3831 553 3896 venitur
569 3829 612 3896 ad
627 3837 693 3896 tres
720 3832 852 3897 arbores
877 3831 989 3898 ilicum
1005 3833 1186 3898 vicinantes
1213 3837 1380 3916 extantes,
1400 3835 1446 3901 ab

318 3959 383 4002 vno
399 3938 514 4003 trunko
532 3939 585 4004 vel
601 3937 709 4005 radice
719 3939 940 4024 procedentes,
952 3947 1082 4006 terrane
1093 3941 1281 4028 cumulatas,
1300 3940 1452 4024 ferroque

321 4047 526 4128 consignatas
543 4044 613 4113 vice
631 4054 734 4134 mete;
763 4047 882 4113 abhinc
908 4047 951 4113 ad
976 4069 1074 4114 ruam
1093 4053 1211 4113 metam
1237 4057 1373 4114 terream
1390 4071 1452 4116 an-

320 4153 476 4237 gularem,
494 4153 528 4218 in
545 4174 610 4237 qua
627 4162 675 4219 cst
690 4155 786 4220 arbor
805 4156 919 4240 ilicea;
938 4157 991 4223 vbi
1008 4157 1095 4222 cadit
1123 4159 1156 4221 in
1181 4177 1333 4239 magnam
1358 4155 1454 4222 viam

320 4258 362 4324 de
379 4258 488 4344 Saagh
505 4261 726 4328 decurrentem
759 4263 801 4328 ad
829 4264 1000 4329 ecclesiam
1032 4263 1133 4329 Beate
1158 4263 1261 4329 Maric
1287 4264 1327 4328 de
1342 4261 1456 4348 Luka,

320 4386 492 4451 perquam
510 4367 642 4435 diuertit
657 4368 700 4436 ad
715 4376 842 4454 partem
868 4370 1060 4437 orientalem
1086 4371 1129 4435 ad
1147 4371 1229 4437 duas
1247 4373 1376 4436 arbores
1395 4370 1456 4436 ili-

320 4475 368 4538 cis
384 4479 417 4539 et
431 4495 568 4556 quereus
585 4483 671 4541 terra
688 4477 881 4563 cumulatas,
892 4477 947 4542 vbi
964 4483 1014 4543 cst
1029 4475 1127 4544 fouca
1143 4497 1200 4544 seu
1217 4475 1373 4544 fossatum
1382 4477 1457 4543 Ka·

316 4577 400 4645 lista
416 4579 548 4666 dictum,
565 4601 722 4665 aquosum
739 4605 779 4652 ex
805 4583 1020 4651 inundacione
1045 4585 1229 4669 pluuiarum
1239 4635 1249 4670 ,
1266 4581 1454 4666 aliquando
