3050 5164
814 889 891 958 108.

282 1089 317 1156 Α
327 1090 487 1176 pozaonyi
503 1087 724 1175 kdptalunnok
739 1085 1111 1174 bizunytciplevels‚kopy
1128 1087 1241 1156 Simon
1260 1087 1409 1175 creperet

273 1199 324 1280 flu
340 1195 485 1263 Kotobun
502 1194 570 1257 leod
588 1191 786 1262 birtolrrtszst
796 1192 903 1258 eludtu
917 1191 1027 1279 Oupai
1037 1195 1128 1260 Peter
1137 1195 1306 1260 commacla
1317 1195 1407 1260 1194.

391 1389 458 1456 Nos
474 1385 658 1472 Capitulum
674 1385 821 1453 Eonlesie
836 1386 1043 1455 Posoniensis
1054 1387 1275 1472 significamus
1285 1389 1408 1455 uniuer-

282 1498 329 1566 sis
346 1495 462 1580 quibus
478 1493 610 1580 expedit
627 1514 685 1578 per
700 1499 876 1578 presentes,
894 1495 980 1578 quod
997 1494 1178 1561 constitutis
1194 1515 1305 1562 eoram
1322 1495 1409 1560 nobis

282 1601 498 1691 personaliter
514 1601 671 1684 Magistro
688 1601 785 1666 Petro
805 1600 904 1666 fratre
921 1601 1056 1669 Comitis
1082 1601 1235 1686 Furkasij
1252 1601 1295 1669 de
1320 1603 1409 1686 Orga

284 1710 328 1778 ab
343 1731 408 1777 una
433 1717 538 1796 parte,
557 1709 699 1791 Symone
718 1707 787 1772 filio
806 1707 915 1790 Ohege
940 1728 1012 1774 eum
1037 1708 1105 1774 filio
1131 1729 1190 1776 sno
1207 1710 1326 1774 Corma
1340 1728 1409 1774 oon-

285 1819 391 1887 fessns
409 1823 458 1884 est
475 1815 605 1882 oraonlo
621 1815 697 1882 uiue
713 1815 812 1900 uocis,
827 1813 913 1898 quod
932 1818 1003 1902 ipse
1019 1814 1059 1883 de
1074 1824 1160 1884 terra
1175 1837 1237 1884 sua
1251 1815 1410 1884 heredita-

283 1927 335 1992 ria
349 1927 456 1992 minus
471 1943 535 1990 vno
552 1921 687 2005 triginta
712 1921 827 2005 iugera
842 1929 1001 1989 terrarum
1018 1923 1213 2010 arabilium,
1237 1923 1304 1991 sita
1318 1924 1353 1988 in
1368 1925 1410 1989 in·

284 2031 394 2099 feriori
420 2038 512 2116 parte
524 2039 606 2097 terre
626 2029 715 2106 Koto
730 2047 843 2096 uersus
855 2029 1021 2116 orientem,
1031 2031 1216 2098 pendiderit
1232 2033 1336 2100 eidem
1348 2033 1411 2097 Ma·

217 2207 223 2216 ,
282 2139 387 2224 gistro
403 2139 508 2219 Petro,
527 2144 560 2202 et
575 2156 632 2222 per
649 2157 720 2203 enm
741 2135 915 2204 heredibus
931 2139 998 2204 suis
1008 2190 1017 2224 ,
1044 2139 1263 2223 heredumque
1279 2159 1408 2205 suornm

283 2242 524 2312 suooessorious
540 2263 599 2326 pro
615 2243 717 2308 tribus
733 2243 851 2308 marcis
870 2243 1074 2312 denariorum
1084 2245 1331 2314 Wiennensium
1341 2246 1410 2311 iure

282 2357 438 2437 perpetuo
455 2357 486 2413 et
512 2349 769 2414 irreuoeabiliter
785 2350 1026 2434 possidendam.
1053 2351 1157 2429 Quam
1184 2373 1345 2418 summam
1363 2373 1414 2438 pe·

282 2457 378 2524 onnie
394 2457 541 2542 prefatus
557 2456 678 2540 Symon
695 2477 766 2522 num
779 2457 842 2524 filio
859 2477 917 2524 sno
929 2457 1047 2524 Gozma
1063 2461 1104 2524 ab
1120 2458 1235 2526 eodem
1252 2460 1413 2542 Magistro

284 2567 379 2630 Petro
396 2565 543 2648 plenarie
560 2584 595 2630 se
613 2565 776 2648 recepisse
792 2563 824 2628 in
842 2567 944 2630 nostri
970 2567 1143 2648 presencia
1168 2574 1216 2634 est
1233 2569 1413 2633 confessus.

283 2669 451 2752 Obliganit
467 2671 568 2735 eciam
586 2689 623 2734 se
639 2670 761 2754 Symon
779 2673 944 2754 prediatus
971 2693 1041 2739 oum
1059 2674 1124 2739 filio
1150 2693 1208 2739 sno
1235 2673 1356 2739 Coznm
1381 2673 1416 2738 in
1505 2759 1506 2768 ἵ

283 2777 370 2844 huno
390 2779 530 2860 modum;
549 2776 633 2859 quod
651 2777 836 2859 quicunque
852 2785 1198 2864 prooessutemporum
1209 2779 1414 2864 sepedictum

283 2885 474 2968 Magistrum
492 2887 624 2952 Petrum
643 2883 774 2948 rasione
791 2891 876 2950 terre
892 2885 1018 2969 prefate
1034 2887 1190 2970 impetere
1206 2885 1350 2953 forsitan
1370 2895 1416 2950 at-

284 2996 465 3074 temptaret,
499 2991 570 3074 ipse
595 2989 717 3072 Symon
733 3009 809 3075 sepe
826 2991 1012 3057 nominatus
1029 3013 1100 3058 oum
1116 2991 1183 3058 filio
1209 3011 1269 3058 suo
1296 2991 1417 3058 Cozma

283 3099 478 3166 tenebuntur
494 3097 632 3164 eundem
649 3097 840 3180 Magistrum
855 3097 987 3164 Petrum
1015 3100 1171 3185 expedire
1196 3100 1341 3184 proprijs
1368 3103 1417 3166 la·

285 3206 417 3273 boribus
434 3212 465 3270 et
482 3205 641 3288 expensis.
659 3203 696 3268 In
715 3203 805 3270 euius
822 3204 869 3270 rei
886 3208 1073 3272 memoriam
1084 3213 1250 3292 presentes
1263 3206 1417 3273 dedimus

283 3313 410 3380 litteras
425 3312 527 3395 sigilli
545 3309 647 3377 nostri
662 3311 840 3377 munimine
858 3314 1037 3380 roboratas.
1049 3315 1168 3381 Datum
1180 3333 1265 3379 anno
1277 3312 1414 3379 Domini

284 3419 403 3485 M⁰CC⁰
419 3420 631 3501 nonagesimo
648 3425 783 3499 quarto..

284 3613 425 3682 (Eredstia
450 3611 625 3682 bdrhdrtydn,
648 3614 800 3680 melyrir'la
832 3617 1018 3683 ktptalannnlr
1042 3615 1162 3685 pensetje
1187 3615 1419 3685 hirtyazs'megen

536 3705 603 3770 idgg
614 3722 621 3766 ;
634 3719 651 3755 a
665 3703 747 3755 budai
761 3707 813 3758 kir.
828 3708 951 3760 kamarai
964 3704 1156 3772 lerdltdrban.)
