3170 5166
594 229 756 378 mc.

102 495 174 542 uon
192 469 349 559 curastis3
384 493 461 558 ymo
478 469 582 538 eciam
598 471 770 556 tributum,
802 473 887 556 quod
903 471 991 558 exigi
1022 475 1192 540 consueuit
1207 475 1242 543 iu

106 579 445 670 pomeraniam,
463 578 505 647 dc
520 578 658 648 carratis
679 579 840 664 tignorum
855 599 915 666 pro
931 579 1116 667 Wysegrad
1133 589 1240 650 castro

105 697 220 758 nostro
236 687 352 774 Regali
376 684 572 754 interdicere
602 686 637 752 iu
653 687 771 755 uostris
803 686 957 755 nundinis
987 689 1240 776 presumpsistis.

104 798 215 882 Super
230 795 348 882 quibus
364 815 437 863 cum
453 794 488 860 in
504 793 605 863 uestri
625 793 796 880 presencia
823 794 992 863 Wemerio
1009 793 1125 863 Comiti
1141 797 1243 864 multa

104 905 199 972 dicta
213 905 355 973 fuissent
371 902 415 970 ad
430 901 754 990 faeiemaPreposito
771 901 917 971 Budensi
934 910 967 972 et
982 903 1115 988 reliquis
1131 923 1243 990 supra·

104 1009 225 1098 dictis;
243 1031 303 1079 nos
321 1011 428 1078 cidem
444 1009 580 1078 firmiter
604 1009 817 1096 imposuimus
842 1012 901 1078 sub
917 1009 1124 1080 districcione
1139 1011 1241 1095 Regia

106 1119 276 1205 iussionis,
293 1125 328 1185 vt
344 1135 379 1185 se
395 1123 428 1184 et
442 1115 696 1184 Vniuersitatem
712 1121 856 1184 vestram
872 1137 893 1184 a
908 1099 1028 1185 talibus
1045 1118 1241 1186 cohiberent.
1259 1197 1262 1203 ¹

102 1226 220 1306 Quare
234 1225 386 1294 fidelitati
404 1229 511 1292 vestre
525 1224 661 1292 tirmiter
677 1225 875 1308 iniungimus
892 1246 951 1311 per
966 1233 1145 1314 presentes,
1161 1245 1240 1308 qua·

106 1343 205 1402 tenus
221 1336 262 1401 ab
278 1333 496 1420 impedicioue
512 1331 669 1401 dictorum
694 1333 894 1422 tributorum,
914 1338 947 1400 et
962 1334 1104 1400 maxime
1120 1333 1154 1399 iu
1170 1333 1240 1400 foro

105 1442 199 1526 quod
216 1448 310 1508 extra
326 1448 468 1509 castrum
478 1447 623 1527 tempore
633 1440 850 1511 nundinarum
865 1448 1049 1511 uestrarum
1065 1437 1241 1508 ordinastis

106 1550 281 1638 celebrari,
297 1569 414 1616 manus
430 1554 567 1635 vestras,
592 1556 624 1616 et
641 1550 785 1617 omnium
810 1549 854 1616 ad
870 1568 927 1617 vos
944 1547 1178 1634 pertinencium
1194 1567 1242 1622 re·
1344 1633 1348 1645 Ι

107 1657 244 1745 nocetis,
260 1657 488 1742 permittentes
505 1657 596 1742 exigi
621 1657 778 1725 tributum
793 1659 836 1724 ab
867 1654 1063 1724 officialibus
1094 1674 1241 1722 sororum

104 1765 151 1830 de
184 1763 299 1830 Insula
327 1762 420 1830 iuxta
451 1763 716 1834 consuetudinem
741 1763 890 1849 primitus
915 1766 1142 1846 obseruatam;
1171 1761 1240 1828 nul-

105 1873 177 1938 iam
209 1871 488 1938 machinacionem
518 1873 628 1958 palam
659 1873 714 1939 uel
746 1873 870 1940 occulte
900 1877 1014 1939 eontra
1054 1869 1243 1938 mandatum

106 1979 247 2065 Regium
273 1981 460 2064 ingerentes
489 1979 524 2046 in
546 1978 761 2067 praiudicium
787 1979 973 2066 earundem,
999 1977 1052 2046 Ad
1068 1977 1154 2063 quod
1169 1995 1243 2044 exe·

108 2082 276 2170 quendum
302 2083 509 2172 Rodulphum
534 2084 684 2154 iuuenem
715 2092 869 2166 nostrum,
892 2085 1057 2152 concinam
1087 2091 1242 2167 uestrum,

105 2215 178 2262 una
193 2213 266 2260 cum
281 2192 545 2277 MagistroElelr
561 2193 635 2260 aule
650 2199 761 2261 nostre
770 2193 896 2262 notario
911 2191 1061 2260 dummoc
1078 2190 1245 2260 destinau-

110 2299 201 2368 dum.
218 2299 349 2387 Sciatis,
368 2300 456 2384 quod
480 2301 509 2368 si
524 2300 662 2370 ulterius
681 2321 740 2368 uos
765 2301 913 2369 mandati
927 2301 1028 2370 nostri
1045 2300 1243 2370 senserimus

101 2415 385 2493 transgressores,
403 2413 493 2475 certa
508 2407 652 2476 vindicte
676 2409 764 2476 racio
789 2429 849 2497 per
863 2407 1048 2479 huiusmodi
1065 2407 1144 2476 facti
1159 2409 1245 2476 inso-

104 2519 252 2588 lenciam
270 2517 390 2606 poterit
407 2517 583 2587 formidari.
601 2520 722 2587 Datum
742 2518 898 2608 Strigonij
931 2519 1013 2588 seria
1038 2527 1155 2605 quarta
1171 2537 1243 2604 pro-

104 2629 202 2695 xima
217 2633 294 2695 ante
309 2627 425 2695 festum
440 2624 632 2694 Natiuitatis
649 2626 793 2712 Virginis
809 2625 968 2696 Glorioso.

100 2824 251 2892 (Eredetie
265 2821 441 2890 bdrhirtydn.
460 2823 588 2890 melynsk
613 2819 698 2875 htttn
711 2823 807 2876 accde
819 2827 942 2889 nyomott
954 2821 1103 2890 pecsdtnek
1116 2821 1243 2876 toreddke

347 2927 471 2980 maguam,
482 2927 499 2964 a
511 2913 595 2966 budai
608 2913 660 2966 kir.
673 2911 798 2964 kamerai
820 2908 1009 2980 levtlttrban.)

573 3209 787 3224 m

646 3729 724 3798 275.

103 3926 182 3995 HI.
199 3925 312 3992 Eodrc
328 3926 550 4014 kirdlyJa'ooa
565 3939 678 3994 menter
688 3927 850 4014 baranpai
859 3924 1064 4016 sdiepcirrook
1080 3931 1249 4016 mephaqg·

93 4041 157 4123 ja,
180 4037 264 4122 hoqy
279 4034 417 4100 Kourdd
431 4047 555 4102 morteri
574 4035 703 4121 Kopacir
719 4040 799 4102 necti
822 4037 1009 4102 birtolcdbac
1025 4035 1133 4103 Bokoo
1147 4037 1249 4104 Jdnos

377 4142 580 4209 mercaretur
596 4143 792 4210 eddelmezzc.
809 4121 859 4208 Ec
875 4143 991 4209 natoue.

224 4333 375 4405 Andreas
390 4337 454 4404 Dei
470 4336 583 4422 gracia
615 4339 685 4406 Rex
701 4337 846 4425 Vngarie
876 4334 993 4406 dilecto
1026 4343 1059 4405 et
1087 4335 1177 4406 fideli
1192 4356 1252 4406 suo

105 4443 276 4527 Magistro
291 4443 432 4512 Johanni
460 4443 527 4512 filio
560 4443 677 4513 Ohaak
693 4443 814 4513 (iomiti
847 4443 888 4514 da
902 4445 1032 4514 Barana
1063 4443 1253 4513 salutemet

99 4551 266 4641 graciam
283 4571 354 4620 eum
370 4551 559 4623 dileccione.
576 4554 793 4639 Conqueritur
808 4553 902 4623 uobis
919 4553 1076 4640 Magister
1092 4549 1255 4623 Gerendus
