3112 5158
564 281 719 379 pL

83 487 136 565 cst,
145 478 233 564 quod
243 475 444 545 Gotcbalcus
454 476 589 545 Villicus
605 473 646 543 de
661 474 751 544 Villa
765 475 913 565 Mattbei,
928 482 962 542 et
976 473 1151 558 Frolingus
1165 467 1207 534 dc

83 589 183 676 ltlka,
200 586 243 655 ad
258 595 406 655 nostram
422 587 616 654 accedentes
640 587 854 674 presenciam,
871 583 1087 660 exbibuerunt
1111 581 1204 648 uobis

83 697 204 764 litteras
219 697 281 762 sub
297 696 431 779 antiquo
448 694 557 780 sigillo
573 698 683 762 nostro
701 701 872 761 emanatas
888 700 920 760 ct
936 691 1115 778 confectas,
1132 708 1203 756 cum

83 804 238 872 instancia
252 811 418 889 rogantes,
433 809 468 870 vt
483 802 617 869 easdem
634 805 693 870 sub
709 803 784 869 noui
812 801 913 886 sigilli
938 801 1036 869 nostri
1061 799 1205 866 testimo·

83 914 133 979 uio
148 912 328 980 rescribere
344 910 567 995 dignaremur:
585 907 728 987 Quarum
745 909 876 994 quidem
905 909 1085 976 litterarum
1110 913 1206 972 tenor
1290 971 1295 986 ,

84 1018 155 1086 talis
172 1023 240 1085 est:

186 1124 370 1211 Capitulum
387 1125 533 1193 Ecclesie
547 1124 642 1192 Beati
657 1111 788 1193 Martini
805 1125 844 1191 de
860 1125 984 1212 Scepus
1001 1125 1063 1190 stb.
1076 1119 1203 1212 (lebret-

85 1233 178 1300 lreuilr
194 1253 214 1298 a
229 1233 356 1319 szepcsi
384 1233 613 1319 kaptalannals
641 1233 778 1300 lata-ki
802 1230 1097 1318 bizonystglevela
1123 1229 1206 1294 mint

85 1337 776 1428 &mmmmwwwp

186 1447 359 1532 lbolingns
375 1467 451 1514 uero
470 1467 535 1513 una
551 1466 623 1512 cum
639 1447 716 1531 filijs
731 1449 799 1515 suis
816 1445 950 1514 Nicolao
967 1445 1200 1514 etHenselma-

86 1581 121 1625 uo
135 1556 353 1644 personaliter
368 1561 417 1622 cst
433 1554 602 1622 confessus
618 1575 728 1623 coram
744 1556 846 1640 nobis,
873 1554 961 1639 quod
984 1559 1085 1620 totam
1111 1573 1203 1620 snam

87 1665 263 1753 porcionem
279 1663 343 1730 sibi
358 1662 428 1731 iure
444 1661 639 1731 hereditario
654 1664 906 1749 contingentem,
924 1664 958 1730 iu
975 1683 1082 1747 censu,
1099 1663 1132 1728 in
1154 1663 1203 1746 ju·

86 1771 185 1859 dicijs,
201 1772 235 1837 iu
251 1769 454 1856 molendinis,
473 1777 506 1838 et
521 1773 555 1836 in
573 1771 804 1860 brassiatorijs,
822 1771 855 1837 in
872 1771 983 1856 curiis,
1001 1777 1033 1837 et
1048 1771 1082 1836 iu
1107 1769 1205 1854 agris,

87 1897 152 1946 cum
168 1879 318 1947 omnibus
333 1879 401 1947 suia
417 1878 610 1946 utilitatibus
627 1885 659 1944 ct
674 1879 894 1965 pertinencijs‚
910 1877 1111 1945 vendidisset
1136 1875 1210 1944 Got-

86 1988 187 2054 scalco
203 1985 315 2071 sepius
333 1984 429 2071 dieto,
447 1987 510 2053 sibi
528 1994 560 2054 ct
576 1987 643 2054 suis
659 1986 833 2054 heredibus
856 1986 928 2054 iure
954 1993 1111 2072 perpetuo
1138 2004 1212 2072 pos·

87 2092 262 2180 sideudam,
280 2112 338 2178 pro
354 2092 592 2178 quinquaginta
606 2094 734 2162 scilicet
759 2094 877 2162 marcis
903 2094 1023 2160 habitis
1049 2093 1145 2178 plcnc
1170 2093 1212 2158 ab

89 2198 194 2267 eodem
212 2206 244 2266 et
259 2200 432 2284 perceptis.
448 2199 518 2266 Nos
533 2201 645 2284 itaque
661 2198 879 2286 predictorum
896 2199 1060 2268 Gotscalci
1077 2207 1108 2266 ct
1132 2201 1209 2266 For-

90 2306 177 2391 lingi,
195 2307 364 2374 blenbardi
390 2306 431 2374 de
455 2309 564 2376 Monte
590 2308 702 2376 Sancti
728 2307 873 2393 Georgii,
903 2314 934 2375 et
961 2305 1140 2374 Helbrandi
1167 2307 1209 2374 de

88 2414 228 2482 Stoianis
244 2435 342 2501 snper
357 2415 491 2500 eisdem,
509 2417 566 2499 qui
581 2415 677 2484 huius
694 2415 942 2502 composicionis
959 2413 1152 2482 mediatores
1179 2422 1212 2481 et

87 2529 181 2590 testes
197 2524 384 2610 extiterunt,
413 2523 508 2592 iustis
533 2522 751 2610 peticionibus
777 2524 951 2591 salubriter
975 2523 1133 2610 inclinati,
1159 2543 1210 2590 ex-

86 2629 202 2697 hibitas
219 2631 314 2699 nobis
332 2633 456 2700 litteras
472 2633 533 2699 sub
550 2632 625 2700 noui
651 2631 755 2699 nostri
780 2631 881 2717 sigilli
908 2631 1091 2702 testimonio
1119 2629 1211 2696 duxi-

86 2755 152 2803 mus
178 2737 405 2808 resoribendas
433 2741 554 2808 Datum
581 2760 667 2806 anno
694 2739 827 2806 Domini
852 2738 974 2806 ld⁰OO⁰
999 2739 1211 2823 nonagesimo

87 2842 234 2912 secundo.

86 3037 220 3098 (Ercdatic
231 3039 405 3110 bb'rbdrtydn,
420 3043 508 3098 Falla
520 3047 624 3111 sucpcsi
638 3041 719 3096 vairos
733 3039 927 3096 lcvdltdrdban.
942 3044 975 3096 V.
999 3050 1023 3096 ὃ.
1044 3041 1121 3108 Fejtr
1144 3043 1210 3094 (iod.

468 3133 544 3199 Dtpl.
558 3134 591 3185 v.
606 3135 632 3187 u.
647 3136 671 3183 a.
686 3150 706 3187 r.
721 3135 781 3184 aoa.
795 3133 826 3197 1,)

536 3420 752 3431 ...ιι-...ψ-
