3098 5172
826 905 903 972 129.

295 1109 431 1174 Mur-roa
446 1129 542 1174 comcs
559 1104 850 1191 alorazupbiroaak
872 1102 1019 1188 Voyzlow
1036 1102 1189 1187 helycdpet
1205 1101 1358 1187 tdrqyozo'
1373 1101 1421 1166 irt-
1529 1065 1530 1074 ἶ

478 1215 533 1278 lete
544 1236 564 1276 a
583 1213 779 1298 cyrilseipeti
795 1211 1021 1298 apaozazorda
1036 1211 1162 1275 reszere.
1180 1209 1277 1274 1295.

405 1407 472 1475 Nos
489 1407 603 1474 eomes
620 1406 779 1473 Martinus
796 1403 975 1472 Viceiudex
992 1403 1089 1469 Ourie
1115 1401 1236 1471 domiui
1252 1403 1350 1486 Regis
1366 1422 1420 1468 mc·

296 1515 399 1583 morie
431 1513 694 1581 commendantes
725 1512 945 1596 significamus
970 1510 1087 1593 quibus
1113 1509 1246 1594 expedit
1270 1509 1421 1577 uniuersis

299 1623 505 1708 presencium
523 1641 578 1705 per
594 1627 748 1707 tenorem,
766 1618 852 1702 quod
872 1637 945 1684 curn
961 1617 1090 1685 domine
1107 1637 1233 1685 sorores
1250 1616 1292 1683 de
1316 1613 1423 1683 Insula

298 1731 402 1797 Beate
419 1728 562 1812 Virginis
594 1727 634 1793 de
659 1727 753 1792 Buda
778 1725 933 1793 Comitem
965 1725 1125 1792 Jaccbum
1148 1725 1249 1792 lilium
1265 1721 1421 1805 Ambrosij

299 1836 341 1902 de
356 1838 474 1921 Nemty
498 1853 595 1920 super
620 1835 706 1900 lactc
722 1836 950 1920 possessionus
967 1835 1124 1919 Voyzlow
1140 1841 1256 1900 uocate
1272 1833 1308 1898 in
1323 1832 1421 1897 Comi·

300 1951 371 2009 tatu
388 1943 428 2008 de
445 1944 574 2008 Baiana
592 1942 760 2008 existentis
778 1941 953 2008 traxissent
969 1940 1004 2006 in
1029 1959 1164 2007 causam
1189 1960 1298 2007 coram
1324 1939 1423 2022 nobis,

300 2057 333 2116 et
350 2050 422 2133 ipsa
439 2068 538 2115 causa
554 2047 588 2112 iu
602 2049 702 2114 nostri
719 2049 888 2134 presencia
905 2046 1030 2114 diucius
1046 2047 1163 2114 suisset
1178 2047 1348 2129 uentilata,
1375 2044 1424 2108 Ni·

301 2158 392 2222 colao
408 2167 439 2220 et
455 2156 558 2220 Paulo
575 2153 753 2222 Comitibus
771 2155 966 2221 officialibus
982 2157 1130 2238 ipsarum
1149 2154 1351 2221 dominarum
1370 2169 1424 2236 pro

194 2299 198 2306 ·
300 2263 424 2330 eisdem
442 2261 635 2326 dominabus
653 2279 725 2326 cum
752 2261 958 2328 euidentibus
983 2262 1214 2346 procuratoriis
1241 2259 1360 2326 litteris
1387 2257 1424 2322 ab

299 2389 365 2436 vna
381 2376 484 2454 parte,
501 2377 532 2434 et
547 2370 704 2454 Fabyano
718 2369 783 2434 filio
800 2369 887 2434 Petri
905 2369 1037 2436 officiali
1054 2367 1190 2453 predicti
1218 2367 1355 2433 comitis
1372 2369 1424 2430 Ja-

300 2477 371 2543 ccbi
397 2498 469 2542 eum
494 2477 727 2561 procuratorijs
754 2475 872 2542 litteris
899 2475 1041 2561 Capituli
1067 2472 1426 2558 Quinqueecelcsiensis

299 2605 359 2669 pro
377 2584 489 2649 eodem
508 2583 631 2648 domito
647 2582 772 2649 Jacobo
789 2603 829 2648 ex
847 2583 951 2648 altera
968 2583 1229 2668 comparentibus
1254 2580 1428 2666 personali-

303 2697 360 2774 ter,
377 2691 524 2772 vtrisque
550 2693 697 2773 partibus
723 2691 756 2754 in
782 2693 884 2772 figura
908 2690 1016 2774 iudicij
1045 2690 1346 2774 assumpmentibus
1374 2707 1428 2772 per

302 2818 361 2864 nos
377 2797 543 2864 decretum
561 2799 678 2883 furerat,
697 2803 730 2864 vt
746 2795 890 2882 predicte
908 2799 1036 2863 domine
1062 2810 1189 2864 sorores
1215 2799 1429 2862 instrumenta

303 2925 359 2972 seu
375 2905 504 2972 litteras
521 2926 631 2972 coram
647 2904 740 2972 nobis
757 2906 898 2972 debeant
915 2905 1079 2990 exlribcre,
1095 2905 1310 2992 continentes,
1330 2913 1364 2970 vt
1380 2922 1430 2967 ea·

258 3087 263 3094 ι
304 3013 377 3078 dem
394 3013 558 3098 possessio
584 3013 738 3095 Voyzlow
763 3013 805 3080 sit
831 3019 862 3079 et
888 3012 985 3078 luerit
1010 3015 1155 3098 ipsarum
1182 3019 1214 3078 et
1239 3009 1429 3092 Monasterij

302 3121 450 3204 Virginis
468 3119 619 3186 Glorioso
635 3122 677 3186 ab
694 3125 845 3205 antiquo;
865 3127 897 3188 et
913 3139 931 3184 c
947 3140 1105 3186 conuerso
1123 3117 1209 3184 idem
1239 3119 1355 3183 Comes
1381 3117 1432 3184 Ja-

302 3229 401 3294 cobus
429 3228 579 3294 similiter
603 3229 727 3294 litteras
753 3248 810 3294 seu
836 3229 1064 3312 instrumenta,
1093 3245 1283 3311 quecunque
1311 3225 1432 3292 habere

303 3333 490 3421 dinoscitur,
507 3335 655 3400 confecta
672 3355 768 3418 super
784 3355 833 3417 eo,
852 3335 937 3417 quod
955 3335 1028 3418 ipsa
1043 3337 1210 3419 possessio
1227 3333 1332 3418 ipsius
1342 3335 1386 3399 sit
1403 3339 1436 3399 et

300 3437 408 3526 fucrit,
426 3441 576 3508 exhibere
594 3451 750 3508 teneatur.
768 3443 929 3508 Terminis
945 3445 1056 3527 itaque
1072 3443 1247 3510 secundum
1264 3443 1433 3509 continen-

304 3547 388 3614 ciam
404 3550 548 3632 priorum
564 3549 745 3614 litlerarum
758 3558 939 3616 nostrarum
952 3547 1070 3615 exinde
1081 3549 1311 3636 confectarum,
1323 3567 1441 3634 quam·

302 3673 398 3738 quarn
415 3655 573 3722 officiales
590 3655 735 3738 ipsarum
748 3657 953 3723 dominarum
969 3677 1112 3724 scromm
1129 3657 1350 3724 instrumenta
1376 3675 1438 3724 seu

305 3760 433 3829 litteras
449 3760 623 3831 earundem
641 3760 684 3826 ad
700 3763 917 3829 exhibendum
944 3766 1051 3848 parati
1076 3765 1215 3832 fuissent
1239 3785 1298 3848 per
1324 3771 1438 3851 partes

303 3869 503 3955 assumptis;
529 3879 637 3935 tamen
663 3869 750 3936 idem
776 3869 891 3937 (lomes
919 3873 952 3936 in
979 3871 1123 3940 terminis
1149 3871 1288 3939 diuersis
1314 3875 1439 3941 instru-

300 3985 411 4043 menta
428 3995 484 4042 seu
500 3975 626 4042 litteras
643 3995 720 4043 suas
737 3977 770 4040 in
786 3975 873 4042 facto
891 3979 1111 4062 possessionis
1139 3987 1316 4045 memorate
1343 3979 1440 4048 exhi·
1534 3957 1535 3964 ἵ

298 4085 376 4150 bere
391 4103 455 4148 non
470 4083 617 4166 curauit;
633 4103 708 4168 ymo
724 4085 758 4149 in
773 4085 911 4150 termino
929 4085 1042 4153 ultimo
1058 4087 1103 4152 ad
1118 4094 1264 4154 nostram
1295 4106 1439 4171 presen-

300 4190 386 4257 ciam
401 4210 464 4257 non
480 4191 568 4258 uenit
583 4211 688 4276 neque
704 4192 809 4276 misit3
828 4192 984 4260 officiales
1013 4214 1089 4261 vero
1114 4195 1321 4262 dominarum
1345 4213 1440 4262 soro·

301 4317 373 4365 rum
389 4297 609 4384 predictarum
626 4299 843 4366 exhibuerunt
858 4304 1011 4385 patentes
1030 4301 1157 4369 litteras
1169 4301 1444 4373 dominiAndree

300 4405 437 4473 illustris
453 4407 551 4491 Regis
566 4405 711 4492 Vugarie
727 4406 851 4474 domiui
867 4407 969 4475 nostri
985 4429 1084 4493 super
1100 4409 1186 4478 facto
1203 4409 1288 4478 dicte
1304 4429 1446 4496 posses-

301 4512 403 4581 sionis
419 4515 583 4582 conlectas
599 4514 684 4581 hunc
699 4523 842 4583 tenorem
860 4515 1075 4585 continentes.
