3132 5162
584 365 604 430 5

516 454 667 464 --.-.-.-..

130 552 342 640 (Lbedizluus
357 557 397 621 D.
416 577 465 640 gr.
482 557 649 641 Hungurie
666 560 731 626 stb.
751 562 819 626 Rex
852 562 912 628 stb.
942 563 1157 651 (kbvetkezik

32 662 76 727 IV.
102 664 291 732 Lbszlunuk
321 665 457 732 1280-ki
483 664 753 751 adombnyievele
779 667 858 733 mint
873 673 1155 758 gytjtemtnybuk

32 773 80 836 IX.
98 772 219 856 vagyis
237 791 257 836 a
274 769 427 837 musodik
444 769 568 857 folyam
584 772 639 837 IV.
657 772 832 840 kureteben
851 775 925 842 276.
943 776 979 863 l.)

130 879 201 948 Nos
208 879 323 963 itaque
332 878 438 963 ipsius
448 876 583 946 Comitis
593 878 771 964 Myebuelis
781 879 876 948 iustis
887 882 1100 966 peticionibus
1112 887 1155 952 in·

31 989 146 1073 obruti,
156 989 234 1072 quis
243 985 384 1054 uidimus
394 985 484 1072 ipsas
500 993 603 1054 terras
620 987 737 1054 Oomiti
749 989 886 1055 Nieoluo
901 989 992 1056 fratri
1010 992 1155 1060 eiusdem

32 1118 81 1180 pro
94 1105 203 1164 morte
216 1095 403 1162 Sebastiam
419 1093 529 1163 fratris
545 1095 596 1162 sui
610 1098 669 1163 sub
686 1103 792 1163 uestro
808 1097 974 1167 Juuriensi
1003 1099 1152 1170 interem-

32 1207 79 1291 pti,
95 1212 128 1272 et
156 1203 347 1274 uulneribus
364 1203 469 1286 ipsius
494 1201 628 1270 Comitis
653 1205 781 1271 Niuolui
805 1225 879 1274 esse
905 1207 1062 1295 nullatus3
1080 1210 1157 1292 quin

31 1316 124 1383 seium
141 1313 346 1404 inspeximus
363 1314 471 1396 ipsum
487 1311 695 1398 priuilegium
712 1333 777 1379 uon
806 1314 972 1402 abrasum,
990 1337 1055 1382 nun
1079 1337 1154 1384 eeu·

31 1425 185 1507 rellatum,
203 1423 314 1489 neuin
330 1421 443 1505 aliqua
469 1422 519 1487 sui
536 1427 628 1506 purte
652 1421 817 1507 uitiatum,
844 1429 985 1491 tenorem
1011 1423 1154 1491 eiusdem

31 1531 64 1598 de
79 1531 179 1596 uerbo
197 1528 243 1596 ad
259 1531 394 1596 uerbum
410 1530 616 1615 presentibus
640 1528 742 1596 inseri
767 1527 934 1616 iacientes,
961 1532 1154 1599 auctoritate

31 1637 227 1723 presencium
243 1638 480 1722 confirmamus,
498 1637 719 1723 relinquentes
736 1636 827 1724 ipsae
838 1645 926 1706 teras
937 1638 1024 1706 dieto
1037 1637 1154 1706 Gomiti

30 1745 186 1832 Myehaeli
203 1751 236 1812 et
251 1743 330 1830 filijs
345 1744 474 1810 Nieolai
491 1745 627 1829 puuifiue
643 1744 872 1829 possidendas,
893 1745 1034 1832 duplicis
1052 1746 1152 1831 sigilii

32 1853 126 1920 nostri
143 1851 324 1920 munimine
342 1850 537 1919 roborando.
568 1852 690 1918 Datum
720 1873 779 1937 per
809 1871 926 1920 manus
956 1852 1155 1920 venerabilis

32 1962 85 2028 uiri
100 1960 251 2045 Magistri
268 1959 418 2045 Gregorij
445 1957 600 2028 Albensis
632 1961 779 2029 Euelesie
794 1961 910 2050 Eleeti
941 1961 1017 2028 aule
1047 1967 1154 2029 nostre

31 2071 100 2136 Viee
116 2067 319 2152 Cancellarij
338 2065 446 2136 dileeti
463 2075 495 2136 et
511 2069 616 2136 fidelis
643 2069 753 2156 nostri,
772 2089 858 2135 anno
874 2069 1009 2136 Domini
1033 2067 1153 2135 ΜῦΟΟο

30 2177 245 2266 nuuugesimo,
265 2185 359 2246 sextu
385 2177 546 2246 kalendas
572 2177 761 2246 Decembris
786 2179 891 2263 Regni
916 2184 1025 2248 eutem
1051 2176 1152 2246 nostri

29 2307 105 2354 anno
122 2293 252 2355 oetuuo.

30 2485 159 2544 iEredetis
175 2482 484 2553 bbrhtrtprin,at'iiggb
508 2483 602 2552 peeset
628 2481 684 2536 uuir
711 2485 846 2550 leirullutt,
874 2500 890 2535 n
916 2503 1001 2536 nemu.
1029 2502 1153 2537 turtureum

467 2574 708 2629 lieziratitrdbun.i

699 2632 703 2640 A

576 3401 607 3468 4.

24 3601 76 3668 tit.
88 3606 207 3670 Erndre
219 3603 336 3686 biretp
346 3603 503 3667 tendutur
514 3602 611 3665 Buda
622 3605 719 3665 vetros
729 3599 1015 3685 kbzsepebez,bopy
1026 3619 1047 3660 α
1057 3599 1150 3662 udezi

21 3713 45 3776 ἐε
57 3713 157 3778 brudei
174 3709 399 3796 kciptalanok,
415 3733 430 3775 u
446 3732 468 3773 a
483 3709 675 3794 umblsuipetu'
692 3705 991 3792 updezazrtrdduak
1008 3727 1028 3767 u
1047 3703 1151 3767 berlai

23 3821 192 3884 unstrote-a
212 3817 392 3883 vonatkozo'
399 3811 1036 3901 jopostuvunpnifopanatostuassnnat.
1054 3810 1151 3872 1290.

114 4001 154 4064 A.
171 3996 244 4064 Dei
279 3993 392 4078 grueiu
407 3993 477 4060 Rex
493 3989 659 4076 Hungurie
675 3989 825 4058 fidelibus
842 3987 910 4056 suis
926 3985 1087 4054 uniuersis
1106 3984 1149 4048 ui-

23 4107 101 4174 uibus
124 4107 170 4176 de
198 4104 328 4170 Castro
352 4100 496 4170 Budensi
521 4107 552 4166 et
577 4099 618 4167 de
643 4099 744 4167 Pesth
770 4097 907 4164 sulutem
935 4100 967 4162 et
995 4090 1148 4176 grauiam.

23 4211 86 4280 Cum
102 4235 165 4282 nos
182 4211 351 4279 tributum
383 4209 528 4295 Capituli
544 4207 704 4275 Budensis
729 4213 762 4272 et
786 4201 980 4287 Wueiensis,
1005 4219 1044 4266 ue
1060 4215 1149 4266 soro·

22 4341 76 4387 rum
91 4323 132 4390 de
148 4321 276 4390 Insula
309 4317 452 4401 Virginis
469 4315 627 4398 Glorioso,
654 4313 740 4398 quod
757 4321 904 4397 tempore
930 4303 1148 4374 nundinarum

23 4430 91 4498 rues
104 4431 236 4502 testum
257 4425 449 4493 Natiuitatis
467 4423 608 4508 Virginis
634 4422 783 4490 Gloriose
809 4413 1083 4500 celebrandarum,
1108 4411 1150 4478 ei·

1 4525 2 4528 ¹
25 4559 68 4604 uus
82 4540 262 4608 Budeuses
296 4553 362 4598 nun
394 4531 597 4616 dieeuerunt,
615 4536 713 4600 nauta
730 4527 869 4611 quedam
887 4524 1055 4593 oeeasiune
1067 4523 1149 4590 relu-
1230 4523 1233 4532 “

23 4649 86 4729 ruri¹
102 4647 234 4718 eisdem
256 4640 419 4729 Capitulis
444 4647 477 4709 et
493 4639 657 4708 sororibus
685 4635 871 4704 duxerimus
896 4629 1148 4714 restituendum
