3112 5158
675 980 751 1050 109.

133 1185 168 1250 A
183 1185 307 1271 saepest
321 1181 545 1269 ka‘ptalauaalc
561 1176 835 1268 biaohysdqteuele,
852 1183 935 1268 hopy
950 1179 1064 1246 lstcoin
1080 1203 1179 1248 comcs
1201 1182 1275 1246 'Rea

129 1292 202 1356 tere
218 1291 438 1372 comesnekflo
454 1287 617 1375 Gaoynyt
632 1296 712 1352 aem't
727 1285 869 1352 birtoko't
887 1287 995 1352 studea
1012 1286 1135 1372 Stoyan
1151 1287 1276 1354 Mittor

567 1397 735 1462 comesset.
754 1397 850 1460 1294.

244 1594 316 1660 'Nos
327 1590 512 1677 Capitulum
530 1591 676 1658 Ecclesie
687 1589 778 1654 Beati
790 1589 921 1656 Martini
932 1590 965 1654 in
976 1591 1098 1675 Scepus
1115 1591 1271 1658 memorie

132 1697 408 1765 commendantes
424 1698 645 1783 significamus
661 1697 821 1764 uniuersis
840 1695 959 1779 quibus
984 1697 1119 1780 expedit
1141 1717 1278 1782 presen-

131 1807 224 1872 cium
240 1825 300 1890 per
314 1810 477 1871 tenorem:
495 1802 582 1889 quod
599 1800 715 1869 Comes
731 1801 914 1886 Stephanus
930 1803 1018 1871 tilius
1046 1803 1181 1871 comitis
1206 1803 1274 1872 Ru·

141 1914 220 1980 berti
237 1933 304 1980 vna
320 1932 393 1978 cum
408 1913 476 1978 filio
492 1933 551 1980 suo
568 1911 740 1997 Tyburoio,
762 1929 903 1977 necnon
919 1931 991 1977 curn
1008 1915 1180 1995 generibus
1206 1914 1274 1981 suis

133 2019 296 2086 videlicet
310 2018 499 2086 Hermanno
517 2025 549 2085 et
562 2019 732 2103 Radiziao,
750 2025 870 2083 etcum
890 2017 1014 2085 Oomite
1028 2020 1214 2086 Helbrando
1240 2021 1274 2086 in

133 2132 253 2192 nostra
269 2125 443 2211 presencia
460 2131 550 2208 parte
568 2146 608 2192 ex
634 2147 700 2191 uns
725 2132 957 2209 comparentes,
982 2145 1043 2192 nec
1067 2147 1133 2194 non
1158 2128 1272 2195 eomes

141 2233 297 2300 Nicotaus
314 2232 477 2318 Stoyanus
495 2239 588 2317 parte
614 2254 654 2298 ex
679 2233 783 2298 altera
809 2233 1018 2317 constitutus;
1046 2234 1132 2300 idem
1158 2233 1274 2302 Comes

141 2339 333 2428 Stephanus
346 2340 434 2408 tilius
451 2339 584 2407 Comitis
601 2341 734 2406 Ruberti
752 2359 823 2404 cum
839 2340 905 2407 filio
921 2361 979 2407 suo
995 2343 1156 2426 Tyhoroio
1183 2349 1276 2409 ante.

133 2449 238 2530 dicto,
256 2453 376 2514 etcum
394 2449 525 2530 generis
541 2446 608 2514 suis
626 2448 812 2513 Hermanno
829 2455 860 2514 et
876 2447 1033 2514 Radiziao
1049 2446 1223 2518 antedictis
1239 2451 1275 2518 in

134 2563 256 2623 ,nostra
272 2556 442 2638 presencia
458 2561 535 2621 sunt
551 2555 710 2622 confessi:
728 2552 813 2638 quod
829 2561 931 2622 totam
947 2556 1161 2624 hereditatem
1187 2557 1271 2642 ipso-

134 2683 214 2728 ·rum
234 2663 398 2746 Gnaynge
414 2668 565 2728 uocatam
581 2663 642 2729 sub
667 2660 794 2748 Lapidc
819 2662 936 2730 Comiti
962 2663 1101 2730 Nicolao
1127 2665 1272 2750 Stoyano

141 2790 200 2854 pro
217 2772 394 2854 sexaginta
404 2762 522 2834 marcis
539 2771 664 2852 argenti
680 2769 917 2848 uendidissent,
935 2790 1007 2835 cum
1025 2771 1114 2836 omni
1125 2769 1273 2836 libertate

141 2897 182 2943 ao
197 2877 339 2943 utilitate
355 2884 387 2944 et
403 2877 506 2962 metis,
524 2877 609 2943 siout
622 2878 657 2942 in
675 2877 847 2960 priuilegio
863 2878 963 2960 Regis
980 2877 1061 2943 Belo
1077 2877 1273 2963 continetur,

128 2983 203 3050 sibi
219 2988 252 3048 et
267 2983 336 3049 suis
351 2981 526 3048 heredibus
542 2980 762 3066 heredumque
775 2999 905 3049 suorum
933 2975 1176 3048 successoribus
1202 3001 1271 3065 per-

140 3097 239 3176 petuo
255 3111 295 3156 ao
312 3089 421 3173 quiete
436 3087 679 3174 possidendam.
697 3088 809 3154 Eoiam
822 3087 937 3153 Comes
947 3086 1152 3153 Hclhrandus
1164 3107 1272 3154 coram

142 3199 235 3265 nobis
257 3198 336 3265 viua
368 3215 447 3262 uoce
472 3193 664 3260 affirmauit:
690 3195 776 3277 quod
802 3199 950 3277 quartam
975 3201 1102 3276 partem
1128 3195 1274 3261 eiusdem

142 3301 339 3371 hereditauit
355 3297 443 3387 (igy)
461 3299 597 3364 mutauit
623 3320 644 3365 a
669 3298 825 3365 Radiuiao
851 3298 1021 3383 sepedicto
1048 3319 1106 3384 pro
1132 3299 1273 3383 quodam

142 3429 274 3476 nemore
299 3406 445 3473 Lizmiza
461 3397 660 3491 nuncupato,
678 3427 740 3490 que
757 3406 861 3473 eidem
876 3405 1032 3473 Radizlao
1050 3413 1198 3491 exparte
1214 3427 1274 3476 sue

133 3516 253 3583 ‘vxoris
270 3514 418 3599 cedebat,
435 3512 550 3578 Comiti
565 3511 701 3580 Nicoiao
718 3513 862 3598 Stoyano
878 3534 937 3598 pro
954 3514 1071 3598 uiginti
1086 3515 1205 3582 marcis
1222 3535 1274 3582 ar-

137 3625 231 3707 -geuti
248 3619 450 3688 uendidisset
466 3638 536 3685 oum
550 3619 671 3688 titteris
688 3619 848 3706 Capituli,¹
859 3640 939 3706 quas
955 3619 1070 3689 Oomes
1087 3621 1273 3708 Stephanus

142 3729 330 3797 antedictus
348 3727 453 3794 eidem
470 3725 628 3794 Radialao
655 3735 757 3795 etsue
782 3729 874 3795 uxori
899 3749 997 3815 super
1021 3731 1156 3798 eandem
1182 3731 1276 3798 here-

140 3839 279 3904 ditatem
310 3835 459 3918 erogauit
489 3853 561 3900 cum
593 3837 679 3901 omni
709 3835 857 3902 libertate
873 3857 911 3903 ac
931 3837 1081 3924 utilitate,
1097 3839 1180 3905 siout
1205 3841 1275 3925 pri·

139 3945 299 4028 nilegium
314 3941 414 4027 Regis
430 3941 509 4008 Bele
525 3943 670 4010 continet
687 3950 719 4008 et
735 3945 896 4027 exprimit,
914 3945 977 4010 sihi
994 3965 1033 4011 ac
1054 3949 1121 4013 suis
1148 3949 1274 4020 heredi·

133 4053 204 4131 hus
220 4049 440 4134 heredumque
466 4067 597 4117 suorum
608 4051 847 4120 successoribus
863 4059 1018 4141 perpetue
1033 4058 1275 4139 possidendam·

138 4159 235 4238 Quod
251 4159 356 4244 pluris
373 4164 431 4241 est,
447 4177 527 4225 vxor
542 4159 646 4243 ipsius
660 4159 823 4245 Radizlay
839 4162 873 4226 in
889 4171 1001 4230 nostra
1019 4167 1124 4231 astitit
1142 4185 1268 4250 pressu.

139 4269 204 4351 cia,
221 4275 253 4332 et
270 4265 469 4350 empcionem
485 4265 570 4332 inter
586 4267 756 4333 Nicolaum
772 4267 952 4352 Stoyanum
968 4277 1001 4336 et
1017 4269 1174 4337 Comitem
1190 4272 1267 4338 Hel·

133 4371 301 4440 'brandnm
317 4373 396 4438 uiua
407 4391 487 4438 uoce
503 4379 733 4441 concesserunt
749 4393 814 4439 vna
824 4395 896 4441 oum
912 4384 1006 4461 patre
1023 4379 1127 4464 ipsius
1137 4377 1276 4472 Gemite,

136 4481 318 4566 Stephano,
334 4499 475 4547 necnon
491 4499 612 4564 genero
628 4481 771 4550 eiusdem
788 4480 948 4568 Stephani
962 4506 970 4569 ;
987 4490 1021 4552 et
1037 4505 1148 4556 omnes
1173 4485 1276 4554 vicini
1373 4513 1377 4524 ·

140 4586 293 4686 eiusdem·
306 4585 505 4670 hereditatis,
532 4585 683 4660 videlieet
702 4589 817 4656 Comes
841 4589 1007 4690 Nyooleus
1024 4591 1111 4660 filius
1137 4583 1275 4662 Mathis»
