3170 5166
713 423 716 429 .
802 333 962 432 aa„

319 533 338 600 J
342 531 477 599 ohannis
494 538 526 597 et
543 532 639 612 Beex,
656 548 694 594 ae
712 529 841 595 domine
857 531 971 595 matris
988 529 1161 596 eorundem
1173 528 1288 598 fuisset
1299 533 1447 618 legitime

317 641 538 710 intromissus:
566 645 673 705 tamen
690 639 769 720 quia
800 638 940 704 Karalus
972 635 1073 702 frater
1104 639 1246 704 Rolandi
1278 640 1446 725 quondam

320 749 472 836 Episcopi
488 748 665 815 Bonnensis
687 749 794 832 ipsum
820 748 1012 831 Magistrum
1045 746 1151 812 Zoard
1182 749 1399 830 personaliter
1416 749 1450 814 in

320 859 425 926 nostri
449 857 619 942 presencia
635 855 803 920 inuentum
820 855 995 941 prohibuit,
1010 854 1148 920 eandem
1165 875 1239 922 esee
1255 876 1348 924 snam
1364 875 1451 924 asse·

320 965 430 1050 rende,
446 963 582 1032 eundem
608 964 796 1047 Magistrum
811 961 920 1028 Zoard
940 961 974 1026 in
1006 961 1247 1048 possessionem
1277 965 1450 1031 eorundem

321 1075 458 1142 filiorum
475 1073 609 1140 Comitis
627 1072 756 1137 Andree
771 1077 802 1135 et
818 1071 948 1136 domiue
973 1071 1087 1135 matris
1103 1068 1251 1154 ipsorum
1267 1069 1384 1158 Boyna
1400 1091 1453 1138 vo-

322 1190 395 1251 cate
411 1183 444 1247 in
464 1182 578 1248 eodem
595 1180 760 1246 Comitatu
778 1179 948 1245 existentis
965 1177 1026 1244 rite
1038 1179 1285 1246 transmisimus.
1305 1177 1369 1256 Qui
1384 1179 1452 1261 qni-

323 1290 395 1356 dem
411 1289 577 1369 Minnione,
594 1285 750 1369 Andreas,
766 1283 933 1351 lohannes
951 1289 983 1350 et
999 1285 1089 1350 Beex
1098 1335 1108 1371 ,
1135 1305 1174 1352 ao
1200 1285 1332 1352 domina
1349 1293 1453 1354 mater

322 1401 475 1484 ipsorum,
493 1414 552 1480 per
568 1394 742 1460 eitaciones
760 1394 928 1459 continuas
946 1397 977 1457 et
991 1394 1249 1462 introdueciones
1264 1397 1298 1462 in
1314 1394 1451 1460 eandem

323 1503 559 1594 possessionem
576 1504 690 1586 Boyna
707 1502 817 1587 semel,
833 1501 884 1566 bis
909 1506 941 1564 et
957 1501 1057 1566 tercio
1082 1501 1228 1584 legitime
1245 1501 1358 1587 factas,
1376 1521 1449 1587 pro·

324 1613 525 1682 clemacione
556 1609 658 1676 eciam
676 1608 709 1672 in
741 1609 811 1674 foro
837 1607 1071 1694 strigoniensi,
1105 1608 1144 1673 de
1160 1609 1336 1676 Komarum
1362 1607 1454 1676 etde

322 1724 429 1790 Thala
445 1719 488 1785 ad
504 1718 658 1785 maiorem
676 1723 708 1783 et
724 1715 929 1782 huberiorem
945 1715 1039 1782 huius
1054 1715 1182 1802 negocij
1202 1717 1364 1783 cautelam
1375 1715 1455 1803 pub-

326 1832 386 1896 lice
403 1830 500 1913 facta,
515 1826 577 1892 iuri
593 1844 708 1910 parere
724 1829 755 1889 et
771 1824 878 1890 eidem
903 1823 1059 1906 Magistro
1078 1825 1184 1890 Zoard
1200 1823 1391 1893 satisfacere
1417 1824 1452 1891 in

323 1937 491 2025 premissis
522 1955 587 2001 non
605 1937 778 2018 curarunt,
811 1950 886 2015 ymo
918 1937 1085 2016 assumpto
1117 1930 1307 1998 rebellionis
1323 1931 1452 2020 spiritu,

319 2050 406 2134 jura,
422 2046 512 2127 leges
538 2050 571 2108 et
587 2041 693 2124 Regni
719 2037 970 2106 consuetudines
1000 2059 1066 2105 non
1091 2039 1293 2106 attendentes
1308 2061 1390 2107 ausu
1406 2046 1455 2108 te·

323 2152 463 2219 meraris
489 2166 731 2234 presumpmere
763 2166 828 2212 non
855 2149 1043 2222 cessarunt;
1079 2152 1173 2228 prout
1198 2145 1259 2212 bec
1284 2147 1393 2214 omnia
1419 2149 1454 2216 in

324 2261 435 2328 multis
467 2264 499 2325 et
515 2255 654 2324 diuersis
681 2254 895 2338 judicialibus
921 2253 1039 2320 litteris
1071 2254 1190 2320 nostris
1218 2262 1250 2321 et
1268 2257 1454 2324 Conuentus

325 2366 562 2436 Grueiferorum
596 2363 707 2429 Sancti
732 2362 832 2444 Regis
849 2361 1019 2446 Stephany
1048 2380 1106 2444 per
1137 2361 1244 2446 ipsum
1260 2364 1453 2448 Magistrum

326 2475 431 2544 Zoard
448 2471 601 2538 exhibitis
617 2470 758 2536 vidimus
772 2470 898 2556 plenius
915 2469 1094 2554 contineri,
1128 2475 1182 2554 qni
1207 2471 1332 2539 seilicet
1347 2473 1453 2560 Nyeo-

326 2589 406 2672 laus,
421 2580 587 2664 Andreas,
612 2579 780 2647 Johannes
798 2585 830 2645 et
846 2579 935 2646 Boex
944 2631 954 2665 ,
987 2599 1026 2644 ao
1042 2577 1175 2646 domina
1190 2586 1294 2649 mater
1307 2583 1453 2670 ipsorum

326 2713 385 2778 per
409 2685 595 2756 huiusmodi
611 2687 806 2771 multiplices
826 2687 1064 2771 compulsiones
1091 2693 1125 2752 et
1149 2687 1397 2759 admoniciones
1412 2693 1453 2759 le·

326 2800 456 2884 gitimas
472 2795 515 2862 ad
530 2795 666 2877 Regiam
682 2793 886 2859 Presenciam
905 2800 1126 2879 seunostram,
1143 2800 1238 2878 prout
1254 2796 1453 2884 Vicejudicis

327 2907 422 2975 curie
439 2925 497 2972 sue
512 2903 634 2990 venire,
651 2909 685 2968 ut
701 2903 891 2987 premissum
901 2907 960 2987 est,
976 2901 1209 2969 contumaciter
1224 2905 1451 2989 neglexerunt.

325 3017 393 3083 Nos
411 3014 495 3081 enim
510 3011 634 3076 nemini
665 3009 698 3075 in
715 3030 774 3076 suo
794 3009 870 3093 jure
896 3009 1008 3078 deesse
1026 3013 1167 3077 volentes
1177 3061 1186 3097 ,
1218 3013 1363 3080 maxime
1379 3035 1453 3083 oum

326 3126 489 3195 crescente
506 3118 710 3184 contumacia
733 3136 879 3184 creseere
895 3115 1014 3184 debeat
1031 3123 1064 3184 et
1080 3139 1186 3205 pena;
1211 3125 1245 3186 ct
1262 3139 1343 3204 qnos
1360 3125 1455 3190 timor

324 3233 387 3297 Dei
404 3228 525 3296 amalo
541 3247 607 3292 non
623 3231 765 3310 reuocat,
784 3245 840 3292 cos
856 3224 966 3292 saltim
978 3225 1130 3293 cohibeat
1144 3246 1229 3313 pena
1245 3231 1454 3317 temporalis;

324 3338 490 3426 predictos
506 3335 590 3402 filios
608 3333 741 3401 Comitis
758 3333 898 3419 Andree,
910 3337 941 3399 et
958 3335 1120 3402 dominam
1137 3342 1275 3403 matrem
1292 3358 1404 3406 eorum
1420 3342 1454 3406 in

325 3445 472 3513 omnibus
489 3441 654 3526 premissis
671 3447 704 3508 et
720 3442 858 3526 singulis
874 3444 1106 3528 premissorum
1131 3447 1245 3512 contra
1261 3445 1368 3530 ipsum
1383 3449 1455 3514 Ma·

298 3543 302 3546 ’
325 3555 459 3638 gistrum
484 3547 590 3615 Zoard
617 3549 860 3617 sentencialiter
884 3551 1085 3619 decredimus
1101 3550 1172 3618 iore
1201 3553 1387 3639 conuictos,
1422 3561 1455 3623 et

323 3660 504 3749 predictam
520 3659 758 3743 possessionem
782 3659 900 3745 Boyua
918 3665 1069 3726 vocatam
1093 3679 1152 3744 pro
1176 3659 1455 3748 vigintiquinque

325 3767 455 3851 mareis,
472 3769 550 3832 item
560 3765 697 3830 alteram
708 3766 947 3850 possessionem
967 3787 1076 3834 corum
1086 3769 1236 3853 Wygoon
1252 3771 1454 3839 nominatam

325 3897 384 3962 pro
400 3872 535 3957 triginta
549 3875 668 3939 marcis
685 3875 790 3939 minus
808 3874 934 3941 duabus
950 3875 1118 3943 estimatae
1143 3876 1176 3940 in
1195 3875 1357 3945 Comitatu
1374 3879 1453 3946 Stri-

325 3984 474 4070 goniensi
489 3981 675 4068 existentes,
693 4001 765 4048 cum
781 3983 973 4052 utilitatibus
983 3991 1015 4051 et
1030 3985 1244 4071 pertinencijs
1260 3987 1452 4074 earundem,

325 4093 383 4160 sub
400 4089 542 4156 metiret
559 4090 705 4156 terminis
729 4090 872 4174 antiquis
899 4092 1089 4177 reliquimus
1106 4099 1138 4158 et
1153 4093 1327 4161 statuimus
1344 4103 1455 4161 aneto·

324 4201 422 4265 ritate
433 4195 610 4282 judiciaria
627 4198 733 4264 eidem
749 4199 906 4284 Magistro
921 4200 1028 4267 Zoard
1050 4198 1268 4284 possidendas
1284 4207 1318 4268 et
1333 4201 1455 4268 haben·

325 4305 404 4393 das3
421 4307 634 4373 commetanei
651 4306 753 4373 eciam
767 4307 940 4375 earundem
957 4329 1014 4394 per
1028 4309 1323 4376 bominemdomini
1339 4311 1453 4398 Regis,

324 4421 473 4500 presente
489 4414 673 4481 testimonio
706 4415 866 4482 dictorum
883 4415 1119 4485 Oruciierorum
1151 4417 1343 4501 interrogati
1370 4416 1455 4484 redi-

324 4542 412 4588 mere
429 4521 625 4608 noluissent,
641 4529 735 4609 prout
758 4524 792 4590 in
817 4523 935 4592 litteris
952 4525 1127 4594 eorundem
1145 4525 1381 4593 cruciferorum
1398 4525 1456 4592 do-

325 4627 412 4696 mino
440 4629 523 4712 Regi
550 4632 750 4700 transmissis
781 4633 922 4702 vidimus
947 4635 1115 4702 contineri.
1147 4633 1254 4721 Igitur
1277 4641 1345 4700 mm
1371 4633 1456 4724 ipsis
