3112 5158
781 208 940 309 Q

407 405 474 470 Nos
490 406 598 487 itaque
615 401 827 468 consideratis
842 400 1051 468 fidelitatibus
1068 407 1099 465 et
1124 399 1334 465 scruioiornm
1360 419 1422 464 me·

298 510 367 576 ritis
384 511 481 595 Myke
499 510 554 592 filij
580 508 717 594 Radnnr,
747 509 911 575 Benedicti
937 509 992 594 filij
1020 507 1167 592 Modaclr,
1194 505 1336 592 Phylipy
1363 507 1421 589 lilij

296 617 428 703 Rhome,
446 617 597 702 Nyoolay
615 615 672 700 filij
690 617 842 698 Wolkan,
860 623 892 682 et
907 619 1012 700 Byton
1023 615 1082 700 filij
1095 615 1218 700 Tobye‚
1234 635 1274 680 ae
1287 613 1423 679 fratrum

299 725 481 811 eorundem,
499 744 561 806 que
576 724 670 790 nobis
686 745 706 790 a
722 731 865 810 ternpore
893 723 1116 789 coronacionis
1142 729 1253 788 nostre
1280 722 1312 787 in
1337 722 1423 787 omni

299 831 506 917 expedicione
537 831 641 913 Regni
667 832 770 898 nostri
795 853 860 898 non
886 830 1048 917 parcendo
1074 829 1170 896 rebus
1195 829 1338 914 ipsorum
1364 849 1423 896 nec

297 938 442 1024 personis
467 937 606 1003 fideliter
637 938 853 1022 inpenderunt
886 945 919 1003 et
945 936 1125 1020 indefesso,
1151 937 1257 1022 ipsam
1284 937 1422 1022 particu-

298 1047 362 1110 lam
381 1051 464 1111 terre
482 1047 573 1111 iuxta
591 1046 769 1131 predictum
784 1046 917 1111 fluuium
933 1044 1104 1110 Hebnrehe
1121 1046 1325 1126 existentem,
1349 1064 1420 1109 eum

295 1152 444 1218 omnibus
461 1152 655 1220 utilitatibus
672 1155 739 1220 suis
755 1160 788 1219 et
803 1153 1023 1240 pertinenoijs,
1039 1153 1102 1239 ipsi
1128 1153 1229 1238 llylre
1254 1159 1286 1217 et
1314 1151 1420 1218 fratri·

297 1259 357 1324 bus
373 1259 441 1324 suis
473 1259 626 1344 predictis
653 1260 841 1344 reliquimus
868 1267 1024 1345 perpetuo
1041 1259 1232 1344 et,paoifice
1258 1261 1422 1344 possiden·

297 1367 391 1450 dam;
409 1366 503 1433 dictis
520 1367 708 1434 custodibus
726 1367 883 1434 siluarum
893 1375 1074 1434 nostrarum
1093 1367 1133 1431 de
1150 1367 1276 1433 Barium
1288 1367 1424 1432 ulterius

296 1493 392 1560 super
407 1477 479 1559 ipsa
495 1478 582 1538 terra
597 1481 787 1560 perpetuum
798 1475 968 1542 silencium
979 1474 1164 1560 inponendo
1178 1497 1185 1556 ς
1204 1481 1309 1540 metas
1319 1473 1421 1539 eciam

296 1580 533 1663 predicteterre
550 1580 690 1665 ipsorum
707 1581 902 1648 hereditarie
928 1583 1011 1647 inter
1036 1582 1150 1647 llnuios
1177 1582 1365 1648 Waranista
1391 1578 1424 1646 et

297 1688 444 1754 Lococlru
471 1695 604 1755 uocatos
622 1687 803 1754 adiacentis
820 1689 861 1754 de
881 1689 1082 1772 benignitate
1100 1689 1203 1771 Regia
1230 1687 1323 1754 iuxta
1350 1709 1423 1752 con-

296 1795 498 1860 suetudinem
516 1794 619 1877 Regni
637 1796 738 1860 nostri
755 1797 906 1862 innouari
923 1797 1084 1862 faciendo.
1104 1799 1139 1862 ln
1166 1797 1258 1861 cuius
1285 1797 1333 1860 rei
1358 1814 1420 1860 me-

296 1904 429 1968 moriam
448 1910 702 1988 perpetuamque
718 1903 899 1969 firmitatem
919 1911 1085 1988 presentes
1102 1903 1323 1970 concessimus
1340 1903 1422 1968 litte-

296 2030 349 2074 ras
366 2009 528 2094 dupplicis
545 2011 644 2092 sigilli
654 2011 756 2076 nostri
774 2011 1137 2078 muniminerolroratas.
1149 2014 1271 2077 Datum
1288 2030 1347 2096 per
1359 2030 1421 2075 ma-

292 2136 353 2182 nus
370 2115 495 2181 discreti
513 2117 573 2182 viri
590 2117 737 2200 Magistri
754 2117 915 2184 Theodori
942 2119 1095 2184 Alliensis
1121 2118 1268 2184 Ecclesia
1294 2118 1414 2202 Propo-

294 2221 347 2288 siti
360 2224 433 2288 rrule
460 2231 568 2288 nostre
584 2224 871 2308 vice-Cancellarij
892 2224 1001 2290 dilecti
1018 2232 1050 2290 et
1067 2225 1171 2291 fidelis
1199 2223 1311 2308 nostri,
1337 2245 1420 2290 anno

297 2329 428 2394 Dornini
444 2328 564 2394 ΜῠΟΟο
580 2332 788 2414 nonagesimo
805 2333 903 2398 terrio
920 2331 973 2396 VI.
992 2331 1154 2399 kalendas
1171 2334 1292 2419 Aprilis
1320 2331 1423 2414 Regni

298 2444 405 2501 rentem
423 2439 523 2504 nostri
539 2458 624 2503 anno
641 2440 748 2504 tercio.

295 2651 429 2713 tliredotio
444 2651 618 2718 biirlnirtyr'tn,
633 2654 749 2718 melyrdl
763 2669 780 2703 a
793 2652 884 2718 penset
895 2653 1022 2704 titreddlro
1033 2651 1299 2719 srirgn-ibolyasainti
1310 2655 1420 2718 selpern-

295 2743 420 2793 zsindron
436 2741 504 2808 sltgg
516 2763 523 2806 ς
537 2741 649 2794 ditalanr
665 2741 836 2795 rrrdsoltatott
848 2759 864 2793 a
878 2745 929 2794 lrir.
945 2745 1022 2793 knria
1047 2740 1237 2797 lorvtlttrdnan
1255 2745 1331 2793 lant.
1357 2759 1422 2792 mar-

756 2837 809 2884 tius
817 2833 850 2884 hd
865 2831 951 2899 Rari.)

837 3661 891 3735 id.

298 3853 364 3922 Ill.
385 3859 494 3924 Endre
510 3861 618 3946 leirdly
638 3862 830 3930 Okelichnai
846 3866 1003 3949 Paterculo,
1023 3862 1203 3932 Odermona
1221 3875 1300 3932 rreor't
1326 3867 1418 3932 dir-to

300 3967 402 4030 irrideo
433 3977 546 4031 tartott
572 3970 818 4053 drrtdrp'drdadoz
843 3974 959 4057 tepeat,
992 3975 1081 4037 orroi
1099 3978 1134 4060 nj
1161 3974 1424 4060 (adorati-rupleveiet

773 4081 825 4146 dd.
852 4079 949 4144 1293.

408 4268 555 4338 Andreas
571 4273 631 4338 Dei
647 4275 760 4356 gracia
771 4276 947 4360 Hungario,
960 4279 1142 4364 Dalmaoie‚
1158 4278 1304 4366 Croaoie,
1316 4257 1424 4364 Rama

301 4377 422 4465 Serrrie,
440 4377 590 4464 Gallicis,
607 4381 805 4468 Lodomerie,
823 4385 1011 4451 Communia
1028 4385 1247 4470 Bulgarieque
1264 4390 1334 4454 Rex
1360 4407 1419 4452 onr-

301 4484 396 4550 oinos
412 4483 531 4552 Christi
548 4486 694 4554 fidelibus
712 4499 876 4576 presentes
895 4493 1018 4560 litteras
1036 4497 1231 4580 inspecturis
1241 4495 1377 4562 salutern
1389 4495 1419 4558 in
