3120 5172
787 285 948 386 —340—

303 483 461 570 Dionesis,
476 482 578 569 ipsas,
594 479 766 562 quominus
790 480 965 564 uectigalia
980 485 1012 546 et
1027 479 1149 546 tributa
1162 479 1205 546 de
1220 479 1318 546 rebus
1334 500 1426 547 uena·

302 589 397 671 libus,
414 588 534 672 quode
550 586 638 653 dieta
662 587 745 655 villa
760 585 804 652 ad
820 585 1210 672 quascunquejnundinas
1236 585 1425 675 deferuntur,

302 700 401 781 prout
415 695 499 780 ipsis
515 715 555 761 ex
572 695 782 762 concessione
799 695 887 761 clare
902 693 1056 762 memorie
1071 695 1152 761 Bele
1166 694 1266 778 Regis
1282 694 1422 778 Vngarie

302 803 401 887 sacta,
417 802 463 868 eis
481 801 521 868 de
536 799 722 866 huiusmodi
738 800 951 885 uectigalibus
962 806 995 866 et
1010 801 1149 887 tributis,
1167 808 1243 868 tunc
1253 801 1297 867 ad
1307 803 1422 884 Regem

303 907 441 975 eundem
465 906 699 994 spectantibus,
728 909 885 994 competit
909 909 1084 993 percipere,
1110 914 1143 973 et
1166 909 1300 993 exigere
1329 906 1425 972 libere

303 1015 448 1102 ualeant,
465 1019 578 1106 contra
592 1013 749 1081 iustitiam
776 1015 933 1099 impedire
958 1021 1160 1101 presumunt,
1193 1013 1353 1094 Quocirca
1383 1015 1425 1082 di·

303 1123 458 1189 seretioni
474 1128 531 1188 tue
545 1143 606 1209 per
622 1123 810 1209 Apostolica
826 1125 949 1210 scripta
964 1124 1168 1211 mandamus,
1187 1132 1347 1208 quatenus
1358 1145 1425 1211 pcr-

302 1229 389 1295 tibus
410 1229 597 1296 conuocatis
614 1229 731 1297 audias
748 1249 891 1314 causam,
917 1237 950 1297 et
974 1231 1198 1316 appellatione
1224 1239 1348 1299 remota
1374 1231 1424 1296 de·

302 1335 370 1400 bito
386 1334 450 1400 line
465 1335 609 1422 decidas,
628 1335 755 1402 iaciens
772 1337 857 1420 quod
876 1337 1056 1405 decreueris
1071 1357 1129 1423 per
1145 1359 1315 1406 censuram
1330 1338 1425 1406 ecclc-

302 1441 470 1508 siasticam
485 1444 620 1510 firmiter
635 1443 803 1510 obseruari
816 1467 824 1528 ;
839 1443 983 1532 prouiso,
1000 1464 1043 1510 ne
1058 1445 1094 1509 in
1110 1445 1291 1531 predictam
1302 1447 1426 1514 vniuen

302 1547 432 1614 sitatem
449 1548 791 1617 excommunicationis
807 1549 859 1616 uel
876 1551 1042 1617 interdicti
1059 1553 1255 1619 sententiam
1271 1553 1425 1640 proferas,

301 1653 367 1720 nisi
381 1673 479 1739 super
494 1654 557 1720 hoc
573 1675 594 1719 a
608 1656 701 1722 nobis
727 1657 918 1723 mandatum
944 1658 1108 1742 receperis
1134 1658 1288 1744 speciale.
1314 1660 1426 1728 Testes

300 1767 410 1827 autem
426 1761 482 1844 qui
496 1761 618 1827 fuerint
634 1763 811 1848 nominati,
827 1763 855 1828 si
871 1781 907 1828 se
917 1765 1035 1849 gratia,
1052 1765 1126 1831 odio
1143 1765 1196 1830 uel
1213 1765 1328 1832 timore
1355 1768 1423 1832 sub·

302 1868 470 1955 traxerint,
486 1887 625 1935 censura
640 1869 739 1936 simili
755 1871 981 1955 appellatione
997 1879 1146 1940 cessante
1171 1872 1350 1957 compellas
1376 1892 1425 1938 ne-

303 1973 394 2039 ritati
410 1973 630 2040 testimonium
646 1975 825 2060 perhibere.
842 1977 963 2044 Datum
980 1979 1137 2044 Laterani
1153 1978 1190 2042 V.
1207 1978 1280 2046 idus
1292 1981 1426 2046 Decem-

301 2079 379 2160 bris,
396 2080 608 2148 Pontilicatus
623 2081 727 2148 nostri
743 2104 830 2149 anno
848 2083 972 2166 quinto.

300 2273 441 2338 (Eredetie
454 2253 634 2342 bdrhdrtydn,
653 2279 766 2344 melyrb'l
777 2295 794 2328 a
806 2277 879 2346 pdpe
894 2279 1097 2346 dlompecsdtje,
1119 2285 1251 2348 egysnerll
1278 2283 1428 2336 kendernsi·

492 2365 576 2418 ndron
590 2367 676 2433 itlgg3
692 2384 709 2418 a
721 2370 804 2420 budai
823 2371 876 2424 kir.
890 2371 1014 2422 kamarai
1028 2369 1237 2439 levdltdrdban.)

763 2651 971 2664 .-·-..-—-.

841 3075 916 3142 220.

300 3269 436 3334 Reiced
451 3269 556 3334 reddor
581 3271 653 3334 olore
669 3293 692 3333 o
716 3269 896 3355 Buakfo'lde
923 3273 955 3338 de
981 3273 1143 3357 Koritydo
1168 3273 1253 3338 k'c'zti
1279 3274 1431 3341 datums-

644 3377 711 3441 nak
727 3379 965 3462 szatttpoatsa.
981 3378 1080 3442 1299.

407 3569 601 3637 Constitucio
617 3582 772 3638 arctorum
788 3573 874 3638 ieter
890 3575 1076 3640 Bwskaelolt
1090 3583 1117 3638 ot
1135 3572 1336 3640 Cicerithr'cc.

405 3674 512 3740 Primo
528 3675 643 3760 incipit
658 3697 760 3762 prope
776 3679 945 3760 quandam
960 3679 1091 3768 vallem,
1118 3701 1182 3765 que
1208 3679 1293 3746 inter
1319 3689 1425 3750 terras

296 3779 456 3866 Nyaragh
472 3787 504 3846 et
520 3782 634 3850 Ormos
651 3784 834 3867 predictam
850 3787 1021 3853 descendit
1036 3807 1148 3854 versus
1166 3788 1344 3872 meridiem,
1373 3791 1429 3857 vbi

296 3887 373 3971 ipsa
388 3887 484 3954 vallis
499 3888 606 3972 iungit
630 3891 752 3959 vallem
777 3891 937 3961 modicam
965 3893 1169 3962 Korithweld
1193 3902 1353 3980 vocatam,
1382 3895 1429 3963 ibi

296 4013 320 4058 a
335 3999 430 4077 parte
445 3995 594 4062 orientali
611 4003 685 4063 sunt
714 4003 801 4064 mete
831 4006 910 4086 tres,
942 4019 1005 4084 quc
1030 4009 1186 4087 separant
1211 4003 1296 4070 inter
1322 4011 1431 4072 terras

297 4099 468 4188 Nyaragh,
486 4103 605 4172 Ormus
621 4105 832 4172 etKorithian
843 4105 1007 4192 predictas
1020 4109 1116 4193 ;inde
1126 4109 1292 4193 egreditur
1312 4129 1433 4179 versus

295 4205 466 4274 meridiem
482 4228 538 4296 per
554 4209 692 4276 eandem
709 4213 829 4278 vallem
861 4213 1129 4299 Thwissesveulg
1154 4224 1303 4285 vocatam
1319 4217 1434 4302 iungit

294 4312 431 4380 arbores
448 4317 531 4400 piry,
549 4324 582 4384 et
598 4319 871 4402 pertransseundo
902 4321 992 4407 ipsas
1020 4328 1069 4390 est
1094 4329 1183 4390 meta
1206 4331 1333 4408 terrea;
1349 4325 1432 4394 inde

296 4417 404 4484 eundo
454 4420 576 4490 directe
616 4443 675 4508 per
711 4424 846 4492 fluuium
885 4427 1015 4496 Pothok
1054 4433 1226 4520 vocatum,
1267 4433 1321 4516 qui
1373 4434 1434 4502 flu·

295 4521 372 4588 nius
396 4524 430 4590 in
460 4526 536 4612 ipsa
567 4531 656 4598 valle
687 4537 830 4617 tempore
869 4551 993 4616 aquoso
1034 4535 1144 4623 currit,
1191 4545 1225 4604 et
1265 4537 1352 4606 cadit
1396 4540 1435 4606 in
