<?xml version="1.0" encoding="UTF-8"?>
<!DOCTYPE html PUBLIC "-//W3C//DTD XHTML 1.0 Transitional//EN"
    "http://www.w3.org/TR/xhtml1/DTD/xhtml1-transitional.dtd">
<html xmlns="http://www.w3.org/1999/xhtml" xml:lang="en" lang="en">
 <head>
  <title>
</title>
<meta http-equiv="Content-Type" content="text/html;charset=utf-8" />
  <meta name='ocr-system' content='tesseract 3.04.00' />
  <meta name='ocr-capabilities' content='ocr_page ocr_carea ocr_par ocr_line ocrx_word'/>
</head>
<body>
  <div class='ocr_page' id='page_1' title='image "./codexdiplomatic19wenzgoog_0144.png"; bbox 0 0 3112 5158; ppageno 0'>
   <div class='ocr_carea' id='block_1_1' title="bbox 823 352 982 452">
    <p class='ocr_par' dir='ltr' id='par_1_1' title="bbox 823 352 982 452">
     <span class='ocr_line' id='line_1_1' title="bbox 823 352 982 452; baseline 0 -34"><span class='ocrx_word' id='word_1_1' title='bbox 823 352 982 452; x_wconf 51' lang='lat' dir='ltr'>Q</span> 
     </span>
    </p>
   </div>
   <div class='ocr_carea' id='block_1_2' title="bbox 333 545 1550 1712">
    <p class='ocr_par' dir='ltr' id='par_1_2' title="bbox 333 545 1550 1712">
     <span class='ocr_line' id='line_1_2' title="bbox 337 545 1448 633; baseline 0 -23"><span class='ocrx_word' id='word_1_2' title='bbox 337 565 427 612; x_wconf 84' lang='lat' dir='ltr'><strong>rum:</strong></span> <span class='ocrx_word' id='word_1_3' title='bbox 458 549 603 633; x_wconf 79' lang='lat' dir='ltr'><strong>exeeptis</strong></span> <span class='ocrx_word' id='word_1_4' title='bbox 633 547 729 614; x_wconf 86' lang='lat' dir='ltr'><strong>rebna</strong></span> <span class='ocrx_word' id='word_1_5' title='bbox 744 555 776 615; x_wconf 88' lang='lat' dir='ltr'><strong>et</strong></span> <span class='ocrx_word' id='word_1_6' title='bbox 801 547 1055 615; x_wconf 83' lang='lat' dir='ltr'><strong>mereaoiouibua</strong></span> <span class='ocrx_word' id='word_1_7' title='bbox 1069 545 1309 630; x_wconf 76' lang='lat' dir='ltr'><strong>ultramarinis,</strong></span> <span class='ocrx_word' id='word_1_8' title='bbox 1340 545 1448 629; x_wconf 80' lang='lat' dir='ltr'><strong>quatri</strong></span> 
     </span>
     <span class='ocr_line' id='line_1_3' title="bbox 337 653 1449 742; baseline -0.001 -24"><span class='ocrx_word' id='word_1_9' title='bbox 337 653 534 722; x_wconf 79' lang='lat' dir='ltr'><strong>Anuonitani</strong></span> <span class='ocrx_word' id='word_1_10' title='bbox 566 656 835 742; x_wconf 80' lang='lat' dir='ltr'><strong>portauerintsou</strong></span> <span class='ocrx_word' id='word_1_11' title='bbox 861 656 983 742; x_wconf 88' lang='lat' dir='ltr'><strong>portari</strong></span> <span class='ocrx_word' id='word_1_12' title='bbox 1009 656 1143 722; x_wconf 82' lang='lat' dir='ltr'><strong>feeerint</strong></span> <span class='ocrx_word' id='word_1_13' title='bbox 1167 655 1255 739; x_wconf 91' lang='lat' dir='ltr'><strong>apud</strong></span> <span class='ocrx_word' id='word_1_14' title='bbox 1286 655 1449 737; x_wconf 82' lang='lat' dir='ltr'><strong>Raguuium</strong></span> 
     </span>
     <span class='ocr_line' id='line_1_4' title="bbox 336 761 1450 849; baseline -0.001 -21"><span class='ocrx_word' id='word_1_15' title='bbox 336 769 466 848; x_wconf 86' lang='lat' dir='ltr'><strong>propter</strong></span> <span class='ocrx_word' id='word_1_16' title='bbox 495 764 721 830; x_wconf 78' lang='lat' dir='ltr'><strong>necessitatem</strong></span> <span class='ocrx_word' id='word_1_17' title='bbox 753 762 915 849; x_wconf 81' lang='lat' dir='ltr'><strong>temporis,</strong></span> <span class='ocrx_word' id='word_1_18' title='bbox 932 763 983 828; x_wconf 91' lang='lat' dir='ltr'><strong>vel</strong></span> <span class='ocrx_word' id='word_1_19' title='bbox 1014 763 1100 848; x_wconf 91' lang='lat' dir='ltr'><strong>quod</strong></span> <span class='ocrx_word' id='word_1_20' title='bbox 1132 761 1225 829; x_wconf 81' lang='lat' dir='ltr'><strong>nauis</strong></span> <span class='ocrx_word' id='word_1_21' title='bbox 1249 767 1376 848; x_wconf 77' lang='lat' dir='ltr'><strong>aunam]</strong></span> <span class='ocrx_word' id='word_1_22' title='bbox 1404 763 1450 827; x_wconf 92' lang='lat' dir='ltr'><strong>irn-</strong></span> 
     </span>
     <span class='ocr_line' id='line_1_5' title="bbox 338 870 1450 958; baseline -0.002 -24"><span class='ocrx_word' id='word_1_23' title='bbox 338 870 489 954; x_wconf 75' lang='lat' dir='ltr'><strong>mitteret,</strong></span> <span class='ocrx_word' id='word_1_24' title='bbox 521 871 572 938; x_wconf 89' lang='lat' dir='ltr'><strong>rel</strong></span> <span class='ocrx_word' id='word_1_25' title='bbox 604 879 735 956; x_wconf 85' lang='lat' dir='ltr'><strong>propter</strong></span> <span class='ocrx_word' id='word_1_26' title='bbox 751 871 896 936; x_wconf 90' lang='lat' dir='ltr'><strong>timorem</strong></span> <span class='ocrx_word' id='word_1_27' title='bbox 913 872 1148 953; x_wconf 70' lang='lat' dir='ltr'><strong>curiatiorum,</strong></span> <span class='ocrx_word' id='word_1_28' title='bbox 1173 872 1226 936; x_wconf 87' lang='lat' dir='ltr'><strong>vol</strong></span> <span class='ocrx_word' id='word_1_29' title='bbox 1250 879 1380 958; x_wconf 86' lang='lat' dir='ltr'><strong>propter</strong></span> <span class='ocrx_word' id='word_1_30' title='bbox 1403 871 1450 938; x_wconf 86' lang='lat' dir='ltr'><strong>oli.</strong></span> 
     </span>
     <span class='ocr_line' id='line_1_6' title="bbox 335 977 1547 1063; baseline 0 -17"><span class='ocrx_word' id='word_1_31' title='bbox 335 1000 431 1062; x_wconf 88' lang='lat' dir='ltr'><strong>quam</strong></span> <span class='ocrx_word' id='word_1_32' title='bbox 458 979 558 1045; x_wconf 86' lang='lat' dir='ltr'><strong>aliam</strong></span> <span class='ocrx_word' id='word_1_33' title='bbox 584 979 821 1063; x_wconf 62' lang='lat' dir='ltr'><strong>necessitatem</strong></span> <span class='ocrx_word' id='word_1_34' title='bbox 838 978 925 1062; x_wconf 89' lang='lat' dir='ltr'><strong>quod</strong></span> <span class='ocrx_word' id='word_1_35' title='bbox 950 979 1047 1045; x_wconf 89' lang='lat' dir='ltr'><strong>lieeat</strong></span> <span class='ocrx_word' id='word_1_36' title='bbox 1070 977 1165 1045; x_wconf 82' lang='lat' dir='ltr'><strong>dietis</strong></span> <span class='ocrx_word' id='word_1_37' title='bbox 1189 979 1398 1048; x_wconf 78' lang='lat' dir='ltr'><strong>Anconitaniu</strong></span> <span class='ocrx_word' id='word_1_38' title='bbox 1412 981 1450 1046; x_wconf 89' lang='lat' dir='ltr'><strong>di·</strong></span> <span class='ocrx_word' id='word_1_39' title='bbox 1546 995 1547 998; x_wconf 73' lang='grc'>’</span> 
     </span>
     <span class='ocr_line' id='line_1_7' title="bbox 336 1085 1448 1172; baseline 0.001 -18"><span class='ocrx_word' id='word_1_40' title='bbox 336 1095 407 1154; x_wconf 83' lang='lat' dir='ltr'><strong>otas</strong></span> <span class='ocrx_word' id='word_1_41' title='bbox 422 1107 474 1154; x_wconf 88' lang='lat' dir='ltr'><strong>res</strong></span> <span class='ocrx_word' id='word_1_42' title='bbox 504 1088 688 1154; x_wconf 84' lang='lat' dir='ltr'><strong>disuaruare</strong></span> <span class='ocrx_word' id='word_1_43' title='bbox 720 1095 751 1154; x_wconf 88' lang='lat' dir='ltr'><strong>et</strong></span> <span class='ocrx_word' id='word_1_44' title='bbox 767 1107 915 1172; x_wconf 88' lang='lat' dir='ltr'><strong>euroare,</strong></span> <span class='ocrx_word' id='word_1_45' title='bbox 932 1095 964 1152; x_wconf 90' lang='lat' dir='ltr'><strong>et</strong></span> <span class='ocrx_word' id='word_1_46' title='bbox 994 1085 1072 1154; x_wconf 90' lang='lat' dir='ltr'><strong>inde</strong></span> <span class='ocrx_word' id='word_1_47' title='bbox 1088 1087 1193 1154; x_wconf 85' lang='lat' dir='ltr'><strong>redire</strong></span> <span class='ocrx_word' id='word_1_48' title='bbox 1219 1089 1321 1155; x_wconf 88' lang='lat' dir='ltr'><strong>libere</strong></span> <span class='ocrx_word' id='word_1_49' title='bbox 1345 1098 1377 1154; x_wconf 91' lang='lat' dir='ltr'><strong>et</strong></span> <span class='ocrx_word' id='word_1_50' title='bbox 1403 1091 1448 1155; x_wconf 85' lang='lat' dir='ltr'><strong>ab·</strong></span> 
     </span>
     <span class='ocr_line' id='line_1_8' title="bbox 337 1193 1448 1278; baseline 0 -17"><span class='ocrx_word' id='word_1_51' title='bbox 337 1197 440 1262; x_wconf 86' lang='lat' dir='ltr'><strong>solute</strong></span> <span class='ocrx_word' id='word_1_52' title='bbox 470 1196 542 1262; x_wconf 80' lang='lat' dir='ltr'><strong>aine</strong></span> <span class='ocrx_word' id='word_1_53' title='bbox 574 1197 686 1278; x_wconf 89' lang='lat' dir='ltr'><strong>aliqua</strong></span> <span class='ocrx_word' id='word_1_54' title='bbox 720 1196 825 1262; x_wconf 83' lang='lat' dir='ltr'><strong>duola.</strong></span> <span class='ocrx_word' id='word_1_55' title='bbox 866 1195 923 1261; x_wconf 85' lang='lat' dir='ltr'><strong>Sin</strong></span> <span class='ocrx_word' id='word_1_56' title='bbox 952 1201 1059 1261; x_wconf 87' lang='lat' dir='ltr'><strong>autem</strong></span> <span class='ocrx_word' id='word_1_57' title='bbox 1085 1195 1279 1262; x_wconf 87' lang='lat' dir='ltr'><strong>Aneonitani</strong></span> <span class='ocrx_word' id='word_1_58' title='bbox 1313 1193 1448 1262; x_wconf 87' lang='lat' dir='ltr'><strong>vendide-</strong></span> 
     </span>
     <span class='ocr_line' id='line_1_9' title="bbox 334 1301 1448 1390; baseline 0.002 -24"><span class='ocrx_word' id='word_1_59' title='bbox 334 1301 398 1366; x_wconf 88' lang='lat' dir='ltr'><strong>rint</strong></span> <span class='ocrx_word' id='word_1_60' title='bbox 413 1302 454 1368; x_wconf 88' lang='lat' dir='ltr'><strong>de</strong></span> <span class='ocrx_word' id='word_1_61' title='bbox 465 1302 561 1370; x_wconf 83' lang='lat' dir='ltr'><strong>diutia</strong></span> <span class='ocrx_word' id='word_1_62' title='bbox 578 1305 674 1372; x_wconf 82' lang='lat' dir='ltr'><strong>rebus</strong></span> <span class='ocrx_word' id='word_1_63' title='bbox 690 1309 721 1370; x_wconf 89' lang='lat' dir='ltr'><strong>et</strong></span> <span class='ocrx_word' id='word_1_64' title='bbox 737 1302 994 1370; x_wconf 81' lang='lat' dir='ltr'><strong>meroaoionibua</strong></span> <span class='ocrx_word' id='word_1_65' title='bbox 1011 1302 1239 1386; x_wconf 83' lang='lat' dir='ltr'><strong>ultramarinis,</strong></span> <span class='ocrx_word' id='word_1_66' title='bbox 1255 1303 1340 1386; x_wconf 87' lang='lat' dir='ltr'><strong>quod</strong></span> <span class='ocrx_word' id='word_1_67' title='bbox 1352 1305 1392 1368; x_wconf 86' lang='lat' dir='ltr'><strong>ab</strong></span> <span class='ocrx_word' id='word_1_68' title='bbox 1407 1303 1448 1390; x_wconf 83' lang='lat' dir='ltr'><strong>iio,</strong></span> 
     </span>
     <span class='ocr_line' id='line_1_10' title="bbox 338 1409 1448 1495; baseline -0.001 -18"><span class='ocrx_word' id='word_1_69' title='bbox 338 1429 421 1492; x_wconf 84' lang='lat' dir='ltr'><strong>quau</strong></span> <span class='ocrx_word' id='word_1_70' title='bbox 452 1409 657 1477; x_wconf 82' lang='lat' dir='ltr'><strong>vendiderint</strong></span> <span class='ocrx_word' id='word_1_71' title='bbox 680 1410 825 1495; x_wconf 73' lang='lat' dir='ltr'><strong>Rugum,</strong></span> <span class='ocrx_word' id='word_1_72' title='bbox 840 1411 970 1477; x_wconf 79' lang='lat' dir='ltr'><strong>uoluunt</strong></span> <span class='ocrx_word' id='word_1_73' title='bbox 989 1410 1133 1492; x_wconf 85' lang='lat' dir='ltr'><strong>quintum</strong></span> <span class='ocrx_word' id='word_1_74' title='bbox 1150 1411 1272 1478; x_wconf 83' lang='lat' dir='ltr'><strong>valoris</strong></span> <span class='ocrx_word' id='word_1_75' title='bbox 1302 1411 1448 1478; x_wconf 89' lang='lat' dir='ltr'><strong>diotamm</strong></span> 
     </span>
     <span class='ocr_line' id='line_1_11' title="bbox 333 1503 1550 1605; baseline -0.001 -22"><span class='ocrx_word' id='word_1_76' title='bbox 333 1519 586 1586; x_wconf 86' lang='lat' dir='ltr'><strong>mereanoiarum</strong></span> <span class='ocrx_word' id='word_1_77' title='bbox 603 1517 807 1587; x_wconf 87' lang='lat' dir='ltr'><strong>venditarum</strong></span> <span class='ocrx_word' id='word_1_78' title='bbox 838 1519 974 1603; x_wconf 83' lang='lat' dir='ltr'><strong>Ragusij</strong></span> <span class='ocrx_word' id='word_1_79' title='bbox 1009 1519 1177 1585; x_wconf 82' lang='lat' dir='ltr'><strong>Communi</strong></span> <span class='ocrx_word' id='word_1_80' title='bbox 1201 1520 1348 1605; x_wconf 83' lang='lat' dir='ltr'><strong>Raguoij.</strong></span> <span class='ocrx_word' id='word_1_81' title='bbox 1379 1517 1449 1584; x_wconf 90' lang='lat' dir='ltr'><strong>Item</strong></span> <span class='ocrx_word' id='word_1_82' title='bbox 1549 1503 1550 1544; x_wconf 59' lang='lat'>³</span> 
     </span>
     <span class='ocr_line' id='line_1_12' title="bbox 333 1614 1450 1712; baseline -0.003 -18"><span class='ocrx_word' id='word_1_83' title='bbox 333 1627 420 1709; x_wconf 86' lang='lat' dir='ltr'><strong>quod</strong></span> <span class='ocrx_word' id='word_1_84' title='bbox 437 1627 642 1712; x_wconf 83' lang='lat' dir='ltr'><strong>Anconitani,</strong></span> <span class='ocrx_word' id='word_1_85' title='bbox 659 1627 713 1710; x_wconf 90' lang='lat' dir='ltr'><strong>qui</strong></span> <span class='ocrx_word' id='word_1_86' title='bbox 723 1647 795 1692; x_wconf 91' lang='lat' dir='ltr'><strong>eum</strong></span> <span class='ocrx_word' id='word_1_87' title='bbox 806 1614 921 1693; x_wconf 61' lang='lat' dir='ltr'><strong>&#39;eornm</strong></span> <span class='ocrx_word' id='word_1_88' title='bbox 938 1626 1076 1692; x_wconf 83' lang='lat' dir='ltr'><strong>nauibus</strong></span> <span class='ocrx_word' id='word_1_89' title='bbox 1086 1634 1117 1692; x_wconf 89' lang='lat' dir='ltr'><strong>et</strong></span> <span class='ocrx_word' id='word_1_90' title='bbox 1133 1626 1232 1711; x_wconf 83' lang='lat' dir='ltr'><strong>lignis</strong></span> <span class='ocrx_word' id='word_1_91' title='bbox 1246 1627 1450 1712; x_wconf 77' lang='lat' dir='ltr'><strong>applicuerint</strong></span> 
     </span>
    </p>
   </div>
   <div class='ocr_carea' id='block_1_3' title="bbox 333 1733 1551 1820">
    <p class='ocr_par' dir='ltr' id='par_1_3' title="bbox 333 1733 1551 1820">
     <span class='ocr_line' id='line_1_13' title="bbox 333 1733 1551 1820; baseline -0.001 -20"><span class='ocrx_word' id='word_1_92' title='bbox 333 1754 389 1802; x_wconf 84' lang='lat' dir='ltr'><strong>seu</strong></span> <span class='ocrx_word' id='word_1_93' title='bbox 400 1733 517 1800; x_wconf 87' lang='lat' dir='ltr'><strong>inerint</strong></span> <span class='ocrx_word' id='word_1_94' title='bbox 526 1735 703 1819; x_wconf 82' lang='lat' dir='ltr'><strong>Ragonium</strong></span> <span class='ocrx_word' id='word_1_95' title='bbox 714 1743 746 1800; x_wconf 86' lang='lat' dir='ltr'><strong>et</strong></span> <span class='ocrx_word' id='word_1_96' title='bbox 755 1737 826 1802; x_wconf 83' lang='lat' dir='ltr'><strong>eius</strong></span> <span class='ocrx_word' id='word_1_97' title='bbox 836 1735 1039 1820; x_wconf 83' lang='lat' dir='ltr'><strong>Distriotum,</strong></span> <span class='ocrx_word' id='word_1_98' title='bbox 1050 1734 1093 1801; x_wconf 89' lang='lat' dir='ltr'><strong>ad</strong></span> <span class='ocrx_word' id='word_1_99' title='bbox 1103 1735 1318 1802; x_wconf 85' lang='lat' dir='ltr'><strong>arboratienm</strong></span> <span class='ocrx_word' id='word_1_100' title='bbox 1328 1733 1451 1820; x_wconf 88' lang='lat' dir='ltr'><strong>aliquod</strong></span> <span class='ocrx_word' id='word_1_101' title='bbox 1550 1787 1551 1808; x_wconf 72' lang='lat'><strong>,</strong></span> 
     </span>
    </p>
   </div>
   <div class='ocr_carea' id='block_1_4' title="bbox 335 1842 1450 1928">
    <p class='ocr_par' dir='ltr' id='par_1_4' title="bbox 335 1842 1450 1928">
     <span class='ocr_line' id='line_1_14' title="bbox 335 1842 1450 1928; baseline 0 -20"><span class='ocrx_word' id='word_1_102' title='bbox 335 1843 527 1909; x_wconf 77' lang='lat' dir='ltr'><strong>soluendum</strong></span> <span class='ocrx_word' id='word_1_103' title='bbox 543 1843 743 1910; x_wconf 92' lang='lat' dir='ltr'><strong>nullomodo</strong></span> <span class='ocrx_word' id='word_1_104' title='bbox 770 1849 950 1910; x_wconf 84' lang='lat' dir='ltr'><strong>teneantur.</strong></span> <span class='ocrx_word' id='word_1_105' title='bbox 976 1843 1057 1908; x_wconf 89' lang='lat' dir='ltr'><strong>Item</strong></span> <span class='ocrx_word' id='word_1_106' title='bbox 1084 1842 1170 1926; x_wconf 92' lang='lat' dir='ltr'><strong>quod</strong></span> <span class='ocrx_word' id='word_1_107' title='bbox 1195 1844 1223 1910; x_wconf 81' lang='lat' dir='ltr'><strong>oi</strong></span> <span class='ocrx_word' id='word_1_108' title='bbox 1248 1845 1450 1928; x_wconf 82' lang='lat' dir='ltr'><strong>eontingeret,</strong></span> 
     </span>
    </p>
   </div>
   <div class='ocr_carea' id='block_1_5' title="bbox 333 1949 1551 2038">
    <p class='ocr_par' dir='ltr' id='par_1_5' title="bbox 333 1949 1551 2038">
     <span class='ocr_line' id='line_1_15' title="bbox 333 1949 1551 2038; baseline 0.001 -21"><span class='ocrx_word' id='word_1_109' title='bbox 333 1950 419 2034; x_wconf 88' lang='lat' dir='ltr'><strong>quod</strong></span> <span class='ocrx_word' id='word_1_110' title='bbox 434 1951 631 2018; x_wconf 82' lang='lat' dir='ltr'><strong>Anconitani</strong></span> <span class='ocrx_word' id='word_1_111' title='bbox 647 1959 775 2038; x_wconf 89' lang='lat' dir='ltr'><strong>portent</strong></span> <span class='ocrx_word' id='word_1_112' title='bbox 800 1971 856 2018; x_wconf 82' lang='lat' dir='ltr'><strong>eeu</strong></span> <span class='ocrx_word' id='word_1_113' title='bbox 872 1949 1141 2038; x_wconf 73' lang='lat' dir='ltr'><strong>portari,faoient</strong></span> <span class='ocrx_word' id='word_1_114' title='bbox 1166 1951 1254 2036; x_wconf 88' lang='lat' dir='ltr'><strong>apud</strong></span> <span class='ocrx_word' id='word_1_115' title='bbox 1280 1953 1450 2037; x_wconf 81' lang='lat' dir='ltr'><strong>Rugusinm</strong></span> <span class='ocrx_word' id='word_1_116' title='bbox 1550 1949 1551 1956; x_wconf 73' lang='grc'>’</span> 
     </span>
    </p>
   </div>
   <div class='ocr_carea' id='block_1_6' title="bbox 259 2059 1455 3636">
    <p class='ocr_par' dir='ltr' id='par_1_6' title="bbox 259 2059 1455 3636">
     <span class='ocr_line' id='line_1_16' title="bbox 331 2059 1449 2146; baseline 0.003 -22"><span class='ocrx_word' id='word_1_117' title='bbox 331 2061 383 2124; x_wconf 88' lang='lat' dir='ltr'><strong>vel</strong></span> <span class='ocrx_word' id='word_1_118' title='bbox 400 2079 492 2126; x_wconf 82' lang='lat' dir='ltr'><strong>suum</strong></span> <span class='ocrx_word' id='word_1_119' title='bbox 508 2059 696 2127; x_wconf 84' lang='lat' dir='ltr'><strong>Distriotum</strong></span> <span class='ocrx_word' id='word_1_120' title='bbox 713 2061 824 2127; x_wconf 86' lang='lat' dir='ltr'><strong>vinum</strong></span> <span class='ocrx_word' id='word_1_121' title='bbox 839 2059 891 2126; x_wconf 89' lang='lat' dir='ltr'><strong>vel</strong></span> <span class='ocrx_word' id='word_1_122' title='bbox 907 2059 1019 2144; x_wconf 82' lang='lat' dir='ltr'><strong>salem,</strong></span> <span class='ocrx_word' id='word_1_123' title='bbox 1036 2059 1121 2143; x_wconf 85' lang='lat' dir='ltr'><strong>quod</strong></span> <span class='ocrx_word' id='word_1_124' title='bbox 1138 2059 1235 2126; x_wconf 86' lang='lat' dir='ltr'><strong>lieeat</strong></span> <span class='ocrx_word' id='word_1_125' title='bbox 1250 2061 1330 2146; x_wconf 81' lang='lat' dir='ltr'><strong>ipsis</strong></span> <span class='ocrx_word' id='word_1_126' title='bbox 1356 2063 1449 2127; x_wconf 70' lang='lat' dir='ltr'><strong>tneo·</strong></span> 
     </span>
     <span class='ocr_line' id='line_1_17' title="bbox 259 2165 1450 2252; baseline 0.002 -21"><span class='ocrx_word' id='word_1_127' title='bbox 259 2245 261 2252; x_wconf 18' lang='grc' dir='ltr'><strong><em>Α</em></strong></span> <span class='ocrx_word' id='word_1_128' title='bbox 332 2165 452 2233; x_wconf 76' lang='lat' dir='ltr'><strong>uitauit</strong></span> <span class='ocrx_word' id='word_1_129' title='bbox 467 2167 539 2232; x_wconf 85' lang='lat' dir='ltr'><strong>uine</strong></span> <span class='ocrx_word' id='word_1_130' title='bbox 554 2168 661 2252; x_wconf 90' lang='lat' dir='ltr'><strong>aliquo</strong></span> <span class='ocrx_word' id='word_1_131' title='bbox 677 2169 772 2235; x_wconf 88' lang='lat' dir='ltr'><strong>daoio</strong></span> <span class='ocrx_word' id='word_1_132' title='bbox 788 2176 820 2234; x_wconf 90' lang='lat' dir='ltr'><strong>et</strong></span> <span class='ocrx_word' id='word_1_133' title='bbox 836 2189 921 2252; x_wconf 89' lang='lat' dir='ltr'><strong>pena</strong></span> <span class='ocrx_word' id='word_1_134' title='bbox 934 2169 1056 2234; x_wconf 89' lang='lat' dir='ltr'><strong>dietum</strong></span> <span class='ocrx_word' id='word_1_135' title='bbox 1082 2168 1183 2235; x_wconf 82' lang='lat' dir='ltr'><strong>salem</strong></span> <span class='ocrx_word' id='word_1_136' title='bbox 1210 2179 1243 2234; x_wconf 86' lang='lat' dir='ltr'><strong>et</strong></span> <span class='ocrx_word' id='word_1_137' title='bbox 1269 2170 1377 2235; x_wconf 90' lang='lat' dir='ltr'><strong>vinum</strong></span> <span class='ocrx_word' id='word_1_138' title='bbox 1403 2190 1450 2234; x_wconf 86' lang='lat' dir='ltr'><strong>er·</strong></span> 
     </span>
     <span class='ocr_line' id='line_1_18' title="bbox 332 2273 1452 2360; baseline 0.003 -23"><span class='ocrx_word' id='word_1_139' title='bbox 332 2273 461 2338; x_wconf 85' lang='lat' dir='ltr'><strong>trahere</strong></span> <span class='ocrx_word' id='word_1_140' title='bbox 476 2281 571 2340; x_wconf 86' lang='lat' dir='ltr'><strong>extra</strong></span> <span class='ocrx_word' id='word_1_141' title='bbox 586 2275 765 2358; x_wconf 81' lang='lat' dir='ltr'><strong>Ragonium</strong></span> <span class='ocrx_word' id='word_1_142' title='bbox 783 2284 815 2341; x_wconf 87' lang='lat' dir='ltr'><strong>et</strong></span> <span class='ocrx_word' id='word_1_143' title='bbox 832 2275 1019 2342; x_wconf 81' lang='lat' dir='ltr'><strong>Distrietum</strong></span> <span class='ocrx_word' id='word_1_144' title='bbox 1038 2275 1108 2342; x_wconf 81' lang='lat' dir='ltr'><strong>eius</strong></span> <span class='ocrx_word' id='word_1_145' title='bbox 1133 2277 1204 2342; x_wconf 86' lang='lat' dir='ltr'><strong>sino</strong></span> <span class='ocrx_word' id='word_1_146' title='bbox 1230 2276 1342 2360; x_wconf 87' lang='lat' dir='ltr'><strong>aliquo</strong></span> <span class='ocrx_word' id='word_1_147' title='bbox 1367 2273 1452 2343; x_wconf 76' lang='lat' dir='ltr'><strong>(lario</strong></span> 
     </span>
     <span class='ocr_line' id='line_1_19' title="bbox 332 2381 1453 2468; baseline 0.001 -22"><span class='ocrx_word' id='word_1_148' title='bbox 332 2387 364 2446; x_wconf 89' lang='lat' dir='ltr'><strong>et</strong></span> <span class='ocrx_word' id='word_1_149' title='bbox 381 2400 466 2464; x_wconf 89' lang='lat' dir='ltr'><strong>pena</strong></span> <span class='ocrx_word' id='word_1_150' title='bbox 482 2381 588 2465; x_wconf 85' lang='lat' dir='ltr'><strong>dieta;</strong></span> <span class='ocrx_word' id='word_1_151' title='bbox 607 2389 715 2448; x_wconf 85' lang='lat' dir='ltr'><strong>tamen</strong></span> <span class='ocrx_word' id='word_1_152' title='bbox 733 2383 854 2448; x_wconf 89' lang='lat' dir='ltr'><strong>dietum</strong></span> <span class='ocrx_word' id='word_1_153' title='bbox 872 2384 975 2450; x_wconf 84' lang='lat' dir='ltr'><strong>salem</strong></span> <span class='ocrx_word' id='word_1_154' title='bbox 992 2390 1023 2450; x_wconf 86' lang='lat' dir='ltr'><strong>et</strong></span> <span class='ocrx_word' id='word_1_155' title='bbox 1038 2383 1147 2454; x_wconf 91' lang='lat' dir='ltr'><strong>riuum</strong></span> <span class='ocrx_word' id='word_1_156' title='bbox 1165 2403 1226 2449; x_wconf 92' lang='lat' dir='ltr'><strong>nou</strong></span> <span class='ocrx_word' id='word_1_157' title='bbox 1244 2383 1453 2468; x_wconf 84' lang='lat' dir='ltr'><strong>disearehent,</strong></span> 
     </span>
     <span class='ocr_line' id='line_1_20' title="bbox 332 2489 1452 2576; baseline 0.004 -24"><span class='ocrx_word' id='word_1_158' title='bbox 332 2507 393 2552; x_wconf 89' lang='lat' dir='ltr'><strong>neo</strong></span> <span class='ocrx_word' id='word_1_159' title='bbox 408 2489 563 2576; x_wconf 86' lang='lat' dir='ltr'><strong>vendant,</strong></span> <span class='ocrx_word' id='word_1_160' title='bbox 580 2509 640 2554; x_wconf 92' lang='lat' dir='ltr'><strong>nee</strong></span> <span class='ocrx_word' id='word_1_161' title='bbox 656 2489 777 2556; x_wconf 89' lang='lat' dir='ltr'><strong>donent</strong></span> <span class='ocrx_word' id='word_1_162' title='bbox 792 2489 927 2574; x_wconf 83' lang='lat' dir='ltr'><strong>Rugusii</strong></span> <span class='ocrx_word' id='word_1_163' title='bbox 943 2491 1077 2574; x_wconf 79' lang='lat' dir='ltr'><strong>eiusque</strong></span> <span class='ocrx_word' id='word_1_164' title='bbox 1095 2491 1260 2559; x_wconf 82' lang='lat' dir='ltr'><strong>Distriutu.</strong></span> <span class='ocrx_word' id='word_1_165' title='bbox 1277 2493 1360 2558; x_wconf 90' lang='lat' dir='ltr'><strong>Item</strong></span> <span class='ocrx_word' id='word_1_166' title='bbox 1372 2491 1452 2576; x_wconf 87' lang='lat' dir='ltr'><strong>quod</strong></span> 
     </span>
     <span class='ocr_line' id='line_1_21' title="bbox 331 2595 1450 2684; baseline 0.005 -24"><span class='ocrx_word' id='word_1_167' title='bbox 331 2595 359 2660; x_wconf 83' lang='lat' dir='ltr'><strong>si</strong></span> <span class='ocrx_word' id='word_1_168' title='bbox 376 2595 534 2678; x_wconf 83' lang='lat' dir='ltr'><strong>Rugusini</strong></span> <span class='ocrx_word' id='word_1_169' title='bbox 549 2597 659 2679; x_wconf 86' lang='lat' dir='ltr'><strong>aliquo</strong></span> <span class='ocrx_word' id='word_1_170' title='bbox 675 2605 817 2682; x_wconf 89' lang='lat' dir='ltr'><strong>tempore</strong></span> <span class='ocrx_word' id='word_1_171' title='bbox 827 2598 1023 2681; x_wconf 85' lang='lat' dir='ltr'><strong>generaliter</strong></span> <span class='ocrx_word' id='word_1_172' title='bbox 1046 2599 1253 2684; x_wconf 75' lang='lat' dir='ltr'><strong>prohiberent</strong></span> <span class='ocrx_word' id='word_1_173' title='bbox 1263 2601 1315 2666; x_wconf 88' lang='lat' dir='ltr'><strong>vel</strong></span> <span class='ocrx_word' id='word_1_174' title='bbox 1328 2602 1450 2668; x_wconf 87' lang='lat' dir='ltr'><strong>ordina-</strong></span> 
     </span>
     <span class='ocr_line' id='line_1_22' title="bbox 331 2705 1449 2792; baseline 0.006 -24"><span class='ocrx_word' id='word_1_175' title='bbox 331 2711 410 2788; x_wconf 88' lang='lat' dir='ltr'><strong>rent,</strong></span> <span class='ocrx_word' id='word_1_176' title='bbox 422 2705 623 2787; x_wconf 83' lang='lat' dir='ltr'><strong>quodnullue</strong></span> <span class='ocrx_word' id='word_1_177' title='bbox 634 2706 771 2773; x_wconf 83' lang='lat' dir='ltr'><strong>forensis</strong></span> <span class='ocrx_word' id='word_1_178' title='bbox 782 2706 1051 2792; x_wconf 85' lang='lat' dir='ltr'><strong>possitnauigare</strong></span> <span class='ocrx_word' id='word_1_179' title='bbox 1068 2727 1139 2774; x_wconf 77' lang='lat' dir='ltr'><strong>orum</strong></span> <span class='ocrx_word' id='word_1_180' title='bbox 1153 2709 1407 2775; x_wconf 84' lang='lat' dir='ltr'><strong>mereaeionibus</strong></span> <span class='ocrx_word' id='word_1_181' title='bbox 1430 2729 1449 2775; x_wconf 88' lang='lat' dir='ltr'><strong>a</strong></span> 
     </span>
     <span class='ocr_line' id='line_1_23' title="bbox 329 2811 1450 2902; baseline 0.004 -26"><span class='ocrx_word' id='word_1_182' title='bbox 329 2811 470 2893; x_wconf 75' lang='lat' dir='ltr'><strong>Ragunio</strong></span> <span class='ocrx_word' id='word_1_183' title='bbox 486 2812 530 2878; x_wconf 87' lang='lat' dir='ltr'><strong>ad</strong></span> <span class='ocrx_word' id='word_1_184' title='bbox 555 2819 664 2900; x_wconf 83' lang='lat' dir='ltr'><strong>partes</strong></span> <span class='ocrx_word' id='word_1_185' title='bbox 689 2813 846 2881; x_wconf 86' lang='lat' dir='ltr'><strong>Romanie</strong></span> <span class='ocrx_word' id='word_1_186' title='bbox 871 2823 903 2880; x_wconf 88' lang='lat' dir='ltr'><strong>et</strong></span> <span class='ocrx_word' id='word_1_187' title='bbox 930 2816 1084 2882; x_wconf 69' lang='lat' dir='ltr'><strong>levantis</strong></span> <span class='ocrx_word' id='word_1_188' title='bbox 1115 2823 1147 2881; x_wconf 91' lang='lat' dir='ltr'><strong>et</strong></span> <span class='ocrx_word' id='word_1_189' title='bbox 1163 2821 1254 2881; x_wconf 83' lang='lat' dir='ltr'><strong>extra</strong></span> <span class='ocrx_word' id='word_1_190' title='bbox 1280 2815 1450 2902; x_wconf 78' lang='lat' dir='ltr'><strong>Gulphum,</strong></span> 
     </span>
     <span class='ocr_line' id='line_1_24' title="bbox 329 2918 1453 3006; baseline 0.006 -24"><span class='ocrx_word' id='word_1_191' title='bbox 329 2937 389 2984; x_wconf 91' lang='lat' dir='ltr'><strong>neo</strong></span> <span class='ocrx_word' id='word_1_192' title='bbox 406 2918 541 3005; x_wconf 77' lang='lat' dir='ltr'><strong>deipsis</strong></span> <span class='ocrx_word' id='word_1_193' title='bbox 558 2920 704 3006; x_wconf 84' lang='lat' dir='ltr'><strong>partibus</strong></span> <span class='ocrx_word' id='word_1_194' title='bbox 721 2920 878 3004; x_wconf 83' lang='lat' dir='ltr'><strong>nauigare</strong></span> <span class='ocrx_word' id='word_1_195' title='bbox 894 2929 926 2988; x_wconf 86' lang='lat' dir='ltr'><strong>et</strong></span> <span class='ocrx_word' id='word_1_196' title='bbox 942 2921 1053 2989; x_wconf 90' lang='lat' dir='ltr'><strong>venire</strong></span> <span class='ocrx_word' id='word_1_197' title='bbox 1078 2923 1255 3004; x_wconf 79' lang='lat' dir='ltr'><strong>Ragonium</strong></span> <span class='ocrx_word' id='word_1_198' title='bbox 1280 2943 1354 2989; x_wconf 90' lang='lat' dir='ltr'><strong>oum</strong></span> <span class='ocrx_word' id='word_1_199' title='bbox 1379 2943 1453 2989; x_wconf 87' lang='lat' dir='ltr'><strong>mer·</strong></span> 
     </span>
     <span class='ocr_line' id='line_1_25' title="bbox 329 3028 1453 3116; baseline 0.004 -24"><span class='ocrx_word' id='word_1_200' title='bbox 329 3028 517 3095; x_wconf 82' lang='lat' dir='ltr'><strong>eaeionibua</strong></span> <span class='ocrx_word' id='word_1_201' title='bbox 534 3029 677 3114; x_wconf 83' lang='lat' dir='ltr'><strong>ipsorum</strong></span> <span class='ocrx_word' id='word_1_202' title='bbox 694 3030 837 3094; x_wconf 88' lang='lat' dir='ltr'><strong>louorum</strong></span> <span class='ocrx_word' id='word_1_203' title='bbox 866 3029 909 3095; x_wconf 87' lang='lat' dir='ltr'><strong>ad</strong></span> <span class='ocrx_word' id='word_1_204' title='bbox 927 3037 1046 3096; x_wconf 84' lang='lat' dir='ltr'><strong>eertum</strong></span> <span class='ocrx_word' id='word_1_205' title='bbox 1069 3049 1187 3116; x_wconf 90' lang='lat' dir='ltr'><strong>penam</strong></span> <span class='ocrx_word' id='word_1_206' title='bbox 1204 3031 1255 3096; x_wconf 84' lang='lat' dir='ltr'><strong>vel</strong></span> <span class='ocrx_word' id='word_1_207' title='bbox 1281 3051 1355 3097; x_wconf 90' lang='lat' dir='ltr'><strong>eum</strong></span> <span class='ocrx_word' id='word_1_208' title='bbox 1371 3041 1453 3099; x_wconf 63' lang='lat' dir='ltr'><strong>uerti</strong></span> 
     </span>
     <span class='ocr_line' id='line_1_26' title="bbox 329 3135 1453 3222; baseline 0.004 -22"><span class='ocrx_word' id='word_1_209' title='bbox 329 3136 442 3219; x_wconf 86' lang='lat' dir='ltr'><strong>daoio;</strong></span> <span class='ocrx_word' id='word_1_210' title='bbox 460 3135 545 3219; x_wconf 85' lang='lat' dir='ltr'><strong>quod</strong></span> <span class='ocrx_word' id='word_1_211' title='bbox 570 3147 647 3202; x_wconf 87' lang='lat' dir='ltr'><strong>tuno</strong></span> <span class='ocrx_word' id='word_1_212' title='bbox 664 3136 857 3204; x_wconf 78' lang='lat' dir='ltr'><strong>Anconitani</strong></span> <span class='ocrx_word' id='word_1_213' title='bbox 886 3138 1109 3204; x_wconf 78' lang='lat' dir='ltr'><strong>tractabuntur</strong></span> <span class='ocrx_word' id='word_1_214' title='bbox 1134 3139 1269 3222; x_wconf 83' lang='lat' dir='ltr'><strong>Ragusii</strong></span> <span class='ocrx_word' id='word_1_215' title='bbox 1297 3140 1382 3206; x_wconf 83' lang='lat' dir='ltr'><strong>siout</strong></span> <span class='ocrx_word' id='word_1_216' title='bbox 1406 3140 1453 3206; x_wconf 89' lang='lat' dir='ltr'><strong>illi</strong></span> 
     </span>
     <span class='ocr_line' id='line_1_27' title="bbox 328 3242 1455 3331; baseline 0.004 -23"><span class='ocrx_word' id='word_1_217' title='bbox 328 3242 482 3327; x_wconf 82' lang='lat' dir='ltr'><strong>forenses,</strong></span> <span class='ocrx_word' id='word_1_218' title='bbox 501 3246 554 3328; x_wconf 88' lang='lat' dir='ltr'><strong>qni</strong></span> <span class='ocrx_word' id='word_1_219' title='bbox 572 3245 696 3311; x_wconf 90' lang='lat' dir='ltr'><strong>meliori</strong></span> <span class='ocrx_word' id='word_1_220' title='bbox 715 3243 906 3312; x_wconf 87' lang='lat' dir='ltr'><strong>eondioione</strong></span> <span class='ocrx_word' id='word_1_221' title='bbox 922 3246 1165 3330; x_wconf 79' lang='lat' dir='ltr'><strong>traotabuutur3</strong></span> <span class='ocrx_word' id='word_1_222' title='bbox 1183 3251 1215 3315; x_wconf 85' lang='lat' dir='ltr'><strong>et</strong></span> <span class='ocrx_word' id='word_1_223' title='bbox 1227 3246 1313 3331; x_wconf 87' lang='lat' dir='ltr'><strong>quod</strong></span> <span class='ocrx_word' id='word_1_224' title='bbox 1325 3248 1455 3330; x_wconf 81' lang='lat' dir='ltr'><strong>quaudo</strong></span> 
     </span>
     <span class='ocr_line' id='line_1_28' title="bbox 329 3351 1445 3439; baseline 0.003 -22"><span class='ocrx_word' id='word_1_225' title='bbox 329 3353 476 3435; x_wconf 84' lang='lat' dir='ltr'><strong>prndiota</strong></span> <span class='ocrx_word' id='word_1_226' title='bbox 491 3351 671 3438; x_wconf 91' lang='lat' dir='ltr'><strong>prohibieio</strong></span> <span class='ocrx_word' id='word_1_227' title='bbox 696 3361 728 3418; x_wconf 91' lang='lat' dir='ltr'><strong>et</strong></span> <span class='ocrx_word' id='word_1_228' title='bbox 754 3353 921 3420; x_wconf 86' lang='lat' dir='ltr'><strong>ordinaoio</strong></span> <span class='ocrx_word' id='word_1_229' title='bbox 947 3355 1002 3422; x_wconf 89' lang='lat' dir='ltr'><strong>liet</strong></span> <span class='ocrx_word' id='word_1_230' title='bbox 1028 3375 1086 3438; x_wconf 91' lang='lat' dir='ltr'><strong>per</strong></span> <span class='ocrx_word' id='word_1_231' title='bbox 1101 3356 1286 3420; x_wconf 72' lang='lat' dir='ltr'><strong>Commune</strong></span> <span class='ocrx_word' id='word_1_232' title='bbox 1312 3357 1445 3439; x_wconf 80' lang='lat' dir='ltr'><strong>Ragnsii</strong></span> 
     </span>
     <span class='ocr_line' id='line_1_29' title="bbox 328 3461 1453 3549; baseline 0.004 -25"><span class='ocrx_word' id='word_1_233' title='bbox 328 3461 574 3528; x_wconf 84' lang='lat' dir='ltr'><strong>donuneiabiter</strong></span> <span class='ocrx_word' id='word_1_234' title='bbox 591 3463 768 3547; x_wconf 82' lang='lat' dir='ltr'><strong>peripsum</strong></span> <span class='ocrx_word' id='word_1_235' title='bbox 785 3463 961 3529; x_wconf 86' lang='lat' dir='ltr'><strong>Commune</strong></span> <span class='ocrx_word' id='word_1_236' title='bbox 976 3463 1111 3546; x_wconf 82' lang='lat' dir='ltr'><strong>Ragonii</strong></span> <span class='ocrx_word' id='word_1_237' title='bbox 1128 3483 1185 3549; x_wconf 90' lang='lat' dir='ltr'><strong>per</strong></span> <span class='ocrx_word' id='word_1_238' title='bbox 1210 3464 1337 3532; x_wconf 85' lang='lat' dir='ltr'><strong>litteras</strong></span> <span class='ocrx_word' id='word_1_239' title='bbox 1364 3462 1453 3530; x_wconf 80' lang='lat' dir='ltr'><strong>Conr-</strong></span> 
     </span>
     <span class='ocr_line' id='line_1_30' title="bbox 327 3569 574 3636; baseline 0 -2"><span class='ocrx_word' id='word_1_240' title='bbox 327 3569 415 3636; x_wconf 91' lang='lat' dir='ltr'><strong>muni</strong></span> <span class='ocrx_word' id='word_1_241' title='bbox 431 3569 574 3636; x_wconf 78' lang='lat' dir='ltr'><strong>Aneone.</strong></span> 
     </span>
    </p>
   </div>
   <div class='ocr_carea' id='block_1_7' title="bbox 434 3675 1552 3767">
    <p class='ocr_par' dir='ltr' id='par_1_7' title="bbox 434 3675 1552 3772">
     <span class='ocr_line' id='line_1_31' title="bbox 434 3675 1552 3767; baseline -0.003 -22"><span class='ocrx_word' id='word_1_242' title='bbox 434 3675 814 3762; x_wconf 79' lang='lat' dir='ltr'><strong>Queomoiaetsingula</strong></span> <span class='ocrx_word' id='word_1_243' title='bbox 838 3677 1069 3746; x_wconf 81' lang='lat' dir='ltr'><strong>utb.Aotnmin</strong></span> <span class='ocrx_word' id='word_1_244' title='bbox 1100 3687 1196 3746; x_wconf 81' lang='lat' dir='ltr'><strong>aneto</strong></span> <span class='ocrx_word' id='word_1_245' title='bbox 1227 3701 1284 3746; x_wconf 82' lang='lat' dir='ltr'><strong>neu</strong></span> <span class='ocrx_word' id='word_1_246' title='bbox 1315 3681 1454 3767; x_wconf 88' lang='lat' dir='ltr'><strong>prusello</strong></span> <span class='ocrx_word' id='word_1_247' title='bbox 1551 3677 1552 3748; x_wconf 82' lang='lat' dir='ltr'><strong>l</strong></span> 
     </span>
    </p>
   </div>
   <div class='ocr_carea' id='block_1_8' title="bbox 325 3784 1552 3984">
    <p class='ocr_par' dir='ltr' id='par_1_8' title="bbox 325 3775 1552 3984">
     <span class='ocr_line' id='line_1_32' title="bbox 326 3784 1449 3872; baseline -0.02 0"><span class='ocrx_word' id='word_1_248' title='bbox 326 3785 445 3872; x_wconf 62' lang='lat' dir='ltr'><strong>palacii</strong></span> <span class='ocrx_word' id='word_1_249' title='bbox 464 3784 648 3852; x_wconf 76' lang='lat' dir='ltr'><strong>Conrmunts</strong></span> <span class='ocrx_word' id='word_1_250' title='bbox 667 3786 797 3852; x_wconf 83' lang='lat' dir='ltr'><strong>Aneoue</strong></span> <span class='ocrx_word' id='word_1_251' title='bbox 812 3807 896 3853; x_wconf 89' lang='lat' dir='ltr'><strong>auno</strong></span> <span class='ocrx_word' id='word_1_252' title='bbox 914 3787 1032 3854; x_wconf 68' lang='lat' dir='ltr'><strong>M⁰CC³</strong></span> <span class='ocrx_word' id='word_1_253' title='bbox 1057 3789 1269 3870; x_wconf 81' lang='lat' dir='ltr'><strong>nonagnaimo</strong></span> <span class='ocrx_word' id='word_1_254' title='bbox 1295 3789 1449 3872; x_wconf 86' lang='lat' dir='ltr'><strong>seeundo,</strong></span> 
     </span>
     <span class='ocr_line' id='line_1_33' title="bbox 325 3889 1552 3984; baseline -0.013 -26"><span class='ocrx_word' id='word_1_255' title='bbox 325 3892 378 3960; x_wconf 90' lang='lat' dir='ltr'><strong>die</strong></span> <span class='ocrx_word' id='word_1_256' title='bbox 395 3893 448 3958; x_wconf 86' lang='lat' dir='ltr'><strong>lV.</strong></span> <span class='ocrx_word' id='word_1_257' title='bbox 466 3893 584 3961; x_wconf 79' lang='lat' dir='ltr'><strong>menois</strong></span> <span class='ocrx_word' id='word_1_258' title='bbox 599 3894 698 3978; x_wconf 89' lang='lat' dir='ltr'><strong>Juuij.</strong></span> <span class='ocrx_word' id='word_1_259' title='bbox 717 3892 758 3978; x_wconf 86' lang='grc' dir='ltr'><strong>(Α</strong></span> <span class='ocrx_word' id='word_1_260' title='bbox 770 3896 890 3981; x_wconf 82' lang='lat' dir='ltr'><strong>jegyzo</strong></span> <span class='ocrx_word' id='word_1_261' title='bbox 907 3895 1098 3964; x_wconf 77' lang='lat' dir='ltr'><strong>alairaeads</strong></span> <span class='ocrx_word' id='word_1_262' title='bbox 1110 3895 1234 3984; x_wconf 76' lang='lat' dir='ltr'><strong>Jogye..)</strong></span> <span class='ocrx_word' id='word_1_263' title='bbox 1551 3889 1552 3898; x_wconf 76' lang='grc'>’</span> 
     </span>
    </p>
   </div>
   <div class='ocr_carea' id='block_1_9' title="bbox 382 4090 1401 4156">
    <p class='ocr_par' dir='ltr' id='par_1_9' title="bbox 382 4090 1401 4156">
     <span class='ocr_line' id='line_1_34' title="bbox 382 4090 1401 4156; baseline 0 -12"><span class='ocrx_word' id='word_1_264' title='bbox 382 4092 469 4156; x_wconf 81' lang='lat' dir='ltr'><strong>(Xlll.</strong></span> <span class='ocrx_word' id='word_1_265' title='bbox 484 4090 591 4145; x_wconf 56' lang='lat' dir='ltr'><strong>etiami</strong></span> <span class='ocrx_word' id='word_1_266' title='bbox 604 4090 731 4152; x_wconf 66' lang='lat' dir='ltr'><strong>miuolut,</strong></span> <span class='ocrx_word' id='word_1_267' title='bbox 745 4109 762 4144; x_wconf 83' lang='lat' dir='ltr'><strong>a</strong></span> <span class='ocrx_word' id='word_1_268' title='bbox 775 4092 849 4144; x_wconf 76' lang='lat' dir='ltr'><strong>beeri</strong></span> <span class='ocrx_word' id='word_1_269' title='bbox 864 4108 899 4145; x_wconf 81' lang='lat' dir='ltr'><strong>ea.</strong></span> <span class='ocrx_word' id='word_1_270' title='bbox 915 4095 940 4144; x_wconf 89' lang='lat' dir='ltr'><strong>lr.</strong></span> <span class='ocrx_word' id='word_1_271' title='bbox 957 4097 1039 4146; x_wconf 85' lang='lat' dir='ltr'><strong>titlroa</strong></span> <span class='ocrx_word' id='word_1_272' title='bbox 1053 4096 1196 4147; x_wconf 89' lang='lat' dir='ltr'><strong>birodalmi</strong></span> <span class='ocrx_word' id='word_1_273' title='bbox 1211 4093 1401 4152; x_wconf 66' lang='lat' dir='ltr'><strong>lordltirbrnl</strong></span> 
     </span>
    </p>
   </div>
   <div class='ocr_carea' id='block_1_10' title="bbox 778 4381 993 4396">
    <p class='ocr_par' dir='ltr' id='par_1_10' title="bbox 778 4381 993 4396">
     <span class='ocr_line' id='line_1_35' title="bbox 778 4381 993 4396; baseline 0 0"><span class='ocrx_word' id='word_1_274' title='bbox 778 4381 993 4396; x_wconf 55' lang='lat' dir='ltr'><em>m</em></span> 
     </span>
    </p>
   </div>
   <div class='ocr_carea' id='block_1_11' title="bbox 0 0 1560 5158">
    <p class='ocr_par' dir='ltr' id='par_1_11' title="bbox 0 0 1560 5158">
     <span class='ocr_line' id='line_1_36' title="bbox 0 0 1560 5158; baseline 0 2"><span class='ocrx_word' id='word_1_275' title='bbox 0 0 1560 5158; x_wconf 95' lang='lat' dir='ltr'><strong> </strong></span> 
     </span>
    </p>
   </div>
  </div>
 </body>
</html>
