3120 5172
687 417 693 428 ,
760 323 918 424 aa,

274 519 360 588 idem
376 520 480 588 tenuit
495 528 527 587 et
543 521 695 606 possedit,
712 520 855 589 dedisset
870 541 928 606 pro
945 521 1133 586 oonoambio
1149 520 1307 604 Magistro
1325 519 1397 586 Ste-

275 631 384 713 phano
400 634 578 715 prenotato,
598 635 669 695 iure
689 637 846 714 perpetuo
863 631 896 694 in
914 629 998 695 lilios
1013 629 1152 719 liliorum
1170 628 1399 714 possidendae.

276 740 304 804 Ε
334 757 495 804 conuerso
526 742 633 804 autem
667 738 753 804 idem
779 737 934 822 Magister
960 735 1145 820 Stephanus
1171 737 1401 821 possessiones

274 865 351 912 suas
367 843 603 932 Soentmartun,
625 850 665 912 ¹st
680 851 799 912 terram
817 845 983 912 Gondatur
998 843 1033 909 in
1049 843 1113 929 hijs
1131 843 1225 910 metis
1242 851 1274 909 et
1289 844 1401 910 termi-

276 954 327 1020 nis
353 953 438 1020 siout
460 950 627 1039 possedit3
652 952 731 1020 item
757 959 877 1020 terram
903 951 1056 1037 Bagatha
1082 973 1121 1018 ao
1148 951 1405 1038 Seelesoygeohe

275 1066 421 1146 vooatas,
438 1057 655 1127 hereditarias
672 1067 703 1128 et
729 1063 899 1147 emptitias
926 1059 1074 1128 similiter
1101 1059 1244 1127 dedisset
1270 1061 1302 1124 in
1330 1079 1405 1125 aon-

276 1170 434 1236 aambium
452 1167 568 1235 Oomiti
594 1168 703 1236 Oohuz
729 1167 893 1236 antedicto
918 1167 989 1234 iure
1015 1175 1184 1254 perpetuo,
1212 1176 1244 1234 et
1271 1187 1405 1233 suorum

275 1275 431 1342 heredum
446 1275 688 1343 suecessoribus
714 1270 940 1362 possidendas,
967 1275 1001 1340 in
1029 1275 1122 1342 nouis
1147 1275 1241 1342 metir
1268 1295 1289 1340 a
1314 1281 1407 1341 terra

277 1383 374 1452 salse
389 1383 495 1470 ipsam
521 1387 642 1450 terram
667 1383 926 1471 Saelesoygeehe
952 1384 1146 1468 separando.
1172 1383 1291 1470 Incipit
1317 1383 1406 1449 enim

277 1491 384 1574 prima
400 1499 488 1558 meta
504 1491 595 1558 iuxta
609 1491 911 1582 fluuiumlh'anysa'
932 1493 966 1558 in
997 1492 1139 1576 quadam
1167 1493 1345 1576 ligersoyg,
1373 1499 1409 1556 et

276 1598 368 1666 uadit
384 1600 505 1666 direote
520 1597 563 1666 ad
578 1605 719 1666 montem
734 1619 848 1666 versus
875 1600 1034 1666 orientem
1059 1618 1118 1685 per
1146 1598 1321 1665 eontiuuas
1348 1619 1407 1664 no-

277 1725 336 1773 uas
354 1713 455 1774 metas
472 1705 513 1772 de
529 1713 622 1789 parte
639 1704 844 1773 meridionali
863 1705 1031 1774 vinearum
1049 1705 1088 1771 de
1106 1705 1202 1773 Gelae
1228 1725 1330 1788 usque
1357 1705 1405 1772 ad

277 1817 432 1883 terminos
448 1821 532 1882 terre
549 1815 677 1900 Bogata
693 1821 883 1900 prenotate;
900 1817 979 1882 lieet
994 1815 1138 1883 Thomas
1155 1815 1240 1882 lilius
1265 1814 1409 1882 Comitis

277 1924 369 2009 Tybe
385 1921 603 2010 personaliter
618 1941 729 1989 ooram
744 1924 839 1990 nobis
856 1921 1085 2008 eompareudo,
1103 1930 1136 1988 et
1151 1929 1296 2006 tempore
1314 1941 1411 1989 eree·

277 2029 379 2096 aionis
393 2031 537 2114 ipsarum
553 2035 722 2114 metarum,
739 2030 931 2113 Magistrum
948 2029 1147 2115 Stephanum
1164 2048 1222 2114 per
1240 2029 1407 2102 hominem
1469 2041 1478 2050 ·

277 2157 369 2206 suum
386 2137 589 2224 prohibuerit
605 2157 626 2201 a
641 2135 822 2204 donatione
839 2136 981 2206 eiusdem
1008 2144 1091 2204 terre
1117 2135 1401 2224 Seelesoygeeh03

277 2253 309 2312 et
324 2247 480 2314 Comitem
497 2243 607 2311 Oohuz
632 2263 652 2309 a
671 2245 860 2330 reoepoiono
877 2264 984 2312 ooram
1011 2244 1115 2311 nobis.
1142 2245 1269 2310 Taliter
1294 2229 1409 2311 autern

276 2354 349 2439 ipse
366 2353 521 2437 Magister
537 2351 725 2436 Stephanus
741 2371 777 2420 se
794 2351 974 2436 obligauit:
993 2352 1080 2435 quod
1105 2354 1147 2420 ab
1173 2350 1319 2418 omnibus
1351 2351 1407 2416 in·

277 2460 467 2546 petitoribus
498 2458 718 2543 predictarum
745 2459 996 2545 possessionum,
1034 2479 1116 2542 quas
1142 2459 1260 2528 domiti
1294 2459 1411 2529 Oolrua

275 2568 422 2654 eontulit,
440 2575 472 2633 et
487 2566 677 2652 specialiter
693 2587 714 2631 a
730 2567 853 2634 comite
869 2567 964 2651 Tyba
981 2587 1078 2653 super
1104 2567 1191 2635 iacto
1218 2575 1301 2636 terre
1327 2569 1407 2636 Soe-

276 2675 468 2760 lesoygeohe
486 2673 640 2760 expedire
656 2673 812 2741 Comitem
838 2674 948 2743 Oohuu
973 2677 1115 2762 propriis
1141 2677 1208 2744 suis
1234 2677 1406 2744 laboribus

279 2791 310 2850 et
327 2783 488 2869 expensis,
506 2783 540 2848 in
557 2781 743 2863 eisdemque
754 2787 871 2873 ¹tenero
894 2803 933 2850 aa
959 2803 1171 2870 oonseruare;
1198 2786 1227 2851 si
1252 2805 1327 2852 uero
1352 2805 1411 2852 ex-

279 2893 389 2980 pedire
405 2913 468 2958 non
495 2897 605 2976 posset
628 2889 681 2956 uel
707 2889 741 2954 iu
767 2888 890 2956 eisdem
917 2909 1119 2978 conseruare,
1147 2899 1263 2960 extuno
1289 2912 1410 2962 omnes

276 3002 505 3090 possessiones
522 2997 660 3066 Comitis
677 2996 789 3066 Oohuz
805 2999 1023 3086 supradiotas,
1041 3000 1119 3067 lioet
1136 3021 1174 3068 eo
1190 3009 1335 3087 tempore
1352 3004 1408 3070 ui-

277 3111 417 3177 deantur
434 3127 508 3174 esse
525 3105 674 3174 meliores
690 3112 722 3171 et
749 3105 907 3193 utiliores,
933 3107 1074 3176 remittet
1099 3117 1131 3176 et
1156 3109 1303 3176 restituet
1327 3127 1406 3176 aum

278 3217 455 3285 earundem
480 3215 687 3298 utilitatibus,
715 3214 838 3298 absque
864 3215 1004 3302 dampno
1029 3221 1061 3283 et
1087 3218 1158 3284 sine
1189 3217 1256 3304 lite,
1283 3217 1406 3284 Comiti

278 3325 389 3394 Oehuu
406 3327 584 3410 prenotato.
603 3321 761 3388 Similiter
776 3328 808 3389 et
824 3322 940 3390 (lomes
957 3322 1068 3392 Oahuz
1085 3325 1127 3389 ab
1144 3325 1295 3392 omnibus
1311 3324 1405 3409 inps·

277 3431 426 3500 titoribus
442 3452 573 3498 suarum
591 3431 844 3516 possessionum,
873 3451 956 3515 quas
981 3432 1137 3517 Magistro
1162 3433 1328 3519 Stephano
1354 3435 1411 3500 de·

279 3541 337 3626 dit,
355 3539 513 3626 expedire
528 3539 718 3621 Magistrum
746 3538 947 3624 Stephanum
972 3539 1149 3626 assumpsit
1174 3540 1314 3626 proprijs
1340 3542 1411 3609 suis

276 3649 445 3714 laboribus
462 3653 493 3711 et
519 3646 683 3731 expensis,
708 3653 740 3711 et
768 3650 803 3715 iu
829 3645 950 3713 eisdem
977 3667 1193 3732 oonseruare;
1219 3648 1412 3718 redditurus

276 3775 390 3822 omnes
407 3754 628 3840 possessiones
644 3755 794 3839 Magistri
811 3755 968 3841 Stephani
986 3777 1058 3823 oum
1085 3757 1261 3822 earundem
1288 3757 1408 3825 utilite*

183 3855 188 3864 ’
280 3864 375 3946 tibus,
392 3861 541 3928 similiter
557 3862 628 3928 sine
644 3863 703 3929 lite
719 3869 752 3927 et
768 3863 893 3945 absque
910 3863 1064 3950 dampno,
1082 3863 1191 3932 sinon
1208 3866 1321 3932 ualeat
1349 3868 1406 3932 uel

279 3991 343 4038 non
360 3977 473 4056 posset
489 3969 779 4060 ipsumoxpedire.
805 3970 840 4036 Si
866 3990 929 4053 que
955 3972 1100 4056 paralum
1125 3991 1206 4040 uero
1231 3973 1410 4040 earundem

280 4085 408 4164 partem
426 4079 600 4144 aduersam
617 4096 716 4163 super
732 4077 1082 4164 tantopossessiouum
1098 4100 1155 4166 per
1165 4100 1201 4146 se
1212 4081 1412 4147 donatarum

276 4187 430 4273 expedire
451 4207 515 4254 non
532 4193 661 4253 ouraret
676 4187 729 4252 uel
756 4206 820 4252 non
844 4197 968 4273 posset,
995 4197 1027 4253 et
1051 4189 1276 4271 possessiones
1305 4189 1413 4272 partis

278 4297 431 4380 aduersa,
448 4297 530 4362 siout
546 4314 647 4378 supra
663 4294 814 4381 diximus,
829 4297 954 4380 absque
970 4295 1027 4362 lite
1044 4303 1077 4361 et
1093 4295 1165 4362 sine
1181 4295 1333 4383 dampno,
1344 4316 1414 4362 uon

281 4401 478 4470 restituerit:
495 4403 601 4470 soluet
616 4403 853 4488 quinquaginta
869 4423 995 4470 mareas
1010 4404 1094 4490 parti
1112 4403 1210 4470 altori
1227 4402 1414 4487 prediotam

279 4509 555 4594 composicionem
572 4512 757 4577 obseruanti
773 4519 850 4578 ante
867 4512 933 4580 litis
951 4511 1143 4597 ingressum,
1161 4519 1257 4596 prout
1272 4533 1307 4577 se
1339 4531 1415 4598 par-

282 4625 332 4683 tes
350 4617 498 4681 ultronea
513 4617 702 4698 obligarunt
717 4619 891 4686 voluntate.
910 4619 1091 4689 Voluerunt
1106 4621 1209 4688 eoiam
1227 4627 1350 4708 partas,
1378 4629 1413 4688 at
