3098 5172
928 297 995 368 220

867 385 1031 402 m

380 497 418 561 et
427 489 544 561 deuote
552 492 777 580 postulauitut
785 493 927 577 aliquem
937 511 978 560 ex
988 492 1083 560 nobis
1092 493 1136 561 ad
1146 493 1399 565 reambnlandas
1409 501 1496 564 mnas

386 598 531 668 eiusdem
548 608 615 668 tam
627 599 855 684 hereditarias,
873 599 1001 688 (quam)
1012 601 1173 684 aquisitae
1183 608 1216 668 et
1230 602 1497 687 empticiasinDi·

385 706 501 777 stricta
511 709 701 779 Zaladiensi
711 710 889 778 existentes
899 709 1201 778 transmitteremus.
1222 709 1323 778 Cuius
1333 710 1494 796 peticiones

386 835 446 882 nos
462 815 611 886 videntes
627 837 700 888 esse
716 818 909 904 laudabiles,
926 817 1123 886 ethonestas
1133 837 1172 884 ac
1190 815 1356 884 nobilitati
1366 816 1495 886 eiusdem

388 923 616 1012 admittendas,
632 945 730 994 vnum
747 947 789 994 ex
804 927 899 994 nobis
915 925 1108 1010 Magistrum
1132 926 1315 992 Jobannem
1342 925 1496 993 Castorem

387 1029 532 1099 Ecclesia
548 1044 667 1119 nostre,
684 1034 807 1102 socium
824 1040 857 1100 et
872 1033 1133 1100 concanonicum
1150 1040 1304 1109 nostrum,
1320 1033 1425 1099 uirum
1448 1033 1495 1100 rti-

387 1158 450 1223 que
465 1137 636 1228 prouidam
662 1151 695 1209 et
722 1141 905 1227 honestum,
930 1137 972 1207 ad
997 1138 1253 1208 reambulandaa
1278 1139 1386 1207 dictas
1410 1147 1496 1208 terrae

388 1245 492 1332 ipsius
509 1246 659 1334 Gregorij
676 1249 812 1316 Comitis
839 1248 992 1316 duximus
1017 1247 1298 1332 trasmittendnm3
1326 1249 1382 1333 qui
1407 1249 1497 1314 sociat
1537 1281 1538 1284 ¹

388 1359 498 1420 noster
514 1353 641 1422 demum
656 1356 700 1423 ad
716 1376 776 1424 nos
792 1355 923 1424 rediens
939 1356 1033 1423 nobis
1059 1355 1179 1444 retulit,
1205 1355 1292 1438 qood
1319 1363 1497 1422 memoratas

388 1465 493 1530 terras
509 1462 585 1531 dicti
601 1465 736 1531 Comitis
753 1463 901 1550 Gregorij
927 1461 1104 1532 seeundum
1131 1463 1367 1532 continentiam
1391 1463 1498 1530 littera·

387 1585 456 1632 rum
473 1579 657 1637 nostrarum
672 1571 927 1656 priuilegialium
943 1570 1034 1656 prius
1051 1570 1167 1637 exinde
1192 1569 1424 1656 confectarum,
1439 1589 1498 1637 con·

388 1674 513 1742 uocatis
529 1677 678 1746 omnibus
693 1677 926 1746 commetaneis
941 1685 974 1744 et
990 1677 1109 1745 vicinis
1134 1677 1323 1761 earundem,
1348 1678 1436 1744 nullo
1456 1696 1500 1764 pe·

386 1780 476 1849 nitus
493 1785 743 1871 contradicente,
771 1805 831 1874 per
855 1785 1007 1870 antiquas
1031 1793 1144 1872 metas,
1170 1786 1332 1872 terminos,
1364 1792 1397 1852 et
1421 1784 1502 1873 signa

387 1890 507 1976 quiete,
525 1899 557 1959 et
573 1893 707 1979 pacifice
722 1894 970 1979 reambnlasset,
987 1911 1071 1978 quas
1087 1892 1218 1975 quidem
1235 1900 1348 1978 terras,
1367 1898 1401 1960 et
1411 1902 1501 1959 metm

388 1995 500 2064 Endos
515 2006 548 2067 et
563 1999 727 2068 Adrianus
741 2000 801 2086 filij
820 2001 959 2086 Vitalis,
975 2007 1007 2070 et
1022 1998 1125 2066 wlkh
1139 1999 1227 2068 filins
1244 2001 1334 2086 lsyp,
1350 2019 1390 2066 ac
1404 2000 1501 2067 llarti·

388 2124 450 2173 nus
466 2105 552 2174 filius
567 2106 715 2176 Ladizlai
730 2129 840 2178 omnes
866 2117 981 2184 terras,
1007 2127 1067 2175 seu
1093 2107 1319 2193 possessiones
1345 2107 1502 2175 eorumin

389 2211 577 2300 prescriptis
594 2216 712 2286 litteris
728 2217 846 2286 nostris
864 2216 1123 2303 priuilegialibus
1141 2217 1273 2285 habitas
1290 2223 1503 2301 etenpressas,
1540 2222 1541 2310 l

390 2321 424 2387 in
440 2321 573 2406 Zogorra
588 2333 622 2391 et
635 2325 725 2413 Ebys
743 2325 931 2410 existentes,
949 2344 1022 2392 cum
1047 2323 1234 2410 attinenciJs
1257 2331 1291 2392 et
1313 2323 1504 2408 adiacenciis
1540 2315 1541 2376 l

388 2429 565 2496 earundem
581 2431 751 2517 uniuersis,
768 2455 826 2520 pro
843 2433 1061 2518 quadraginta
1085 2451 1144 2499 sex
1168 2431 1288 2499 marcis
1312 2431 1377 2517 ipsi
1400 2430 1506 2498 boniti

389 2535 548 2622 Gregorio
565 2536 612 2628 (et
627 2539 711 2628 suis)
722 2539 898 2609 heredibus
908 2539 1504 2628 perpetuodignoscuntorvsndidisse,
1541 2572 1542 2654 q

390 2649 424 2708 et
440 2644 542 2710 eciam
558 2646 740 2731 reliquisse.
758 2645 901 2725 Quarum
920 2648 1051 2732 quidem
1069 2655 1163 2734 mete,
1189 2645 1327 2731 termini,
1354 2653 1387 2712 et
1411 2649 1505 2730 signa,
1541 2675 1542 2686 r

390 2757 486 2834 prout
501 2750 586 2819 idem
603 2753 758 2838 Magister
772 2737 937 2823 lohannes
953 2752 1076 2822 Cantor
1092 2753 1200 2821 socius
1215 2761 1328 2822 noster
1351 2754 1445 2820 nobis
1468 2753 1506 2819 di·

391 2854 448 2939 xit,
465 2865 498 2923 et
513 2867 616 2928 metas
632 2859 812 2946 inscriptis
828 2861 983 2947 exhibuit,
1000 2861 1060 2928 hoc
1075 2860 1188 2927 ordine
1203 2859 1442 2946 distinguntur3
1468 2859 1507 2926 ri·

395 2959 514 3030 delicet
530 2965 635 3050 prima
662 2974 749 3034 meta
774 2966 887 3054 incipit
912 2989 934 3034 a
958 2975 1051 3054 parte
1074 2965 1335 3053 septemtrionali
1361 2966 1395 3032 in
1419 2965 1508 3032 fluuio

394 3066 564 3138 Gburnech
581 3073 615 3140 in
632 3073 805 3144 vicinitate
836 3083 923 3143 terre
939 3075 1188 3161 cruciferorum,
1205 3076 1239 3140 in
1254 3093 1319 3157 quo
1335 3071 1432 3141 fluuio
1447 3074 1508 3140 exit

390 3178 434 3244 ad
450 3189 574 3264 partem
591 3181 846 3270 meridionalem,
862 3192 894 3250 et
919 3203 977 3270 per
991 3183 1109 3250 siluam
1124 3183 1158 3248 in
1173 3181 1258 3249 bono
1274 3179 1388 3264 spacio
1403 3197 1509 3266 perae·

390 3283 439 3350 nit
453 3285 487 3352 in
503 3285 608 3354 riuulo
621 3308 685 3355 vno
702 3288 746 3355 ad
761 3289 895 3356 fluvium
911 3289 1046 3374 Zeguna
1060 3307 1120 3375 per
1134 3289 1268 3355 arbores
1282 3289 1332 3354 tul
1357 3305 1449 3354 mace
1473 3285 1510 3352 si·

390 3400 520 3479 gnatas,
537 3395 593 3461 ubi
609 3395 769 3477 vicinatur
782 3403 868 3464 terre
884 3397 997 3484 Opoy;
1014 3395 1091 3463 inde
1106 3397 1140 3462 in
1151 3395 1264 3462 eodem
1276 3393 1511 3478 fluuioZegnna

392 3501 568 3590 asscendit,
586 3510 617 3570 et
632 3503 722 3571 cadit
736 3505 770 3572 in
798 3505 961 3590 quoddam
985 3505 1086 3592 potok
1111 3503 1276 3572 Berasncb
1300 3509 1462 3586 vocatum,
1486 3506 1513 3566 et

393 3605 439 3674 ibi
455 3617 504 3677 est
519 3609 592 3678 sons
609 3631 701 3699 anus,
719 3610 761 3680 de
776 3633 841 3697 quo
856 3633 917 3700 per
941 3613 1080 3679 rioulm
1107 3613 1150 3678 ad
1176 3613 1324 3678 arborem
1350 3612 1400 3677 tul
1423 3625 1514 3675 cruce

391 3715 572 3802 signatam
589 3718 666 3786 inde
681 3719 800 3787 transit
814 3741 964 3809 campum
980 3739 1096 3790 uersus
1112 3716 1277 3786 meridiem
1302 3718 1346 3785 ad
1371 3719 1514 3784 arborem

392 3823 456 3908 piri
480 3843 574 3892 eruce
589 3825 771 3913 signatam
795 3829 872 3896 inde
897 3828 942 3897 ad
966 3847 1120 3913 magnam
1145 3826 1243 3914 mam,
1268 3825 1301 3891 in
1326 3844 1392 3908 qoa
1417 3821 1515 3889 tendit

391 3949 505 4000 uersus
515 3935 673 4002 orientem
683 3934 726 4003 ad
742 3938 889 4005 arborem
904 3937 968 4023 piri
977 3955 1073 4005 emec
1083 3933 1246 4018 signatam
1256 3957 1265 4017 ς
1277 3931 1395 3999 deinde
1406 3945 1516 3997 ueram

393 4039 561 4110 meridiem
576 4042 693 4112 transit
709 4045 848 4114 rinolum
865 4045 909 4114 ad
927 4044 1075 4114 arborem
1092 4043 1197 4111 cerasi
1226 4060 1322 4109 eruce
1346 4041 1516 4122 signatam,

393 4169 457 4234 qus
466 4157 515 4218 est
525 4151 617 4220 iuxta
627 4171 780 4236 magnam
790 4151 998 4238 vallem3inde
1012 4152 1089 4219 salit
1098 4169 1237 4238 paruam
1247 4147 1368 4216 vallem
1377 4146 1423 4214 ad
1432 4165 1517 4214 mon·

393 4265 458 4326 tem
472 4257 564 4327 iuxta
579 4259 718 4344 vineam
735 4267 768 4328 et
783 4259 877 4329 iaxta
891 4261 1010 4329 siluam
1026 4259 1118 4326 uenit
1133 4254 1290 4341 adriam,
1306 4273 1374 4340 qua
1387 4253 1454 4320 itur
1477 4249 1518 4318 ad
1541 4329 1542 4332 Ἴ

391 4365 566 4436 eeclesiam
582 4364 703 4436 Sancte
717 4365 850 4454 Ornois3
866 4367 948 4436 etin
964 4363 1078 4435 eadem
1094 4363 1149 4432 via
1164 4359 1369 4450 procedendo
1386 4361 1422 4429 in
1438 4359 1519 4427 bono

385 4471 507 4560 spacio
523 4492 637 4542 versus
652 4473 853 4543 occidentem
868 4472 913 4542 ad
925 4473 1075 4542 arborem
1092 4470 1165 4558 piri,
1182 4469 1239 4538 nbi
1262 4467 1409 4554 iungitur
1435 4473 1521 4536 terre

385 4577 573 4666 Benedicti,
593 4579 650 4666 tilij
667 4579 804 4668 Rodyn3
821 4581 899 4650 inde
913 4581 949 4649 in
980 4578 1097 4648 eadem
1112 4577 1169 4646 via
1192 4573 1301 4646 eundo
1316 4573 1467 4643 declinat
1491 4573 1522 4640 in
