3132 5162
730 367 747 431 7

656 455 814 466 ιιι-αι..-

163 561 266 631 libere
282 576 314 630 et
331 561 464 648 pacifice
489 566 741 644 consequantur;
768 561 914 646 alioquin
941 579 1056 650 penam
1082 563 1294 631 ducentarum

163 691 345 738 marcarum
370 671 536 736 incurrant
564 669 634 755 ipso
665 669 761 752 facto,
794 671 821 738 si
837 672 870 737 in
898 671 1007 754 aliquo
1038 675 1294 758 presumpserint

162 781 330 848 contraire.
360 780 400 845 Et
430 777 491 846 boo
522 778 569 845 cis
601 779 844 846 sentencialiter
876 781 1027 848 duximus
1059 780 1293 866 inponendum.

165 889 285 954 Datum
302 885 458 972 Strigonij
476 884 531 952 die
546 883 683 952 Sabbati
699 895 771 974 post
788 886 906 956 festum
933 888 1123 958 Natiuitatis
1149 889 1292 974 Virginis

165 993 316 1061 Gloriose
332 1013 418 1062 anno
434 993 565 1062 Domini
581 992 703 1061 Μῡῡῦο
719 995 938 1079 nonagesimo.

162 1172 304 1236 (Eredctie
318 1169 494 1238 bdrbdrtydm
507 1188 524 1224 a
537 1170 614 1226 ludtnl
627 1175 679 1226 oda
697 1179 821 1240 nyomott
832 1173 981 1242 pecsdtnek
993 1141 1123 1226 tdredbke
1137 1191 1261 1242 mogun,
1276 1193 1292 1226 a

476 1279 493 1316 a
506 1264 588 1316 budai
601 1265 652 1315 lrir.
666 1266 786 1316 kamaraci
799 1263 991 1332 lerdltdrbau.)
1302 1267 1304 1271 ‘

739 2089 772 2153 6.

162 2282 218 2345 lV.
236 2282 355 2351 Militis
369 2287 462 2368 papo
479 2283 627 2348 Lambere
643 2283 752 2368 seqlui
771 2285 961 2370 pttcpb'lraeb
986 2285 1182 2371 meqeoqedi,
1207 2287 1290 2369 topy

248 2391 473 2474 odhduyottco
483 2390 685 2456 kiledzdsttett
696 2401 802 2474 pupot
810 2389 1065 2476 felmeuthesaco.
1085 2391 1182 2454 1290.

269 2585 427 2652 Nicotaus
467 2587 647 2672 Episcopus
679 2603 792 2651 seruus
824 2605 987 2660 serrorum
1021 2587 1082 2652 Dei
1114 2585 1295 2654 venerabili

161 2693 255 2762 fratri
281 2693 452 2760 Lamberto
486 2695 646 2780 Episcopo
671 2693 826 2774 Veglensi
854 2694 988 2760 salutem
1014 2701 1046 2762 et
1071 2692 1294 2780 Apostolioam
1380 2726 1381 2730 ¹

159 2799 428 2869 benedictionem.
447 2803 495 2867 Ex
510 2808 604 2888 parte
622 2801 668 2867 tui
686 2801 956 2888 luitpropositum
968 2801 1191 2890 coramnobis,
1205 2800 1290 2888 ruod

160 2907 309 2976 nonnulli
325 2909 434 2976 clerici
450 2916 504 2976 tue
520 2907 663 2989 ciuitatis
680 2916 712 2976 et
729 2909 869 2978 diocesis
885 2929 944 2996 pro
960 2929 1008 2994 eo,
1025 2909 1112 2994 quod
1127 2909 1192 2995 ipsi
1205 2929 1295 2976 arma

161 3021 310 3103 portare,
342 3016 538 3083 concubinas
564 3023 596 3082 et
620 3016 704 3083 filios
730 3017 765 3082 in
781 3017 922 3102 proprijs
937 3015 1086 3084 domibus
1105 3015 1234 3102 publice
1249 3037 1295 3084 re·

162 3125 282 3208 tinere,
308 3124 341 3190 in
357 3123 504 3192 tabernis
519 3127 570 3192 iel
596 3123 684 3192 circa
699 3127 854 3192 tabernas
885 3125 1008 3213 bibere,
1024 3125 1067 3191 ad
1083 3125 1226 3212 taxilles,
1244 3125 1296 3192 vel

163 3231 300 3318 tegulas,
317 3239 374 3298 aut
389 3233 528 3317 tabulas,
545 3231 599 3299 vel
616 3232 661 3298 ad
674 3231 735 3299 bec
750 3232 880 3318 similia,
897 3233 967 3300 sire
984 3233 1026 3298 ad
1037 3233 1174 3300 choreas
1184 3231 1297 3300 mulie·

161 3361 228 3407 rum
245 3339 359 3406 ludere
375 3346 496 3407 temere
512 3347 786 3428 presumpserunt,
804 3343 889 3409 latas
904 3341 938 3408 in
956 3342 1038 3409 tales
1053 3341 1088 3407 in
1106 3341 1291 3409 Provincia-

162 3448 247 3516 libus
265 3445 420 3515 Conciliis
446 3447 668 3515 Gradeusibus
695 3457 727 3516 et
751 3448 892 3535 Synodis
917 3468 974 3534 per
999 3449 1191 3517 Patriacbas
1217 3448 1295 3517 Gra-

163 3556 279 3623 denses
298 3563 331 3622 et
346 3554 532 3640 Veglenscs
544 3555 723 3642 Episcopos
739 3563 871 3642 propter
897 3557 968 3645 hoc,
985 3563 1017 3623 et
1042 3558 1118 3642 quia
1143 3551 1295 3623 constitu-

162 3666 266 3731 tiones
282 3661 367 3731 alias
384 3665 418 3728 in
435 3663 588 3730 Conciliis
601 3671 633 3730 et
648 3652 790 3750 Synodis¹
800 3663 956 3750 predictis
973 3671 1226 3748 nonservarunt,
1244 3686 1291 3730 ex·

162 3763 487 3840 communicationum
503 3773 681 3838 sententias
707 3773 928 3858 incurrerunt;
946 3793 1080 3857 quorum
1097 3773 1200 3858 aliqui
1234 3793 1293 3857 per
1386 3759 1393 3770 ’

162 3879 407 3966 simplicitatem
423 3887 456 3945 et
472 3880 553 3947 ioris
568 3880 790 3965 ignorantiam
809 3888 1001 3965 receperunt
1024 3881 1158 3949 ordines
1183 3881 1230 3947 sic
1255 3881 1291 3946 li-

162 3989 239 4074 gati,
256 3993 288 4052 et
303 3986 529 4054 ministrarunt
546 3989 644 4054 etiam
661 3987 694 4052 in
712 3987 854 4056 eisdem:
871 4009 975 4072 quare
991 3988 1031 4054 de
1048 3989 1161 4055 talium
1186 3987 1294 4056 salute

160 4095 321 4164 sollicitus
337 4096 470 4162 anobis
488 4097 679 4188 suppliciter
695 4097 868 4182 postulasti
886 4097 933 4164 eis
949 4117 1008 4182 per
1023 4095 1140 4164 Sedem
1157 4096 1293 4180 Aposto-

161 4201 256 4268 lieam
273 4201 316 4269 de
333 4201 546 4269 absolutionis
561 4202 719 4270 beneficio
734 4201 907 4289 provideri.
935 4203 1001 4269 Nos
1024 4202 1132 4290 igitur,
1161 4203 1216 4288 qui
1241 4223 1293 4271 sa·

160 4309 257 4377 lolem
273 4309 440 4394 querimus
457 4311 666 4397 singulorum,
684 4310 878 4379 absoluendi
899 4311 982 4378 tales
1008 4331 1028 4376 a
1058 4311 1214 4398 predictis
1241 4331 1294 4380 ex·

162 4417 484 4486 communicationum
501 4419 671 4486 sententiis
687 4439 745 4505 per
762 4425 794 4484 te
811 4419 863 4486 vel
889 4437 946 4504 per
971 4417 1082 4505 alium,
1109 4417 1203 4484 iuxta
1226 4417 1290 4486 for·

160 4544 243 4593 mam
259 4525 408 4592 Ecclesia
425 4525 497 4594 rice
512 4531 633 4614 nostra,
650 4535 681 4593 et
709 4523 921 4611 dispensandi
955 4544 1024 4593 cum
1043 4525 1089 4593 eis
1120 4534 1152 4594 et
1184 4545 1293 4593 eornm

162 4633 306 4717 quolibet
332 4651 428 4720 super
453 4635 707 4723 irregularitate,
733 4636 882 4719 siquam
909 4633 1028 4702 exinde
1054 4641 1297 4708 contraxerunt»
