3170 5166
740 901 819 969 312.

442 1098 570 1186 Citepdn
585 1107 698 1164 mester
714 1097 932 1182 ctyrendelcte.
951 1075 1000 1163 E'v
1015 1097 1131 1182 ceusu.

325 1291 392 1356 Nos
408 1287 564 1371 Magister
581 1285 755 1370 Chepanus
787 1285 1010 1370 significamus
1042 1287 1202 1358 uniuersis
1232 1293 1349 1375 quibus

220 1397 355 1486 expedit
370 1402 402 1462 et
417 1400 585 1482 presentes
602 1392 846 1468 hostenduntur‚
873 1394 1012 1460 salutem
1036 1395 1070 1460 in
1087 1398 1230 1464 omnium
1246 1401 1351 1466 salua-

218 1505 394 1574 teretium
409 1523 468 1570 nos
485 1503 519 1569 in
536 1501 674 1568 articulo
693 1502 806 1568 mortis
822 1521 981 1587 essemus,
999 1502 1081 1569 etin
1112 1505 1196 1570 lecto
1228 1506 1348 1588 egritu·

165 1637 169 1644 ·
218 1611 304 1681 dinis
319 1612 508 1694 iaceremus,
526 1630 636 1676 ceram
652 1629 753 1677 rxcre
769 1615 884 1677 nostra
902 1615 1060 1677 eteorum
1091 1610 1241 1678 omnibus
1272 1612 1351 1700 illis,

219 1721 274 1805 qui
290 1730 367 1788 tunc
384 1727 553 1806 presentes
570 1723 672 1802 erant,
689 1719 822 1786 fecimus
838 1720 905 1786 tute
921 1725 1171 1786 testamentum:
1189 1720 1277 1804 quod
1291 1724 1351 1788 Be

217 1851 259 1897 xe
274 1829 340 1896 filio
356 1827 497 1894 Abracm
514 1849 572 1912 pro
583 1827 652 1893 suis
662 1825 796 1893 iufinitis
807 1825 1050 1914 dileccionibus,
1062 1833 1094 1893 et
1107 1825 1261 1912 Ghepuno
1281 1827 1349 1895 filio

217 1939 323 2004 Pnuse
338 1956 396 2024 pro
406 1934 552 2020 seruieijs
563 1933 638 2016 suis,
651 1955 710 2018 que
721 1934 814 2001 nobis
824 1955 844 2002 a
854 1941 997 2019 tempore
1007 1954 1065 2002 sue
1075 1934 1252 2002 iuuentutis
1263 1937 1354 2001 exhi·

218 2044 298 2128 buit,
315 2043 502 2130 porcionem
517 2047 661 2108 nostrum
678 2063 775 2126 quam
792 2043 826 2108 in
842 2040 987 2128 Semyan
1003 2041 1172 2128 habemus,
1189 2047 1220 2108 et
1237 2042 1351 2110 uillam

220 2151 426 2235 Gungustyu,
442 2169 482 2214 ac
496 2149 607 2214 uillam
625 2147 746 2235 Wygid
763 2169 835 2215 cum
852 2147 1002 2216 omnibus
1018 2148 1086 2216 suis
1111 2147 1303 2217 utilitatibus
1320 2157 1353 2216 et

219 2256 430 2341 pertinenciis
445 2255 605 2323 uniuersis
621 2255 745 2324 eisdem
761 2255 851 2322 Boxe
867 2264 899 2324 et
915 2257 1069 2343 Chepsno
1094 2257 1129 2322 in
1159 2255 1242 2324 filios
1272 2257 1351 2324 fitio-

218 2383 290 2432 rum
305 2349 493 2450 reliquimus
509 2361 750 2446 possidendam.
767 2366 885 2432 Datum
901 2365 936 2430 in
953 2363 1109 2432 Ruhcnch
1135 2363 1217 2431 feria
1247 2363 1348 2430 tercia

218 2472 368 2556 proxima
383 2479 460 2538 ante
475 2469 592 2538 festum
607 2471 747 2538 Fabiani
763 2487 794 2537 et
810 2471 1003 2540 Sebastiam.

219 2665 791 2734 (Eretumberhtrtytn‚m01yn0khuttra
804 2675 925 2734 nyomott
944 2667 1037 2736 peestt
1051 2666 1109 2720 mir
1122 2670 1220 2734 sltiint,
1233 2686 1249 2722 c
1263 2687 1350 2722 nemz.

592 2773 715 2809 museum
728 2755 972 2824 keminatttrtban.)

745 3575 821 3645 313.

221 3773 328 3858 sutep
346 3793 444 3838 comcs
460 3771 581 3856 suspect
595 3776 742 3857 cciruuqy
757 3773 920 3857 renuerem,
940 3773 1024 3859 hoqy
1041 3797 1062 3838 a
1077 3773 1184 3839 kassuc'
1195 3775 1349 3861 pte'bdncc

221 3879 408 3948 comnenae
433 3902 455 3943 a
479 3879 538 3944 rute
563 3879 754 3964 joqtalunul
779 3879 869 3944 elcett
893 3879 950 3946 bor
974 3881 1273 3948 uicszaaduttussek.
1299 3861 1350 3948 Ee

729 3983 846 4052 nttkut.

329 4179 452 4247 Amicis
479 4180 547 4247 suis
562 4179 761 4246 Reuerendis
776 4179 933 4246 Ladizluc
949 4181 1015 4249 filio
1047 4183 1149 4248 Teme
1181 4188 1213 4249 et
1243 4183 1350 4252 Fratre

221 4287 398 4377 Magistris,
413 4286 567 4372 Magister
581 4287 753 4374 Philippus
769 4283 884 4353 comes
900 4291 934 4352 et
950 4288 1154 4355 Castellanus
1172 4288 1213 4356 de
1228 4289 1352 4378 Scepus

221 4397 384 4466 sinceram
400 4393 579 4464 amiciciam
595 4413 635 4462 uc
651 4391 760 4461 cordis
776 4389 925 4461 eiectum.
943 4392 1066 4462 Dicunt
1081 4395 1176 4463 nobis
1193 4395 1300 4464 Jndex
1318 4405 1352 4467 et

221 4504 386 4574 Plebanus
402 4502 444 4570 de
459 4503 571 4587 Cassa,
589 4501 676 4586 quud
691 4522 749 4571 uos
764 4501 910 4589 proximo
927 4523 1046 4580 eornm,
1064 4503 1119 4586 qni
1150 4523 1249 4590 snper
1280 4503 1353 4572 tun·

528 4630 532 4638 ·
1137 4609 1199 4677 29*
