3170 5166
655 311 819 411 Q

168 504 331 594 prediotus
349 504 514 588 Magister
529 503 623 572 Cholx
639 505 727 574 filius
738 505 827 574 Petri
842 503 986 573 Palatini
1003 524 1078 574 oum
1096 525 1155 574 sus
1171 506 1325 597 semilis,

170 623 202 682 et
223 633 295 681 oum
311 611 439 679 seruilia
454 610 605 696 Magistri
630 612 755 681 Mathei
770 611 882 682 fratris
913 611 965 682 sui
974 663 985 701 ,
1017 618 1050 680 et
1066 633 1132 680 uuo
1148 632 1222 680 oum
1237 615 1308 701 ipso

171 719 333 788 Michaele
349 719 416 786 filio
433 717 581 804 Meurioij
608 725 641 786 et
656 719 724 788 suis
741 719 977 808 seruientibus,
1002 727 1035 788 et
1050 739 1123 788 oum
1138 721 1308 792 seruienti-

170 827 231 894 bus
248 824 396 896 eiusdem
412 825 557 893 Lorendi
573 825 615 893 do
630 827 740 896 Kezeu
761 827 868 896 subito
894 848 991 896 mane
1007 827 1209 917 adueniens,
1234 849 1307 897 oum

171 932 382 1002 multitudine
397 940 597 1002 armatorum
616 933 730 1004 villam
756 934 902 1005 eiusdem
927 935 1075 1021 Magistri
1100 935 1229 1004 Nioolsi
1244 937 1306 1004 Ro·

172 1040 262 1107 doen
278 1048 497 1127 uunoupatem
515 1039 749 1129 destruxisset,
775 1047 808 1108 et
832 1041 926 1109 bonis
953 1043 1104 1110 omnibus
1119 1043 1307 1131 spoliasset,

139 1153 142 1160 '
175 1145 432 1232 quadringentos
448 1149 552 1215 boues
568 1155 601 1215 et
616 1168 735 1217 veooes
751 1147 888 1236 mixtim,
920 1146 1065 1217 sedecim
1081 1167 1193 1238 equos,
1218 1149 1308 1218 mille

174 1273 295 1340 capras
310 1260 344 1324 et
358 1273 448 1340 oues,
465 1260 497 1322 et
513 1253 669 1324 dueentos
685 1275 803 1342 poroos
819 1255 983 1342 resipiens
993 1257 1030 1323 in
1046 1253 1171 1344 eedem,
1186 1258 1309 1343 puriter

172 1381 245 1428 oum
260 1361 411 1430 omuibus
426 1361 522 1429 honis
545 1367 578 1431 et
592 1364 690 1431 rebus
707 1361 915 1434 sorinielibus
941 1371 976 1432 et
1002 1363 1188 1434 domesticis
1204 1364 1308 1432 homi·

170 1491 249 1538 uum
266 1467 308 1536 de
324 1468 451 1558 eedem,
466 1477 577 1555 preter
592 1470 718 1538 ulnera
743 1469 880 1540 duorum
897 1471 1063 1539 homiuum
1080 1471 1224 1538 etunius
1239 1493 1308 1539 mu·

172 1575 276 1661 lieris,
292 1574 348 1662 qui
364 1583 441 1644 tuno
456 1577 631 1646 extiterunt
657 1577 761 1648 eoiem
776 1578 927 1648 wlueruti
942 1601 950 1662 ;
981 1585 1077 1664 prout
1092 1583 1205 1646 tamen
1220 1577 1308 1646 idem

172 1685 269 1752 homo
284 1691 396 1752 noster
421 1702 520 1769 super
545 1685 607 1752 hoo
624 1686 731 1772 potuit
755 1684 896 1755 edoeeri.
926 1687 1010 1754 Item
1035 1684 1071 1752 in
1095 1683 1208 1754 eodem
1225 1683 1307 1754 leste

172 1791 285 1859 Saneti
309 1790 484 1876 Laureuoij
516 1789 602 1858 idem
617 1790 777 1877 Magister
810 1791 905 1860 Ohalr
930 1793 1017 1862 iilius
1032 1792 1122 1860 Petri
1147 1791 1309 1860 destruxit

170 1898 286 1968 villam
298 1897 472 1966 eorundem
483 1897 577 1966 Ohsk
590 1897 740 1967 etZuerd
749 1899 985 1986 Kysseulrorue
995 1904 1224 1987 nuncupatem,
1235 1917 1308 1966 oon·

118 2063 126 2074 .
171 2013 241 2073 tum
258 2011 291 2074 et
305 2003 424 2091 viginti
440 2008 541 2074 boues
557 2011 589 2075 et
604 2025 723 2075 voooos
739 2007 880 2096 mixtim,
899 2005 1010 2079 dotem
1021 2027 1133 2094 equos,
1149 2007 1309 2092 quinquo·

171 2113 266 2200 ginta
281 2131 360 2181 oues
375 2120 408 2212 qt
423 2132 550 2200 eapros,
566 2121 598 2182 et
612 2115 788 2198 sexaginta
803 2134 933 2204 poroos,
955 2121 987 2182 et
1002 2133 1114 2184 omues
1131 2135 1182 2184 res
1198 2115 1310 2184 dome-

171 2221 273 2289 stioes
289 2224 323 2287 et
337 2219 511 2288 soriuielee
534 2221 727 2306 populorum
742 2221 911 2307 reeipiens
937 2223 971 2290 in
996 2221 1121 2290 eedem.
1146 2221 1311 2293 Fiueliter

170 2349 215 2398 ex
239 2324 443 2394 oddueoione
458 2325 602 2395 eiusdem
617 2327 814 2416 Michaelis,
831 2328 997 2414 inquibus
1022 2337 1132 2396 tomen
1157 2327 1307 2400 omuibus

170 2433 418 2520 premissorum,
434 2434 463 2500 si
478 2433 576 2520 ydem
591 2433 764 2503 Loruudus
781 2435 951 2504 eonsilium
967 2436 1139 2524 habuerit,
1157 2435 1190 2503 id
1205 2439 1309 2508 nosei·

170 2550 246 2627 tur;
263 2539 322 2610 sed
338 2541 389 2608 eui
404 2541 588 2610 seruientes
604 2541 821 2610 interfuerunt
833 2543 1052 2612 destruoeioni
1069 2550 1101 2612 et
1118 2545 1222 2630 spolio
1238 2565 1310 2631 pre·

171 2647 310 2733 notatis,
328 2647 598 2732 quemadmodum
615 2653 664 2717 est
680 2650 883 2734 premissum.
909 2649 999 2718 Idem
1024 2672 1101 2720 uero
1118 2651 1256 2721 Micheel
1271 2671 1308 2721 se

168 2755 291 2826 feoisse
307 2763 339 2824 ot
354 2775 551 2843 proeuresse
575 2756 736 2842 premisse
760 2757 832 2826 fieri
858 2759 989 2844 publioe
1004 2759 1039 2826 in
1063 2758 1123 2828 illa
1139 2767 1255 2846 patero
1270 2779 1310 2827 se

169 2864 349 2950 iaotesset5
365 2864 452 2932 siout
468 2863 555 2932 eirea
571 2863 633 2932 hoo
648 2863 744 2932 homo
754 2863 1170 2950 nosterpotuitinformari
1186 2870 1306 2936 Datum

170 2971 209 3036 in
226 2969 343 3057 uigilia
358 2971 453 3039 Beati
469 2969 687 3038 Bartholomei
701 2970 862 3058 Apostoli.

283 3113 313 3179 K
322 3113 440 3180 lvttl:
463 3111 603 3181 Domino
618 3113 702 3199 Regi
717 3112 922 3198 inquisitorie
941 3133 1001 3200 pro
1016 3112 1183 3199 Magistris
1199 3115 1308 3202 Nyoo

171 3223 229 3287 leo
249 3227 282 3286 et
303 3219 413 3287 Zuurd
439 3225 471 3288 et
495 3219 590 3288 Chek
615 3228 727 3288 contre
750 3220 935 3290 Lorendum
949 3229 983 3290 et
996 3222 1187 3290 Mioheelem
1203 3223 1306 3291 filium

171 3326 311 3394 Meurioi
327 3327 411 3394 Boni
426 3347 466 3396 eo
483 3325 578 3394 Olralx
597 3327 698 3395 filium
714 3327 849 3397 Mathei.

171 3522 315 3590 (Eredetie
328 3521 504 3594 bdrhdrtydn,
525 3523 692 3593 erdrpeosdt
716 3527 886 3598 elreeeett,e
907 3526 991 3578 budsi
1014 3525 1064 3578 lxir.
1079 3526 1205 3582 kemuroi
1224 3523 1308 3579 level-

682 3610 799 3681 tdrbun.)

638 3899 852 3916 -υι-ι-
