3098 5172
856 877 932 945 llo.

332 1053 405 1118 III.
423 1055 530 1118 ibidus
546 1055 653 1140 lrirdlp
671 1056 761 1140 l’ulp
784 1057 1103 1144 Tumusrnaprcsui
1117 1083 1138 1128 α
1152 1063 1313 1146 Μένρεεέε
1329 1063 1400 1127 Rau
1413 1064 1451 1139 ju·
1537 1124 1538 1144 ξ

700 1165 762 1227 cult
778 1163 978 1232 birtoluilrun.
996 1167 1091 1228 1295.
1181 1195 1188 1210 ·

319 1375 327 1393 x
435 1339 650 1406 AndreaeDcl
662 1339 774 1423 gracia
789 1338 969 1424 Huugarie‚
982 1340 1164 1426 Dalmatia,
1182 1339 1326 1419 Croacic,
1347 1344 1447 1424 Reme,

329 1446 451 1530 Seruis,
470 1447 617 1533 Gallicis,
634 1444 855 1526 Lodcmerie‚
882 1447 1048 1533 Cumanie,
1070 1448 1289 1531 Balgarieque
1303 1451 1375 1515 Rex
1391 1449 1449 1514 sni·
1538 1491 1539 1506 1

327 1555 430 1620 uersis
448 1551 568 1620 Christi
590 1553 740 1620 fidelibus
756 1559 823 1618 tam
842 1553 1056 1639 presentibus,
1075 1573 1171 1636 quam
1188 1552 1312 1638 futuris,
1329 1575 1449 1639 presen-

326 1661 410 1726 cium
427 1660 579 1727 noticiam
596 1659 766 1740 habituris,
783 1660 923 1726 salutem
940 1660 973 1724 in
991 1680 1047 1742 eo,
1064 1661 1119 1742 qui
1144 1661 1287 1742 Regibus
1305 1661 1361 1727 dat
1371 1661 1448 1729 salu-

321 1773 401 1833 tem.
420 1768 470 1832 lid
497 1768 722 1834 uniuersorum
747 1766 905 1832 noticiam
938 1773 1050 1834 tenore
1075 1767 1281 1851 presencium
1306 1769 1448 1834 uolumus

326 1875 507 1960 peruenire,
523 1876 609 1959 quod
624 1874 779 1958 Magister
796 1874 940 1940 Thomas
966 1875 1087 1942 nobilis
1103 1873 1144 1938 de
1160 1873 1233 1940 Puk
1250 1876 1292 1940 ad
1308 1886 1447 1943 nostran

325 1982 482 2048 accedens
499 1984 701 2067 presenciam
728 1981 876 2046 exhibuit
893 1982 987 2048 nobis
1012 1982 1142 2047 litteras
1160 1989 1287 2048 nostras
1306 1991 1449 2068 patentes

324 2107 423 2170 super
450 2089 630 2156 collacione
647 2095 805 2156 terrarum
837 2089 966 2169 Merges
992 2097 1024 2153 ct
1041 2091 1123 2173 liety
1143 2096 1332 2154 necatarum
1348 2091 1423 2157 coni
1439 2127 1450 2142 ·

322 2203 401 2281 ctas,
412 2201 557 2280 petensa
572 2195 666 2261 nobis
682 2215 754 2260 cum
766 2195 944 2279 instancia,
956 2201 989 2258 vt
1000 2215 1058 2260 nos
1076 2195 1166 2276 ipsas
1182 2196 1308 2262 litteras
1325 2205 1448 2263 nostras

321 2308 410 2366 ratas
422 2302 541 2367 habere
559 2310 590 2368 et
605 2308 712 2368 nostro
730 2301 938 2384 dignaremur
954 2301 1126 2385 priuilegio
1148 2302 1349 2368 confirmare.
1367 2305 1446 2382 Qua·

320 2428 390 2474 rum
408 2415 499 2473 tenor
514 2408 588 2474 talis
605 2415 677 2475 est:

429 2515 496 2581 Nos
513 2514 661 2580 rindreas
677 2515 739 2578 Dei
755 2513 867 2596 gracia
892 2515 962 2578 Rex
987 2512 1130 2594 Vngarie
1148 2515 1210 2580 etb.
1232 2512 1445 2601 (kbvetkczik

320 2621 376 2686 lll.
394 2619 501 2686 Endre
525 2621 706 2706 kirblynak
736 2620 872 2687 raet-ki
899 2619 1190 2702 adomanylerelc,
1218 2621 1299 2687 mint
1316 2624 1446 2690 ientebb

367 2779 374 2795 .
408 2749 434 2792 z.
475 2777 481 2791 .

320 2731 364 2794 25
391 2747 406 2796 ⁸
426 2726 497 2901 11111)
510 2837 609 2918 igitur
633 2832 1004 2918 peticionibuspredicti
1021 2832 1169 2916 Magistri
1186 2835 1308 2902 Thome
1326 2837 1446 2903 dePuk

317 2942 542 3010 fauorabiliter
558 2942 725 3026 inclinati,
749 2941 828 3024 quia
844 2940 1046 3023 inspeximus
1064 2940 1153 3023 ipsas
1180 2942 1302 3008 litteras
1319 2953 1447 3010 nostras

316 3055 465 3136 patentes
491 3070 554 3117 non
581 3049 796 3126 cancellatae,
824 3069 888 3113 non
920 3047 1083 3130 abolitae,
1108 3069 1169 3114 nec
1194 3049 1227 3114 in
1253 3052 1366 3134 aliqua
1392 3054 1442 3120 sui

316 3164 409 3242 parte
424 3157 581 3243 viciatus,
608 3155 648 3223 de
665 3157 762 3221 verbo
779 3155 822 3221 ad
846 3157 978 3222 verbum
1006 3155 1209 3240 presentibus
1235 3157 1376 3226 insertas
1393 3181 1446 3246 ap-

316 3264 483 3348 probando
509 3265 753 3346 confirmamus,
769 3261 931 3348 dupplicis
961 3262 1059 3345 sigilli
1081 3265 1180 3329 nostri
1193 3266 1378 3334 munimine
1395 3289 1446 3334 ro·

315 3374 479 3438 borantee.
499 3373 617 3436 Datum
644 3391 702 3455 per
727 3390 841 3436 manus
867 3368 1064 3434 venerabilis
1081 3372 1184 3454 patris
1201 3373 1365 3440 Theodori
1385 3377 1447 3442 Dei

271 3481 274 3486 '
314 3477 428 3560 gracia
442 3477 595 3563 Episcopi
613 3479 804 3562 lentiensis,
823 3477 898 3542 aule
914 3482 1024 3542 nostre
1041 3477 1334 3565 vice-Cancellarij
1363 3481 1446 3550 dile-

315 3587 357 3650 cti
375 3592 406 3652 et
423 3586 527 3652 tidelis
544 3587 644 3652 nostri
661 3607 747 3652 anno
764 3586 893 3652 Domini
911 3589 1103 3658 millessimo
1130 3594 1371 3660 ducentessimo
1391 3615 1445 3660 no-

312 3693 482 3775 nagesimo
498 3694 608 3776 quinto
619 3693 721 3760 XVII.
738 3693 898 3761 kalendas
918 3697 1130 3786 Septembris,
1147 3699 1251 3782 Regni
1269 3707 1375 3766 autem
1390 3721 1447 3766 no-

310 3800 372 3864 stri
389 3821 474 3866 anno
490 3804 592 3866 sexto.

311 3995 447 4058 (Erede'tie
462 3995 635 4064 bb'rhrirtyr'rn,
649 4015 666 4049 a
680 3996 769 4064 kirtly
785 3999 870 4067 suiggb'
882 4003 1002 4068 pecsetde
1013 4004 1099 4068 alatt;
1113 4007 1245 4069 aszopoei
1258 4001 1393 4070 kuiptalan
1407 4007 1447 4056 le·

608 4084 776 4140 veltfirtlban.
788 4092 864 4142 szli
879 4091 1002 4146 Hcrvlth
1016 4091 1138 4160 Mthtly.)

812 4377 976 4386 ...ὴ-
