3132 5162
597 315 756 414 „so-

114 505 151 572 do
165 504 287 590 Paoha,
302 505 445 592 Syrnone
460 506 503 574 de
518 505 664 594 Zemlyn,
687 507 824 575 Nicolao
842 510 883 576 de
900 507 1035 591 Borsua,
1052 507 1181 592 ligidyo
1197 489 1252 577 de.

114 614 205 698 an,
223 613 394 682 Dominloo
410 614 451 682 de
467 614 585 682 Hewes
601 614 856 700 hrohidiaoonis,
874 621 907 682 ot
917 617 995 701 alijs
1011 613 1129 682 multis.
1144 615 1238 681 Anno

114 721 240 788 Domini
256 719 377 788 Μ’ῢθο
400 721 613 803 nonagesimo
638 722 752 808 primo.
768 723 939 806 Regnunte
964 721 1095 788 Andrea
1120 719 1237 788 illustri

114 828 199 910 Rege
212 826 394 914 Hungario,
420 827 615 894 Lodomerio
640 827 866 912 strigoniensi,
893 826 1045 894 lohanne
1070 825 1237 894 colocensi

115 934 381 1020 hrohiepisoopis,
398 942 430 1001 et
447 933 577 1000 domino
593 943 701 1002 nostro
717 933 898 1002 venorabili
914 939 1003 1019 prtre
1018 931 1149 999 Andrea
1174 931 1237 998 Dei

115 1041 223 1123 gracia
237 1042 402 1127 Episcopo
418 1041 570 1124 Agriensi
581 1041 805 1108 existentibus.

126 1238 248 1289 Eredstle
262 1235 440 1302 bdrhdrtyln‚
453 1238 571 1303 melyrdl
583 1238 751 1303 ibolyusrinll
775 1235 1002 1304 rolyemzsindron
1016 1251 1033 1287 s
1045 1233 1139 1302 poerit
1151 1235 1236 1302 ἕως
1354 1255 1355 1260 ’

411 1339 429 1374 u
440 1324 523 1376 budai
537 1326 588 1379 kir.
601 1325 725 1378 humaui
749 1323 939 1390 revertero-n.)

579 1605 789 1620 *μ’-...ιι

638 2125 693 2192 ta.

111 2319 434 2406 Arzikeofeltervctri
448 2323 675 2406 ltdptalaauok
691 2321 967 2405 biaonysdpleoela
993 2321 1078 2404 hoqy
1104 2315 1235 2384 Arnold
1272 2292 1282 2300 ⁶
1343 2393 1344 2396 Ἴ

110 2439 217 2493 mester
232 2431 429 2514 Naratyooh
446 2431 478 2494 ds
493 2429 699 2493 Iudahatellti
722 2437 802 2492 nouit
827 2428 1000 2513 diruperit,
1025 2427 1142 2511 arelyela
1167 2425 1233 2490 Hu-

111 2535 184 2601 told
210 2537 369 2602 eomeouelt
399 2535 509 2600 ooltalt
533 2535 767 2620 melopoeiae,
786 2535 905 2617 fidook
930 2535 1043 2600 Iatodn
1066 2533 1233 2598 mesteruelt

555 2641 671 2722 eladja.
689 2641 786 2706 1291.
871 2635 877 2652 ¹

216 2853 402 2937 Capitulum
419 2852 564 2920 Eoolesio
579 2851 731 2919 Albensis
757 2852 906 2920 omnihus
932 2851 1050 2918 Christi
1077 2851 1228 2920 fidelibus

105 2967 272 3045 presentes
287 2960 414 3026 litteras
431 2961 625 3047 inspecturis
642 2959 781 3027 salutem
796 2963 830 3027 in
847 2981 895 3046 eo,
913 2959 968 3042 qui
984 2967 1033 3025 est
1051 2960 1142 3026 salas
1166 2979 1231 3025 onr-

104 3067 203 3133 nium.
220 3065 334 3133 Solent
349 3067 479 3153 seriptis
494 3067 611 3154 redigy
626 3068 716 3136 faeta
732 3069 924 3152 mortalium,
945 3089 993 3144 no
1019 3067 1232 3132 diuturnitate

105 3175 261 3260 temporis
277 3175 311 3240 in
328 3175 460 3241 dubium
472 3182 664 3242 renouentur
677 3200 684 3262 3
695 3177 748 3242 vel
759 3183 794 3242 ut
804 3197 845 3242 ea
855 3175 958 3259 quein
976 3182 1119 3260 tempore
1130 3193 1230 3256 agun-

103 3285 165 3360 tur,
182 3302 226 3347 ne
242 3299 314 3347 onrn
330 3289 474 3367 tempore
490 3282 634 3349 defluant
644 3289 676 3350 ot
691 3283 856 3370 labuntur,
868 3281 910 3348 ud
920 3281 1102 3347 oauthelam
1115 3279 1227 3364 scripti

101 3388 207 3452 solent
221 3388 405 3474 patrooinio
430 3388 630 3456 communiri.
647 3389 698 3454 Ad
714 3390 937 3456 uniuersorum
963 3388 1063 3470 igitur
1073 3386 1229 3454 noticiam

102 3497 215 3560 tenore
230 3495 432 3578 presencium
448 3497 598 3562 uolumus
614 3497 803 3580 peruenire:
821 3495 908 3579 quod
928 3493 1112 3562 constitutis
1124 3513 1229 3561 corarn

99 3599 197 3666 nohis
212 3600 371 3684 Magistro
397 3599 539 3680 Arnoldo
565 3601 630 3668 tilio
655 3601 788 3668 Comitis
813 3601 958 3687 Arnoldy
982 3603 1024 3667 ab
1040 3621 1104 3668 una
1126 3607 1227 3686 parts,

99 3705 264 3792 Magistro
279 3707 447 3790 Stephano
464 3709 529 3776 tllio
546 3707 680 3775 Comitis
694 3706 851 3796 Huholdy
866 3728 907 3774 ex
923 3709 1047 3774 alteru:
1064 3706 1149 3772 idem
1166 3707 1231 3770 lla·

100 3813 208 3897 gister
223 3813 390 3880 Arnoldus
408 3813 490 3880 dnus
506 3821 611 3882 terras
627 3835 685 3883 seu
699 3815 925 3901 possessiones
941 3835 1018 3885 suas
1042 3809 1230 3894 Naratynoh
1330 3869 1335 3880 ,

96 3927 129 3986 et
143 3919 422 4004 Ivanlrathelulry
438 3931 652 4006 nuncupatas,
671 3923 786 4006 quibus
802 3923 844 3989 ah
860 3922 1021 4006 aquilone,
1036 3922 1077 3986 ab
1093 3920 1230 4004 oriente,

95 4033 127 4091 et
143 4047 166 4091 a
183 4026 323 4094 meridie
338 4026 502 4112 prediatus
519 4029 674 4113 Magister
698 4029 883 4112 Stephanus
910 4033 1128 4109 oommetatnr,
1157 4043 1229 4090 oum
1346 4035 1353 4058 '

95 4133 253 4200 omnibus
265 4133 460 4202 utilitatibus
472 4137 551 4220 suis,
563 4156 634 4202 oum
646 4135 847 4203 dimidietate
856 4135 946 4222 fluuij
959 4137 1050 4202 Mure
1062 4130 1228 4214 attributi,

92 4239 337 4323 indignacione
354 4240 512 4327 Stephani
528 4243 627 4328 Regis
644 4245 687 4310 ad
702 4241 831 4312 eosdem
857 4245 1026 4320 existente,
1045 4261 1102 4327 per
1125 4238 1231 4326 Nyeo·

92 4345 311 4413 luum'filium
328 4347 462 4414 Comitis
480 4349 627 4438 Arnoldy
644 4351 776 4417 fratrem
803 4351 946 4419 eiusdem
971 4371 1029 4436 pro
1059 4349 1232 4432 sexaginta

91 4453 220 4520 mareis
236 4455 372 4538 planes
398 4452 522 4522 comite
538 4457 686 4524 Haholdo
703 4457 823 4525 habitis
849 4465 882 4522 ot
907 4457 1058 4543 rooeptis,
1083 4457 1146 4542 ipsi
1173 4454 1232 4522 Oo-

90 4559 162 4628 mitt
182 4557 342 4628 Haholdo
355 4559 440 4648 patri
467 4561 611 4631 eiusdem
637 4563 784 4648 Magistri
810 4563 968 4650 Stephani
993 4566 1123 4649 pignori
1149 4563 1227 4630 obli-
