<?xml version="1.0" encoding="UTF-8"?>
<!DOCTYPE html PUBLIC "-//W3C//DTD XHTML 1.0 Transitional//EN"
    "http://www.w3.org/TR/xhtml1/DTD/xhtml1-transitional.dtd">
<html xmlns="http://www.w3.org/1999/xhtml" xml:lang="en" lang="en">
 <head>
  <title>
</title>
<meta http-equiv="Content-Type" content="text/html;charset=utf-8" />
  <meta name='ocr-system' content='tesseract 3.04.00' />
  <meta name='ocr-capabilities' content='ocr_page ocr_carea ocr_par ocr_line ocrx_word'/>
</head>
<body>
  <div class='ocr_page' id='page_1' title='image "./codexdiplomatic19wenzgoog_0156.png"; bbox 0 0 3112 5158; ppageno 0'>
   <div class='ocr_carea' id='block_1_1' title="bbox 224 314 1547 2094">
    <p class='ocr_par' dir='ltr' id='par_1_1' title="bbox 224 314 1547 2094">
     <span class='ocr_line' id='line_1_1' title="bbox 832 314 1547 423; baseline -0.008 -43"><span class='ocrx_word' id='word_1_1' title='bbox 832 405 857 411; x_wconf 52' lang='grc'>-</span> <span class='ocrx_word' id='word_1_2' title='bbox 881 314 981 410; x_wconf 39' lang='grc'>119-</span> <span class='ocrx_word' id='word_1_3' title='bbox 1541 349 1547 423; x_wconf 63' lang='grc' dir='ltr'>Ι-</span> 
     </span>
     <span class='ocr_line' id='line_1_2' title="bbox 349 449 1547 603; baseline -0.005 -25"><span class='ocrx_word' id='word_1_4' title='bbox 349 517 507 593; x_wconf 72' lang='lat' dir='ltr'>uocatam</span> <span class='ocrx_word' id='word_1_5' title='bbox 523 516 557 574; x_wconf 88' lang='lat' dir='ltr'>vt</span> <span class='ocrx_word' id='word_1_6' title='bbox 572 509 604 573; x_wconf 92' lang='lat' dir='ltr'>in</span> <span class='ocrx_word' id='word_1_7' title='bbox 621 508 736 576; x_wconf 91' lang='lat' dir='ltr'>litteris</span> <span class='ocrx_word' id='word_1_8' title='bbox 754 507 1026 573; x_wconf 80' lang='lat' dir='ltr'>Excellentissimi</span> <span class='ocrx_word' id='word_1_9' title='bbox 1041 506 1203 595; x_wconf 89' lang='lat' dir='ltr'>Principis</span> <span class='ocrx_word' id='word_1_10' title='bbox 1220 507 1343 573; x_wconf 91' lang='lat' dir='ltr'>domini</span> <span class='ocrx_word' id='word_1_11' title='bbox 1359 507 1461 572; x_wconf 84' lang='lat' dir='ltr'>badia·</span> <span class='ocrx_word' id='word_1_12' title='bbox 1541 449 1547 603; x_wconf 59' lang='lat' dir='ltr'>i</span> 
     </span>
     <span class='ocr_line' id='line_1_3' title="bbox 348 612 1547 754; baseline -0.001 -72"><span class='ocrx_word' id='word_1_13' title='bbox 348 615 393 682; x_wconf 91' lang='lat' dir='ltr'>lai</span> <span class='ocrx_word' id='word_1_14' title='bbox 410 615 616 682; x_wconf 86' lang='lat' dir='ltr'>Serenissimi</span> <span class='ocrx_word' id='word_1_15' title='bbox 632 614 731 698; x_wconf 85' lang='lat' dir='ltr'>Regis</span> <span class='ocrx_word' id='word_1_16' title='bbox 748 614 923 700; x_wconf 84' lang='lat' dir='ltr'>Hungcrie,</span> <span class='ocrx_word' id='word_1_17' title='bbox 940 612 1178 700; x_wconf 77' lang='lat' dir='ltr'>predecessoris</span> <span class='ocrx_word' id='word_1_18' title='bbox 1194 617 1305 701; x_wconf 81' lang='lat' dir='ltr'>nostri,</span> <span class='ocrx_word' id='word_1_19' title='bbox 1323 636 1379 699; x_wconf 93' lang='lat' dir='ltr'>per</span> <span class='ocrx_word' id='word_1_20' title='bbox 1394 635 1458 681; x_wconf 90' lang='lat' dir='ltr'>cun·</span> <span class='ocrx_word' id='word_1_21' title='bbox 1543 639 1547 754; x_wconf 66' lang='lat' dir='ltr'>p</span> 
     </span>
     <span class='ocr_line' id='line_1_4' title="bbox 349 721 1461 807; baseline 0.001 -20"><span class='ocrx_word' id='word_1_22' title='bbox 349 721 421 788; x_wconf 91' lang='lat' dir='ltr'>dem</span> <span class='ocrx_word' id='word_1_23' title='bbox 452 723 642 806; x_wconf 81' lang='lat' dir='ltr'><strong>Magistrum</strong></span> <span class='ocrx_word' id='word_1_24' title='bbox 674 722 888 788; x_wconf 89' lang='lat' dir='ltr'>Laurencium</span> <span class='ocrx_word' id='word_1_25' title='bbox 915 741 1012 806; x_wconf 87' lang='lat' dir='ltr'>super</span> <span class='ocrx_word' id='word_1_26' title='bbox 1046 723 1121 804; x_wconf 88' lang='lat' dir='ltr'>ipsa</span> <span class='ocrx_word' id='word_1_27' title='bbox 1148 721 1354 807; x_wconf 81' lang='lat' dir='ltr'>possessione</span> <span class='ocrx_word' id='word_1_28' title='bbox 1378 723 1461 788; x_wconf 88' lang='lat' dir='ltr'>nobis</span> 
     </span>
     <span class='ocr_line' id='line_1_5' title="bbox 350 827 1460 914; baseline 0 -20"><span class='ocrx_word' id='word_1_29' title='bbox 350 829 480 896; x_wconf 80' lang='lat' dir='ltr'>exibitis</span> <span class='ocrx_word' id='word_1_30' title='bbox 497 829 653 895; x_wconf 78' lang='lat' dir='ltr'>contineri</span> <span class='ocrx_word' id='word_1_31' title='bbox 670 828 819 910; x_wconf 87' lang='lat' dir='ltr'>vidimus,</span> <span class='ocrx_word' id='word_1_32' title='bbox 835 847 932 910; x_wconf 87' lang='lat' dir='ltr'>quam</span> <span class='ocrx_word' id='word_1_33' title='bbox 959 827 1045 894; x_wconf 91' lang='lat' dir='ltr'>idem</span> <span class='ocrx_word' id='word_1_34' title='bbox 1072 828 1260 894; x_wconf 90' lang='lat' dir='ltr'>Dominicus</span> <span class='ocrx_word' id='word_1_35' title='bbox 1285 829 1460 914; x_wconf 82' lang='lat' dir='ltr'>potenciali-</span> 
     </span>
     <span class='ocr_line' id='line_1_6' title="bbox 350 933 1463 1022; baseline 0 -22"><span class='ocrx_word' id='word_1_36' title='bbox 350 943 397 1002; x_wconf 90' lang='lat' dir='ltr'>ter</span> <span class='ocrx_word' id='word_1_37' title='bbox 413 935 544 1002; x_wconf 86' lang='lat' dir='ltr'>tenebat</span> <span class='ocrx_word' id='word_1_38' title='bbox 561 941 593 1018; x_wconf 73' lang='lat' dir='ltr'>et</span> <span class='ocrx_word' id='word_1_39' title='bbox 610 933 809 1021; x_wconf 85' lang='lat' dir='ltr'>possidebat,</span> <span class='ocrx_word' id='word_1_40' title='bbox 825 955 922 1022; x_wconf 91' lang='lat' dir='ltr'>super</span> <span class='ocrx_word' id='word_1_41' title='bbox 938 954 1003 1019; x_wconf 86' lang='lat' dir='ltr'>qua</span> <span class='ocrx_word' id='word_1_42' title='bbox 1019 937 1106 1000; x_wconf 87' lang='lat' dir='ltr'>inter</span> <span class='ocrx_word' id='word_1_43' title='bbox 1130 936 1220 1020; x_wconf 89' lang='lat' dir='ltr'>ipsos</span> <span class='ocrx_word' id='word_1_44' title='bbox 1245 935 1313 1000; x_wconf 89' lang='lat' dir='ltr'>litis</span> <span class='ocrx_word' id='word_1_45' title='bbox 1340 935 1463 1002; x_wconf 83' lang='lat' dir='ltr'>materia</span> 
     </span>
     <span class='ocr_line' id='line_1_7' title="bbox 224 1039 1463 1128; baseline -0.001 -21"><span class='ocrx_word' id='word_1_46' title='bbox 224 1077 228 1086; x_wconf 90' lang='lat'><em>·</em></span> <span class='ocrx_word' id='word_1_47' title='bbox 351 1040 477 1108; x_wconf 88' lang='lat' dir='ltr'>diucius</span> <span class='ocrx_word' id='word_1_48' title='bbox 495 1041 647 1108; x_wconf 86' lang='lat' dir='ltr'>extiterat</span> <span class='ocrx_word' id='word_1_49' title='bbox 663 1039 850 1124; x_wconf 81' lang='lat' dir='ltr'>diuulgata;</span> <span class='ocrx_word' id='word_1_50' title='bbox 866 1046 976 1108; x_wconf 89' lang='lat' dir='ltr'>tamen</span> <span class='ocrx_word' id='word_1_51' title='bbox 985 1062 1043 1128; x_wconf 90' lang='lat' dir='ltr'>per</span> <span class='ocrx_word' id='word_1_52' title='bbox 1052 1041 1292 1108; x_wconf 86' lang='lat' dir='ltr'>ordinacionem</span> <span class='ocrx_word' id='word_1_53' title='bbox 1304 1045 1463 1128; x_wconf 90' lang='lat' dir='ltr'>proborum</span> 
     </span>
     <span class='ocr_line' id='line_1_8' title="bbox 299 1148 1460 1234; baseline -0.002 -18"><span class='ocrx_word' id='word_1_54' title='bbox 299 1187 301 1194; x_wconf 72' lang='lat'>‚</span> <span class='ocrx_word' id='word_1_55' title='bbox 351 1151 493 1216; x_wconf 92' lang='lat' dir='ltr'>uirorum</span> <span class='ocrx_word' id='word_1_56' title='bbox 509 1157 541 1215; x_wconf 91' lang='lat' dir='ltr'>et</span> <span class='ocrx_word' id='word_1_57' title='bbox 555 1150 658 1233; x_wconf 79' lang='lat' dir='ltr'>Regni</span> <span class='ocrx_word' id='word_1_58' title='bbox 674 1149 775 1216; x_wconf 87' lang='lat' dir='ltr'>nostri</span> <span class='ocrx_word' id='word_1_59' title='bbox 790 1148 949 1215; x_wconf 88' lang='lat' dir='ltr'>nobilium</span> <span class='ocrx_word' id='word_1_60' title='bbox 965 1150 1051 1216; x_wconf 90' lang='lat' dir='ltr'>inter</span> <span class='ocrx_word' id='word_1_61' title='bbox 1077 1149 1165 1234; x_wconf 92' lang='lat' dir='ltr'>ipsos</span> <span class='ocrx_word' id='word_1_62' title='bbox 1192 1150 1269 1216; x_wconf 88' lang='lat' dir='ltr'>talis</span> <span class='ocrx_word' id='word_1_63' title='bbox 1297 1151 1460 1217; x_wconf 84' lang='lat' dir='ltr'>concordia</span> 
     </span>
     <span class='ocr_line' id='line_1_9' title="bbox 352 1256 1463 1344; baseline 0 -20"><span class='ocrx_word' id='word_1_64' title='bbox 352 1277 460 1326; x_wconf 87' lang='lat' dir='ltr'>coram</span> <span class='ocrx_word' id='word_1_65' title='bbox 476 1257 569 1324; x_wconf 93' lang='lat' dir='ltr'>nobis</span> <span class='ocrx_word' id='word_1_66' title='bbox 586 1256 645 1322; x_wconf 91' lang='lat' dir='ltr'>fuit</span> <span class='ocrx_word' id='word_1_67' title='bbox 659 1257 746 1322; x_wconf 86' lang='lat' dir='ltr'>facta</span> <span class='ocrx_word' id='word_1_68' title='bbox 770 1262 802 1324; x_wconf 92' lang='lat' dir='ltr'>et</span> <span class='ocrx_word' id='word_1_69' title='bbox 818 1256 985 1322; x_wconf 85' lang='lat' dir='ltr'>ordinata:</span> <span class='ocrx_word' id='word_1_70' title='bbox 1013 1256 1054 1322; x_wconf 89' lang='lat' dir='ltr'>Vt</span> <span class='ocrx_word' id='word_1_71' title='bbox 1078 1257 1165 1322; x_wconf 91' lang='lat' dir='ltr'>idem</span> <span class='ocrx_word' id='word_1_72' title='bbox 1191 1257 1379 1324; x_wconf 89' lang='lat' dir='ltr'>Dominicus</span> <span class='ocrx_word' id='word_1_73' title='bbox 1403 1279 1463 1344; x_wconf 91' lang='lat' dir='ltr'>pre·</span> 
     </span>
     <span class='ocr_line' id='line_1_10' title="bbox 352 1363 1463 1452; baseline -0.001 -22"><span class='ocrx_word' id='word_1_74' title='bbox 352 1364 471 1432; x_wconf 87' lang='lat' dir='ltr'>dictam</span> <span class='ocrx_word' id='word_1_75' title='bbox 488 1365 723 1452; x_wconf 85' lang='lat' dir='ltr'>possessionem</span> <span class='ocrx_word' id='word_1_76' title='bbox 742 1363 847 1448; x_wconf 82' lang='lat' dir='ltr'>Gayul</span> <span class='ocrx_word' id='word_1_77' title='bbox 861 1364 1035 1442; x_wconf 90' lang='lat' dir='ltr'>secundum</span> <span class='ocrx_word' id='word_1_78' title='bbox 1046 1363 1286 1430; x_wconf 83' lang='lat' dir='ltr'>continenciam</span> <span class='ocrx_word' id='word_1_79' title='bbox 1296 1365 1463 1430; x_wconf 88' lang='lat' dir='ltr'>litterarum</span> 
     </span>
     <span class='ocr_line' id='line_1_11' title="bbox 352 1470 1461 1559; baseline -0.004 -20"><span class='ocrx_word' id='word_1_80' title='bbox 352 1471 600 1559; x_wconf 84' lang='lat' dir='ltr'>priuilegiulium</span> <span class='ocrx_word' id='word_1_81' title='bbox 625 1470 746 1536; x_wconf 89' lang='lat' dir='ltr'>domini</span> <span class='ocrx_word' id='word_1_82' title='bbox 763 1470 909 1536; x_wconf 85' lang='lat' dir='ltr'>Ladizlsi</span> <span class='ocrx_word' id='word_1_83' title='bbox 926 1471 1024 1554; x_wconf 81' lang='lat' dir='ltr'>Regis</span> <span class='ocrx_word' id='word_1_84' title='bbox 1040 1471 1208 1553; x_wconf 84' lang='lat' dir='ltr'>Hungarie</span> <span class='ocrx_word' id='word_1_85' title='bbox 1224 1471 1461 1556; x_wconf 79' lang='lat' dir='ltr'>prescriptorum</span> 
     </span>
     <span class='ocr_line' id='line_1_12' title="bbox 351 1577 1463 1666; baseline -0.003 -19"><span class='ocrx_word' id='word_1_86' title='bbox 351 1581 505 1666; x_wconf 80' lang='lat' dir='ltr'>Magistro</span> <span class='ocrx_word' id='word_1_87' title='bbox 520 1580 701 1647; x_wconf 88' lang='lat' dir='ltr'>Laurencio</span> <span class='ocrx_word' id='word_1_88' title='bbox 717 1584 896 1666; x_wconf 86' lang='lat' dir='ltr'>prenotato,</span> <span class='ocrx_word' id='word_1_89' title='bbox 914 1585 946 1645; x_wconf 88' lang='lat' dir='ltr'>et</span> <span class='ocrx_word' id='word_1_90' title='bbox 961 1599 1019 1663; x_wconf 91' lang='lat' dir='ltr'>par</span> <span class='ocrx_word' id='word_1_91' title='bbox 1035 1599 1107 1644; x_wconf 92' lang='lat' dir='ltr'>eum</span> <span class='ocrx_word' id='word_1_92' title='bbox 1133 1580 1200 1647; x_wconf 90' lang='lat' dir='ltr'>suis</span> <span class='ocrx_word' id='word_1_93' title='bbox 1225 1579 1396 1646; x_wconf 89' lang='lat' dir='ltr'>heredibus</span> <span class='ocrx_word' id='word_1_94' title='bbox 1417 1577 1463 1645; x_wconf 90' lang='lat' dir='ltr'>he·</span> 
     </span>
     <span class='ocr_line' id='line_1_13' title="bbox 350 1686 1465 1774; baseline 0 -18"><span class='ocrx_word' id='word_1_95' title='bbox 350 1688 526 1771; x_wconf 89' lang='lat' dir='ltr'>redumque</span> <span class='ocrx_word' id='word_1_96' title='bbox 540 1706 669 1754; x_wconf 90' lang='lat' dir='ltr'>suorum</span> <span class='ocrx_word' id='word_1_97' title='bbox 685 1687 927 1753; x_wconf 89' lang='lat' dir='ltr'>successoribus</span> <span class='ocrx_word' id='word_1_98' title='bbox 942 1686 1080 1771; x_wconf 89' lang='lat' dir='ltr'>reliquit,</span> <span class='ocrx_word' id='word_1_99' title='bbox 1115 1686 1253 1753; x_wconf 89' lang='lat' dir='ltr'>restituit</span> <span class='ocrx_word' id='word_1_100' title='bbox 1264 1688 1340 1772; x_wconf 89' lang='lat' dir='ltr'>jure</span> <span class='ocrx_word' id='word_1_101' title='bbox 1365 1708 1465 1774; x_wconf 88' lang='lat' dir='ltr'>perpe·</span> 
     </span>
     <span class='ocr_line' id='line_1_14' title="bbox 350 1791 1464 1880; baseline -0.002 -18"><span class='ocrx_word' id='word_1_102' title='bbox 350 1803 405 1863; x_wconf 91' lang='lat' dir='ltr'>tuo</span> <span class='ocrx_word' id='word_1_103' title='bbox 422 1793 723 1862; x_wconf 89' lang='lat' dir='ltr'>etirreuocabilitcr</span> <span class='ocrx_word' id='word_1_104' title='bbox 754 1791 993 1880; x_wconf 85' lang='lat' dir='ltr'>possidendam,</span> <span class='ocrx_word' id='word_1_105' title='bbox 1021 1793 1193 1859; x_wconf 80' lang='lat' dir='ltr'>tenendum</span> <span class='ocrx_word' id='word_1_106' title='bbox 1221 1804 1252 1858; x_wconf 89' lang='lat' dir='ltr'>et</span> <span class='ocrx_word' id='word_1_107' title='bbox 1277 1794 1464 1862; x_wconf 89' lang='lat' dir='ltr'>habendam.</span> 
     </span>
     <span class='ocr_line' id='line_1_15' title="bbox 352 1898 1465 1988; baseline -0.003 -19"><span class='ocrx_word' id='word_1_108' title='bbox 352 1903 470 1969; x_wconf 89' lang='lat' dir='ltr'>Datum</span> <span class='ocrx_word' id='word_1_109' title='bbox 487 1903 579 1969; x_wconf 90' lang='lat' dir='ltr'>Bude</span> <span class='ocrx_word' id='word_1_110' title='bbox 595 1900 736 1968; x_wconf 89' lang='lat' dir='ltr'>secundo</span> <span class='ocrx_word' id='word_1_111' title='bbox 752 1901 804 1966; x_wconf 91' lang='lat' dir='ltr'>die</span> <span class='ocrx_word' id='word_1_112' title='bbox 821 1903 912 1968; x_wconf 82' lang='lat' dir='ltr'>Beati</span> <span class='ocrx_word' id='word_1_113' title='bbox 933 1898 1230 1988; x_wconf 81' lang='lat' dir='ltr'>RegisSt(epbani)</span> <span class='ocrx_word' id='word_1_114' title='bbox 1241 1921 1328 1968; x_wconf 87' lang='lat' dir='ltr'>anno</span> <span class='ocrx_word' id='word_1_115' title='bbox 1346 1903 1465 1970; x_wconf 91' lang='lat' dir='ltr'>Domini</span> 
     </span>
     <span class='ocr_line' id='line_1_16' title="bbox 351 1989 1390 2094; baseline -0.002 -18"><span class='ocrx_word' id='word_1_116' title='bbox 351 2009 520 2078; x_wconf 87' lang='lat' dir='ltr'>millesimo</span> <span class='ocrx_word' id='word_1_117' title='bbox 537 2009 757 2078; x_wconf 89' lang='lat' dir='ltr'>ducentesimo</span> <span class='ocrx_word' id='word_1_118' title='bbox 773 2011 981 2092; x_wconf 85' lang='lat' dir='ltr'>nonagesimo</span> <span class='ocrx_word' id='word_1_119' title='bbox 998 2010 1143 2094; x_wconf 84' lang='lat' dir='ltr'>septimo.</span> <span class='ocrx_word' id='word_1_120' title='bbox 1383 1989 1390 2004; x_wconf 58' lang='lat'><em>⁶</em></span> 
     </span>
    </p>
   </div>
   <div class='ocr_carea' id='block_1_2' title="bbox 352 2204 1465 2366">
    <p class='ocr_par' dir='ltr' id='par_1_2' title="bbox 352 2204 1465 2366">
     <span class='ocr_line' id='line_1_17' title="bbox 352 2204 1465 2277; baseline 0.005 -18"><span class='ocrx_word' id='word_1_121' title='bbox 352 2207 510 2274; x_wconf 67' lang='lat' dir='ltr'>(Zsigmond</span> <span class='ocrx_word' id='word_1_122' title='bbox 524 2204 672 2273; x_wconf 77' lang='lat' dir='ltr'>kirtlynuk</span> <span class='ocrx_word' id='word_1_123' title='bbox 687 2211 797 2264; x_wconf 76' lang='lat' dir='ltr'>uto-ki</span> <span class='ocrx_word' id='word_1_124' title='bbox 821 2207 985 2277; x_wconf 75' lang='lat' dir='ltr'>megerdsltb</span> <span class='ocrx_word' id='word_1_125' title='bbox 1007 2205 1291 2276; x_wconf 66' lang='lat' dir='ltr'>privilegiumdbdbs</span> <span class='ocrx_word' id='word_1_126' title='bbox 1317 2213 1400 2265; x_wconf 71' lang='lat' dir='ltr'>budsi</span> <span class='ocrx_word' id='word_1_127' title='bbox 1422 2213 1465 2265; x_wconf 77' lang='lat' dir='ltr'>bit.</span> 
     </span>
     <span class='ocr_line' id='line_1_18' title="bbox 755 2298 1080 2366; baseline 0 -16"><span class='ocrx_word' id='word_1_128' title='bbox 755 2301 879 2352; x_wconf 76' lang='lat' dir='ltr'>kemersi</span> <span class='ocrx_word' id='word_1_129' title='bbox 892 2298 1080 2366; x_wconf 74' lang='lat' dir='ltr'>lsreltdrban.)</span> 
     </span>
    </p>
   </div>
   <div class='ocr_carea' id='block_1_3' title="bbox 806 2549 1012 2566">
    <p class='ocr_par' dir='ltr' id='par_1_3' title="bbox 806 2549 1012 2566">
     <span class='ocr_line' id='line_1_19' title="bbox 806 2549 1012 2566; baseline -0.01 -1"><span class='ocrx_word' id='word_1_130' title='bbox 806 2549 1012 2566; x_wconf 66' lang='lat' dir='ltr'>*nnn-a·—</span> 
     </span>
    </p>
   </div>
   <div class='ocr_carea' id='block_1_4' title="bbox 873 2993 928 3060">
    <p class='ocr_par' dir='ltr' id='par_1_4' title="bbox 873 2993 928 3060">
     <span class='ocr_line' id='line_1_20' title="bbox 873 2993 928 3060; baseline 0 -1"><span class='ocrx_word' id='word_1_131' title='bbox 873 2993 928 3060; x_wconf 76' lang='lat'>78.</span> 
     </span>
    </p>
   </div>
   <div class='ocr_carea' id='block_1_5' title="bbox 350 3187 1547 3538">
    <p class='ocr_par' dir='ltr' id='par_1_5' title="bbox 350 3187 1547 3502">
     <span class='ocr_line' id='line_1_21' title="bbox 353 3187 1547 3280; baseline -0.003 -25"><span class='ocrx_word' id='word_1_132' title='bbox 353 3192 421 3256; x_wconf 87' lang='lat' dir='ltr'><strong><em>III.</em></strong></span> <span class='ocrx_word' id='word_1_133' title='bbox 438 3193 548 3257; x_wconf 73' lang='lat' dir='ltr'>Eudae</span> <span class='ocrx_word' id='word_1_134' title='bbox 564 3192 676 3278; x_wconf 69' lang='lat' dir='ltr'>kirtly</span> <span class='ocrx_word' id='word_1_135' title='bbox 692 3192 845 3257; x_wconf 82' lang='lat' dir='ltr'>readelcte</span> <span class='ocrx_word' id='word_1_136' title='bbox 870 3213 908 3254; x_wconf 80' lang='lat' dir='ltr'>aa</span> <span class='ocrx_word' id='word_1_137' title='bbox 925 3193 997 3278; x_wconf 72' lang='lat' dir='ltr'>cyri</span> <span class='ocrx_word' id='word_1_138' title='bbox 1022 3192 1249 3276; x_wconf 76' lang='lat' dir='ltr'>kdptalucboa,</span> <span class='ocrx_word' id='word_1_139' title='bbox 1276 3195 1360 3280; x_wconf 77' lang='lat' dir='ltr'>kopp</span> <span class='ocrx_word' id='word_1_140' title='bbox 1386 3195 1472 3258; x_wconf 80' lang='lat' dir='ltr'>Mero</span> <span class='ocrx_word' id='word_1_141' title='bbox 1546 3187 1547 3216; x_wconf 63' lang='lat'>¹</span> 
     </span>
     <span class='ocr_line' id='line_1_22' title="bbox 350 3300 1547 3398; baseline -0.003 -35"><span class='ocrx_word' id='word_1_142' title='bbox 350 3308 433 3363; x_wconf 80' lang='lat' dir='ltr'>acolt</span> <span class='ocrx_word' id='word_1_143' title='bbox 440 3300 548 3386; x_wconf 73' lang='lat' dir='ltr'>foldet</span> <span class='ocrx_word' id='word_1_144' title='bbox 563 3303 720 3385; x_wconf 70' lang='lat' dir='ltr'>torpyuco</span> <span class='ocrx_word' id='word_1_145' title='bbox 735 3301 944 3383; x_wconf 77' lang='lat' dir='ltr'>batdrjoirdoc&#39;</span> <span class='ocrx_word' id='word_1_146' title='bbox 960 3300 1172 3386; x_wconf 76' lang='lat' dir='ltr'>diaonyedpdt</span> <span class='ocrx_word' id='word_1_147' title='bbox 1188 3303 1340 3387; x_wconf 77' lang='lat' dir='ltr'>Bcpocbi</span> <span class='ocrx_word' id='word_1_148' title='bbox 1365 3303 1474 3368; x_wconf 80' lang='lat' dir='ltr'>Istudn</span> <span class='ocrx_word' id='word_1_149' title='bbox 1546 3387 1547 3398; x_wconf 10' lang='grc' dir='ltr'>ἵ</span> 
     </span>
     <span class='ocr_line' id='line_1_23' title="bbox 706 3403 1118 3488; baseline -0.004 -16"><span class='ocrx_word' id='word_1_150' title='bbox 706 3411 858 3478; x_wconf 74' lang='lat' dir='ltr'>szdmdra</span> <span class='ocrx_word' id='word_1_151' title='bbox 875 3405 1002 3488; x_wconf 57' lang='lat' dir='ltr'>krsswja.</span> <span class='ocrx_word' id='word_1_152' title='bbox 1022 3403 1118 3471; x_wconf 67' lang='lat'><em>1293·</em></span> 
     </span>
    </p>

    <p class='ocr_par' dir='ltr' id='par_1_6' title="bbox 1546 3507 1547 3538">
     <span class='ocr_line' id='line_1_24' title="bbox 1546 3507 1547 3538; baseline 0 0"><span class='ocrx_word' id='word_1_153' title='bbox 1546 3507 1547 3538; x_wconf 88' lang='lat' dir='ltr'>l</span> 
     </span>
    </p>
   </div>
   <div class='ocr_carea' id='block_1_6' title="bbox 350 3599 1547 4334">
    <p class='ocr_par' dir='ltr' id='par_1_7' title="bbox 350 3591 1547 4334">
     <span class='ocr_line' id='line_1_25' title="bbox 457 3599 1478 3685; baseline -0.004 -19"><span class='ocrx_word' id='word_1_154' title='bbox 457 3602 607 3668; x_wconf 83' lang='lat' dir='ltr'>Andreas</span> <span class='ocrx_word' id='word_1_155' title='bbox 632 3601 692 3667; x_wconf 92' lang='lat' dir='ltr'>Dei</span> <span class='ocrx_word' id='word_1_156' title='bbox 708 3603 819 3685; x_wconf 82' lang='lat' dir='ltr'>gracia</span> <span class='ocrx_word' id='word_1_157' title='bbox 835 3602 903 3668; x_wconf 82' lang='lat' dir='ltr'>Rex</span> <span class='ocrx_word' id='word_1_158' title='bbox 919 3602 1088 3685; x_wconf 83' lang='lat' dir='ltr'>Hungsrie</span> <span class='ocrx_word' id='word_1_159' title='bbox 1114 3601 1263 3670; x_wconf 88' lang='lat' dir='ltr'>fidelibus</span> <span class='ocrx_word' id='word_1_160' title='bbox 1290 3603 1360 3670; x_wconf 90' lang='lat' dir='ltr'>eius</span> <span class='ocrx_word' id='word_1_161' title='bbox 1385 3599 1478 3684; x_wconf 79' lang='lat' dir='ltr'>oapi·</span> 
     </span>
     <span class='ocr_line' id='line_1_26' title="bbox 353 3703 1547 3795; baseline -0.003 -20"><span class='ocrx_word' id='word_1_162' title='bbox 353 3711 422 3776; x_wconf 92' lang='lat' dir='ltr'>tulo</span> <span class='ocrx_word' id='word_1_163' title='bbox 438 3709 588 3793; x_wconf 81' lang='lat' dir='ltr'>Agriensi</span> <span class='ocrx_word' id='word_1_164' title='bbox 604 3711 740 3775; x_wconf 86' lang='lat' dir='ltr'>salutem</span> <span class='ocrx_word' id='word_1_165' title='bbox 758 3715 791 3774; x_wconf 93' lang='lat' dir='ltr'>et</span> <span class='ocrx_word' id='word_1_166' title='bbox 806 3709 958 3793; x_wconf 82' lang='lat' dir='ltr'>graciam.</span> <span class='ocrx_word' id='word_1_167' title='bbox 975 3709 1142 3777; x_wconf 82' lang='lat' dir='ltr'>Fideliteti</span> <span class='ocrx_word' id='word_1_168' title='bbox 1154 3717 1260 3777; x_wconf 87' lang='lat' dir='ltr'>vestre</span> <span class='ocrx_word' id='word_1_169' title='bbox 1271 3704 1479 3795; x_wconf 76' lang='lat' dir='ltr'>precipiendo</span> <span class='ocrx_word' id='word_1_170' title='bbox 1546 3703 1547 3772; x_wconf 82' lang='lat' dir='ltr'>l</span> 
     </span>
     <span class='ocr_line' id='line_1_27' title="bbox 350 3817 1482 3904; baseline -0.004 -22"><span class='ocrx_word' id='word_1_171' title='bbox 350 3817 553 3900; x_wconf 84' lang='lat' dir='ltr'>mundamus,</span> <span class='ocrx_word' id='word_1_172' title='bbox 582 3823 745 3899; x_wconf 87' lang='lat' dir='ltr'>quatenus</span> <span class='ocrx_word' id='word_1_173' title='bbox 772 3817 927 3900; x_wconf 81' lang='lat' dir='ltr'>Magistro</span> <span class='ocrx_word' id='word_1_174' title='bbox 956 3819 1124 3904; x_wconf 85' lang='lat' dir='ltr'>Stephano</span> <span class='ocrx_word' id='word_1_175' title='bbox 1156 3818 1196 3883; x_wconf 92' lang='lat' dir='ltr'>de</span> <span class='ocrx_word' id='word_1_176' title='bbox 1222 3817 1357 3900; x_wconf 83' lang='lat' dir='ltr'>Bugacb</span> <span class='ocrx_word' id='word_1_177' title='bbox 1382 3831 1482 3898; x_wconf 91' lang='lat' dir='ltr'>super</span> 
     </span>
     <span class='ocr_line' id='line_1_28' title="bbox 351 3915 1547 4010; baseline -0.006 -22"><span class='ocrx_word' id='word_1_178' title='bbox 351 3925 437 3990; x_wconf 85' lang='lat' dir='ltr'>lacto</span> <span class='ocrx_word' id='word_1_179' title='bbox 454 3931 536 3989; x_wconf 89' lang='lat' dir='ltr'>terre</span> <span class='ocrx_word' id='word_1_180' title='bbox 555 3924 643 3988; x_wconf 86' lang='lat' dir='ltr'>Mera</span> <span class='ocrx_word' id='word_1_181' title='bbox 659 3933 782 4009; x_wconf 84' lang='lat' dir='ltr'>vocate,</span> <span class='ocrx_word' id='word_1_182' title='bbox 802 3931 898 4010; x_wconf 90' lang='lat' dir='ltr'>prout</span> <span class='ocrx_word' id='word_1_183' title='bbox 912 3925 1006 3991; x_wconf 87' lang='lat' dir='ltr'>vobis</span> <span class='ocrx_word' id='word_1_184' title='bbox 1023 3931 1159 4007; x_wconf 89' lang='lat' dir='ltr'>constat,</span> <span class='ocrx_word' id='word_1_185' title='bbox 1176 3931 1208 3991; x_wconf 91' lang='lat' dir='ltr'>et</span> <span class='ocrx_word' id='word_1_186' title='bbox 1225 3925 1328 3992; x_wconf 84' lang='lat' dir='ltr'>eciem</span> <span class='ocrx_word' id='word_1_187' title='bbox 1344 3923 1427 3990; x_wconf 88' lang='lat' dir='ltr'>sicut</span> <span class='ocrx_word' id='word_1_188' title='bbox 1444 3919 1482 3982; x_wconf 92' lang='lat' dir='ltr'>in</span> <span class='ocrx_word' id='word_1_189' title='bbox 1546 3915 1547 3996; x_wconf 68' lang='lat' dir='ltr'>l</span> 
     </span>
     <span class='ocr_line' id='line_1_29' title="bbox 350 4031 1547 4120; baseline -0.006 -22"><span class='ocrx_word' id='word_1_190' title='bbox 350 4033 465 4098; x_wconf 86' lang='lat' dir='ltr'>vestris</span> <span class='ocrx_word' id='word_1_191' title='bbox 484 4031 599 4098; x_wconf 90' lang='lat' dir='ltr'>litteris</span> <span class='ocrx_word' id='word_1_192' title='bbox 615 4032 835 4098; x_wconf 88' lang='lat' dir='ltr'>reambulacio</span> <span class='ocrx_word' id='word_1_193' title='bbox 852 4032 937 4098; x_wconf 90' lang='lat' dir='ltr'>dicte</span> <span class='ocrx_word' id='word_1_194' title='bbox 966 4039 1048 4098; x_wconf 87' lang='lat' dir='ltr'>terre</span> <span class='ocrx_word' id='word_1_195' title='bbox 1075 4035 1227 4116; x_wconf 87' lang='lat' dir='ltr'>patuerit,</span> <span class='ocrx_word' id='word_1_196' title='bbox 1254 4033 1356 4098; x_wconf 90' lang='lat' dir='ltr'>eidem</span> <span class='ocrx_word' id='word_1_197' title='bbox 1381 4045 1484 4111; x_wconf 88' lang='lat' dir='ltr'>super</span> <span class='ocrx_word' id='word_1_198' title='bbox 1546 4089 1547 4120; x_wconf 22' lang='lat' dir='ltr'>p</span> 
     </span>
     <span class='ocr_line' id='line_1_30' title="bbox 352 4135 1479 4224; baseline -0.001 -23"><span class='ocrx_word' id='word_1_199' title='bbox 352 4137 414 4203; x_wconf 92' lang='lat' dir='ltr'>hoc</span> <span class='ocrx_word' id='word_1_200' title='bbox 430 4146 569 4204; x_wconf 83' lang='lat' dir='ltr'>restrum</span> <span class='ocrx_word' id='word_1_201' title='bbox 586 4139 790 4224; x_wconf 86' lang='lat' dir='ltr'>priuilegium</span> <span class='ocrx_word' id='word_1_202' title='bbox 808 4141 1003 4223; x_wconf 81' lang='lat' dir='ltr'>concedatis,</span> <span class='ocrx_word' id='word_1_203' title='bbox 1022 4149 1116 4224; x_wconf 82' lang='lat' dir='ltr'>prout</span> <span class='ocrx_word' id='word_1_204' title='bbox 1132 4140 1318 4224; x_wconf 81' lang='lat' dir='ltr'>expostulet</span> <span class='ocrx_word' id='word_1_205' title='bbox 1333 4135 1408 4204; x_wconf 88' lang='lat' dir='ltr'>ordo</span> <span class='ocrx_word' id='word_1_206' title='bbox 1431 4135 1479 4200; x_wconf 85' lang='lat' dir='ltr'>iu·</span> 
     </span>
     <span class='ocr_line' id='line_1_31' title="bbox 351 4245 1211 4334; baseline 0.003 -25"><span class='ocrx_word' id='word_1_207' title='bbox 351 4245 405 4310; x_wconf 90' lang='lat' dir='ltr'>ris.</span> <span class='ocrx_word' id='word_1_208' title='bbox 424 4247 541 4311; x_wconf 84' lang='lat' dir='ltr'>Datum</span> <span class='ocrx_word' id='word_1_209' title='bbox 557 4245 648 4312; x_wconf 92' lang='lat' dir='ltr'>Bude</span> <span class='ocrx_word' id='word_1_210' title='bbox 665 4247 696 4311; x_wconf 93' lang='lat' dir='ltr'>in</span> <span class='ocrx_word' id='word_1_211' title='bbox 714 4247 796 4314; x_wconf 86' lang='lat' dir='ltr'>festo</span> <span class='ocrx_word' id='word_1_212' title='bbox 813 4249 905 4316; x_wconf 85' lang='lat' dir='ltr'>Beati</span> <span class='ocrx_word' id='word_1_213' title='bbox 921 4248 1036 4314; x_wconf 81' lang='lat' dir='ltr'>Jueobi</span> <span class='ocrx_word' id='word_1_214' title='bbox 1053 4248 1211 4334; x_wconf 82' lang='lat' dir='ltr'>Apostoli.</span> 
     </span>
    </p>
   </div>
   <div class='ocr_carea' id='block_1_7' title="bbox 354 4387 1468 4459">
    <p class='ocr_par' dir='ltr' id='par_1_8' title="bbox 354 4387 1468 4459">
     <span class='ocr_line' id='line_1_32' title="bbox 354 4387 1468 4459; baseline -0.003 -18"><span class='ocrx_word' id='word_1_215' title='bbox 354 4387 404 4456; x_wconf 81' lang='lat' dir='ltr'>(Aa</span> <span class='ocrx_word' id='word_1_216' title='bbox 418 4395 475 4457; x_wconf 78' lang='lat' dir='ltr'>egri</span> <span class='ocrx_word' id='word_1_217' title='bbox 501 4388 688 4458; x_wconf 81' lang='lat' dir='ltr'>kdptelannak</span> <span class='ocrx_word' id='word_1_218' title='bbox 703 4393 816 4443; x_wconf 70' lang='lat' dir='ltr'>moe-lu</span> <span class='ocrx_word' id='word_1_219' title='bbox 830 4391 1115 4459; x_wconf 78' lang='lat' dir='ltr'>bizonysdglereldbdl</span> <span class='ocrx_word' id='word_1_220' title='bbox 1131 4400 1197 4446; x_wconf 88' lang='lat' dir='ltr'>mint</span> <span class='ocrx_word' id='word_1_221' title='bbox 1211 4390 1295 4445; x_wconf 77' lang='lat' dir='ltr'>eldbb</span> <span class='ocrx_word' id='word_1_222' title='bbox 1317 4397 1357 4446; x_wconf 75' lang='grc'>84.</span> <span class='ocrx_word' id='word_1_223' title='bbox 1367 4407 1403 4442; x_wconf 81' lang='lat' dir='ltr'>su.</span> <span class='ocrx_word' id='word_1_224' title='bbox 1416 4389 1468 4456; x_wconf 69' lang='lat' dir='ltr'>a.)</span> 
     </span>
    </p>
   </div>
   <div class='ocr_carea' id='block_1_8' title="bbox 810 4555 1023 4584">
    <p class='ocr_par' dir='ltr' id='par_1_9' title="bbox 810 4555 1023 4584">
     <span class='ocr_line' id='line_1_33' title="bbox 810 4555 1023 4584; baseline 0 -17"><span class='ocrx_word' id='word_1_225' title='bbox 810 4555 1023 4584; x_wconf 76' lang='lat'>†---·-</span> 
     </span>
    </p>
   </div>
   <div class='ocr_carea' id='block_1_9' title="bbox 0 0 1566 5158">
    <p class='ocr_par' dir='ltr' id='par_1_10' title="bbox 0 0 1566 5158">
     <span class='ocr_line' id='line_1_34' title="bbox 0 0 1566 5158; baseline 0 0"><span class='ocrx_word' id='word_1_226' title='bbox 0 0 1566 5158; x_wconf 95' lang='lat' dir='ltr'> </span> 
     </span>
    </p>
   </div>
  </div>
 </body>
</html>
