3130 5152
819 200 976 297 *sq-

337 415 494 480 magnum
511 393 668 480 spacium,
685 399 717 458 et
733 391 882 478 peruenit
898 389 940 456 ad
957 392 1106 458 arborem
1117 390 1210 479 iliois,
1226 393 1286 459 sub
1303 411 1367 474 qus
1380 399 1446 458 sunt

338 501 436 585 signa
452 507 621 585 metarum,
639 505 671 565 et
687 497 779 564 euius
796 497 847 564 uie
864 503 990 582 aparte
1005 498 1141 565 orientis
1156 499 1309 565 cessisset
1334 517 1446 583 posses

335 609 417 676 sioni
435 607 558 674 Gumur
574 613 607 672 et
622 625 643 670 a
658 611 751 690 parte
767 603 943 672 oooidentis
959 603 1155 690 possessioni
1172 605 1280 694 Beye;
1298 611 1329 671 et
1344 606 1376 670 in
1400 624 1445 670 ea-

336 714 408 781 dem
431 715 586 780 beretwta
612 709 798 794 reflectitur,
825 715 857 776 et
882 709 972 775 uadit
996 710 1039 774 ad
1064 709 1164 776 aliam
1189 711 1335 777 arborem
1360 711 1448 794 iliois,

335 821 395 888 sub
410 841 476 904 qua
491 827 568 886 sunt
584 819 679 902 signa
695 823 875 900 metarum,
893 823 926 908 et
942 817 1061 884 deinde
1076 817 1258 903 refleotitur,
1276 824 1308 884 et
1319 817 1351 882 in
1379 837 1445 902 qno·

335 927 408 992 dam
426 925 523 992 bereb
539 923 629 990 uadit
647 923 689 989 ad
702 921 976 1008 septemtrionem,
1003 928 1034 988 et
1059 923 1205 1008 peruenit
1230 923 1273 988 ad
1299 923 1446 1006 quasdam

334 1032 465 1099 arbores
481 1031 573 1117 tylie,
584 1031 676 1096 iuxta
693 1047 775 1112 quas
792 1033 869 1092 sunt
887 1036 953 1094 tres
968 1047 1086 1111 magne
1101 1035 1298 1096 mateterree
1315 1034 1448 1115 antique,

336 1157 470 1222 quarum
487 1159 552 1204 vna
579 1145 710 1220 separat
735 1135 973 1220 possessionem
998 1135 1190 1221 Oebiotbolr,
1215 1131 1361 1204 seeunda
1386 1159 1446 1224 poe

336 1245 514 1312 sessionem
530 1241 714 1327 Baranoby,
724 1241 826 1306 tercia
836 1241 1018 1306 remanebit
1033 1241 1231 1325 possessioni
1247 1242 1389 1326 Gnmur;
1404 1242 1448 1309 de

337 1351 413 1416 iude
429 1347 535 1414 adhue
545 1347 638 1413 uadit
647 1347 691 1412 ad
707 1347 980 1432 septemtrionem,
993 1355 1025 1413 et
1034 1349 1192 1431 quasdam
1208 1351 1280 1416 uias
1291 1357 1447 1416 monseun-

335 1455 376 1522 do
393 1454 481 1521 eadit
495 1456 538 1521 ad
555 1453 896 1543 Gyartyanospatalra,
915 1461 948 1520 et
958 1455 1105 1539 peruenit
1114 1475 1215 1542 penes
1224 1456 1388 1538 quandam
1402 1455 1447 1522 sil-

335 1581 408 1630 uam
425 1561 536 1648 Bykes
551 1563 687 1644 nomine,
715 1567 746 1625 et
771 1559 905 1631 eandem
931 1561 1047 1627 siluam
1073 1561 1269 1628 transeundo
1300 1562 1390 1628 eadit
1414 1563 1449 1628 ad

335 1669 575 1752 lekatyastow,
592 1665 647 1733 vbi
663 1673 791 1752 aparte
806 1664 982 1734 ooeidentis
1008 1670 1159 1734 cessisset
1184 1669 1380 1754 possessioni
1404 1670 1449 1734 rel

336 1783 418 1842 terre
434 1775 616 1861 Baraneby,
633 1781 664 1840 et
681 1793 701 1837 a
717 1780 808 1858 parte
825 1773 958 1840 orientis
973 1773 1172 1856 possessioni
1199 1773 1338 1858 (lemur,
1368 1782 1400 1841 et
1421 1776 1449 1840 in

333 1881 445 1948 eodem
465 1889 581 1966 stagno
608 1883 689 1946 bene
714 1879 872 1972 ourrendo
898 1887 975 1964 eryt
1000 1877 1042 1943 ad
1069 1879 1229 1962 quoddam
1260 1881 1382 1964 beroby
1414 1881 1451 1947 ad

330 1989 477 2055 arborem
494 1985 666 2054 eberhatar
684 1993 845 2072 voratam,
862 1987 922 2052 sub
938 2006 1003 2069 qua
1019 1993 1093 2053 sunt
1109 1988 1204 2070 signa
1229 1995 1408 2070 metarum
1425 1999 1452 2054 et

335 2094 453 2162 deiude
469 2093 560 2162 uadit
577 2094 683 2160 adhue
699 2091 741 2159 ad
758 2094 1032 2178 septemtrionem,
1049 2099 1081 2160 et
1097 2094 1187 2160 eadit
1214 2095 1256 2159 ad
1284 2115 1379 2160 unam
1407 2116 1449 2162 se-

333 2201 456 2284 mitam,
474 2201 555 2264 etin
572 2199 684 2266 eadem
701 2202 818 2266 semita
834 2201 1002 2284 perueniat
1018 2199 1061 2264 ad
1088 2199 1249 2282 quoddam
1274 2203 1376 2286 patale
1403 2223 1450 2268 no

332 2305 417 2371 mine
433 2305 536 2390 patale
552 2305 726 2390 Prepesiti‚
743 2313 775 2372 et
789 2305 883 2372 iuxta
898 2305 1057 2390 quasdam
1074 2307 1207 2374 arbores
1222 2307 1332 2374 saliuis
1357 2328 1450 2395 penes

333 2411 469 2478 eandem
487 2412 591 2497 patula
607 2419 683 2479 eunt
698 2419 764 2480 tres
781 2421 866 2480 mete
881 2421 991 2496 terrea,
1009 2433 1143 2496 quarum
1161 2435 1225 2480 vna
1240 2425 1371 2500 separet
1397 2425 1450 2482 ter·

334 2539 402 2586 ram
434 2518 581 2585 Ecclesie
606 2519 700 2585 Beati
727 2518 887 2586 Johannis
913 2519 1060 2605 Baptista
1086 2521 1128 2586 de
1153 2519 1285 2606 Jazow,
1313 2519 1453 2588 seeundo

331 2625 567 2712 possessionem
585 2627 715 2710 Gumur,
732 2626 834 2693 tenuia
850 2625 1086 2712 possessionem
1106 2627 1297 2712 Baranoby3
1325 2635 1358 2692 et
1382 2628 1453 2693 inde

332 2733 508 2802 reflectitur
523 2732 556 2797 in
574 2739 681 2798 meatu
692 2733 839 2799 eiusdem
850 2734 963 2818 patak,
981 2733 1104 2801 direote
1120 2735 1211 2800 uadit
1228 2735 1451 2819 adorientem,

331 2849 362 2908 et
378 2841 545 2926 perueniat
561 2837 602 2905 ad
619 2839 750 2906 easdem
776 2847 913 2922 quatuor
939 2847 1042 2907 metas
1070 2840 1124 2906 vbi
1151 2842 1325 2926 inseperat,
1353 2842 1451 2908 stibi

331 2946 528 3015 terminatur.
547 2949 584 3012 ln
602 2947 692 3013 euius
708 2949 754 3013 rei
781 2947 969 3014 memoriam
996 2953 1249 3032 perpetuamque
1274 2949 1452 3016 firmitatem

331 3055 434 3123 eidem
445 3055 560 3122 domiti
573 3057 674 3142 Batyz
697 3064 869 3139 presentes
883 3055 1099 3122 conoessimus
1112 3055 1238 3122 litteras
1248 3063 1377 3123 nostras
1395 3057 1452 3141 pri-

330 3161 501 3246 uilegiales
517 3161 619 3245 sigilli
638 3161 740 3227 nostri
770 3160 939 3245 pendentis
956 3163 1131 3227 munimine
1142 3163 1320 3228 roboratas.
1336 3164 1452 3227 Datum

330 3270 430 3354 Agrie
455 3288 511 3353 per
528 3289 642 3336 manus
660 3270 806 3352 Magistri
822 3267 983 3334 Johannis
1005 3269 1270 3336 Euolesienostre
1296 3269 1453 3337 Laeuus:

330 3376 533 3462 presentibus
544 3377 656 3441 eodem
668 3375 824 3460 Magistro
840 3375 989 3442 Johanue
1002 3377 1147 3460 Leotore,
1158 3375 1293 3459 blatbya
1303 3371 1450 3460 Cantore,

330 3481 460 3564 Mykow
471 3481 619 3564 Custode,
639 3482 777 3548 Martino
788 3481 828 3548 de
843 3481 958 3568 Patba,
976 3483 1117 3568 Symone
1134 3481 1174 3548 de
1185 3482 1330 3568 Zemlyn,
1354 3483 1453 3548 Bene·

330 3589 415 3654 dieto
426 3587 466 3654 de
491 3587 626 3670 Borsod,
653 3587 768 3670 llgidio
785 3587 826 3654 de
842 3587 972 3672 Hungb,
991 3589 1117 3654 Briuuio
1134 3587 1175 3654 de
1192 3587 1356 3673 Zaboeby,
1385 3589 1450 3655 bla-

330 3695 432 3781 gistro
457 3695 606 3762 Jobanne
633 3691 672 3758 de
697 3694 1087 3779 HenesArebydiaeonis,
1117 3715 1153 3760 ae
1180 3695 1256 3777 alijs
1282 3695 1389 3760 multis
1408 3696 1451 3760 ui·

332 3813 398 3870 tam
426 3801 618 3868 ducentibus
645 3807 676 3865 et
704 3800 823 3884 ingitur
850 3801 920 3867 Deo
937 3799 1180 3867 famulantibus.
1213 3803 1307 3866 Anno
1324 3801 1452 3866 Domini

333 3908 630 3976 M⁰CO⁰LXXXX⁰
645 3911 767 3994 prim03
794 3907 981 3992 supradicto
1007 3917 1165 3992 regnante
1181 3909 1314 3974 Andrea
1329 3908 1452 3976 Illustri

329 4021 418 4102 Rege
448 4016 625 4099 Hungarie,
657 4016 847 4082 Lodomerio
862 4015 1096 4102 strigoniensi,
1114 4015 1263 4082 Jobanne
1280 4015 1450 4082 Colonensi

332 4123 624 4212 Arobyepiseopis;
642 4126 771 4191 domino
789 4132 897 4191 nostro
914 4124 1102 4192 venerabile
1118 4131 1209 4208 putre
1228 4123 1359 4189 Andrea
1374 4121 1448 4206 upt-

328 4253 425 4319 soopo
443 4233 668 4300 existentibus.

329 4378 362 4430 (Δ
375 4373 512 4440 kisdvdny
535 4377 656 4442 egylroru
681 4375 757 4442 palaja
774 4373 937 4442 bdrlrdrtyain
953 4376 979 4425 da
994 4376 1085 4442 penset
1098 4376 1200 4437 nelklll,
1214 4393 1230 4426 a
1244 4375 1325 4428 budei
1339 4375 1392 4426 kir.
1406 4377 1451 4424 lra-

734 4469 817 4516 rnurai
832 4463 1022 4529 lerdltdrbun.)
