3112 5158
668 950 722 1016 to.

143 1149 173 1213 T
170 1173 233 1214 rau
260 1153 358 1232 educe
383 1151 510 1232 kdardgi
528 1149 780 1234 jecectelcataek
808 1149 1015 1216 lascoube-te
1031 1149 1147 1214 addae.
1169 1143 1266 1212 1292.

245 1364 341 1430 Anno
356 1362 477 1430 M⁰CC⁰
492 1365 703 1449 nonagesimo
720 1363 861 1432 secundo
877 1363 928 1430 dic
945 1362 987 1430 X.
1004 1361 1265 1444 intranteltladij.

141 1470 273 1537 Domini
289 1471 414 1558 Syruon
430 1477 463 1536 et
479 1469 649 1556 Gausigua
666 1471 800 1538 Comitis
824 1472 954 1557 Marini,
981 1471 1127 1537 Marinus
1154 1488 1263 1536 eorum

138 1598 240 1664 nepos
257 1597 315 1664 pro
331 1597 441 1644 eorum
466 1585 569 1665 parte,
586 1587 617 1646 et
641 1579 771 1645 nominc
796 1579 920 1646 domini
946 1578 1084 1646 Comitis
1108 1575 1261 1658 Cecrg1j3

137 1693 169 1752 et
184 1688 340 1752 Salomon
362 1705 421 1770 pro
437 1694 531 1772 parte
556 1707 634 1772 suo3
651 1694 683 1754 et
703 1688 880 1773 Gregorius
897 1687 1019 1752 domini
1030 1682 1182 1771 Episcopi
1208 1702 1265 1768 pro

138 1793 242 1879 ipsius
260 1799 367 1880 parte,
383 1813 490 1860 eorum
507 1795 593 1862 boua
608 1804 640 1861 et
656 1797 788 1881 propria
803 1797 968 1862 voluntate
993 1791 1210 1860 vendiderunt
1233 1793 1266 1854 et

134 1901 294 1969 dederuut
309 1898 456 1984 predicto
482 1901 611 1969 domino
637 1903 769 1989 Symoni
794 1902 953 1969 Potestati
979 1899 1109 1966 nomine
1134 1906 1166 1963 et
1191 1897 1261 1963 vice

133 2008 323 2076 Communis
348 2009 501 2095 Tragurij
528 2010 709 2096 recipienti,
727 2010 881 2078 Generali
908 2017 940 2077 et
972 2008 1084 2075 llaiori
1117 2007 1262 2074 Consilio

133 2116 218 2182 dicte
234 2115 387 2184 Ciuitatis
403 2115 523 2185 ibidem
540 2127 748 2204 congregato,
765 2125 915 2204 presente
932 2124 964 2183 et
981 2117 1122 2202 volente,
1147 2137 1169 2182 a
1194 2135 1260 2182 cra·

132 2225 218 2292 sliua
235 2222 289 2290 die
305 2225 439 2292 inantea
455 2225 497 2294 ad
514 2235 578 2296 tres
596 2248 699 2295 anuos
715 2228 878 2315 proximos
903 2236 1058 2295 venturos
1085 2233 1186 2292 totam
1213 2222 1259 2286 in·

118 2337 249 2399 tratum
265 2339 297 2400 et
313 2343 504 2422 prouentus,
518 2357 615 2420 quam
632 2343 664 2402 et
679 2357 761 2420 quos
786 2336 908 2404 babent
933 2343 965 2400 et
992 2333 1113 2400 habero
1138 2329 1257 2397 ‹lebcnt

132 2441 192 2525 ipsi
210 2449 243 2508 et
258 2439 404 2526 ipsorum
421 2442 567 2530 quilibet,
585 2444 636 2510 vel
653 2443 756 2529 aliqui
775 2429 839 2528 'allj
867 2465 926 2529 pro
952 2443 1010 2525 cis,
1036 2442 1076 2506 dc
1102 2446 1198 2526 porta
1226 2445 1257 2503 et

131 2569 186 2632 pro
203 2555 299 2633 porta
324 2549 474 2617 Ciuitatis
500 2573 600 2638 prope
617 2562 747 2637 pontem
772 2552 816 2618 ad
841 2551 1042 2632 habendum,
1072 2547 1258 2632 tenendum,

131 2656 370 2742 possidendum,
382 2659 616 2748 recipiendum,
626 2669 658 2728 ct
673 2661 773 2746 recipi
791 2657 987 2742 laciendum
1004 2665 1036 2725 et
1052 2655 1205 2739 quicquid
1217 2651 1257 2720 dc

130 2765 202 2849 ipsa
221 2764 341 2836 intrata
357 2787 415 2835 seu
431 2768 642 2853 proueullbus
659 2789 717 2856 per
732 2775 834 2836 totum
861 2767 983 2834 dictum
1010 2773 1137 2850 tempus
1162 2762 1256 2829 trium

130 2893 288 2943 annornm
314 2875 401 2941 dicto
427 2877 594 2944 Communi
620 2877 780 2962 placuerit
806 2876 1001 2943 laciendum.
1030 2871 1257 2940 Promittantcs

128 2982 263 3066 predicti
279 2982 402 3049 domiui
418 2983 540 3071 Simon,
559 2986 729 3070 Cauzigna
745 2995 777 3052 et
794 2986 938 3051 Marinus
955 3004 1013 3068 pro
1029 3001 1138 3048 eorum
1163 2987 1256 3063 parto

129 3097 263 3170 tentum,
282 3097 314 3156 et
330 3091 437 3158 dictus
452 3090 603 3160 domiuus
621 3093 794 3178 Gregorius
821 3114 881 3179 pro
908 3099 1001 3178 parte
1027 3089 1149 3154 domini
1175 3083 1251 3168 Epi·

127 3198 227 3282 scopi.
244 3197 308 3264 Pro
324 3219 388 3282 quo
405 3200 507 3266 eclam
524 3201 681 3286 promisit,
700 3203 786 3284 quod
811 3203 934 3266 linuum
961 3196 1092 3264 habebit
1116 3213 1175 3278 per
1200 3210 1255 3258 eos

128 3313 160 3370 et
175 3325 253 3372 suos
271 3305 407 3373 heredes
432 3308 520 3374 dicto
547 3308 677 3376 domino
702 3309 861 3376 Potastati
888 3327 945 3393 pro
972 3307 1060 3372 dicto
1086 3298 1253 3367 Communi

126 3411 293 3495 recipienti
310 3412 351 3480 de
367 3414 520 3498 predictis
538 3416 626 3481 litem
652 3417 796 3498 aliquam
822 3416 873 3482 vel
898 3413 1098 3497 questionem
1123 3427 1180 3494 per
1206 3413 1250 3471 to·

126 3519 330 3588 tamdictum
362 3527 490 3606 tempus
506 3525 602 3588 trium
626 3543 787 3590 annorum
813 3543 877 3589 nou
909 3521 1016 3586 lacere
1048 3517 1098 3586 vel
1114 3535 1255 3598 mouere,

124 3625 221 3694 immo
238 3628 387 3712 predicta
403 3631 511 3697 omnia
544 3651 601 3716 pro
628 3639 720 3717 parte
736 3631 783 3698 cis
809 3629 1010 3714 contingenti
1026 3629 1120 3694 lirma
1134 3633 1167 3692 et
1183 3632 1255 3689 rata

123 3733 245 3801 lrabcrc
262 3745 295 3802 et
312 3743 432 3804 tencre.
450 3739 491 3804 ut
506 3741 568 3806 boc
583 3741 730 3808 lecerunt
753 3759 811 3825 pro
827 3739 888 3812 XL
904 3737 998 3805 libris
1023 3735 1134 3801 Vcnct.
1162 3749 1255 3816 paru.

123 3863 178 3928 pro
194 3845 340 3926 quolibet
356 3867 442 3913 anno
459 3869 517 3932 pre
534 3855 601 3916 tcta
616 3849 737 3922 intrata
753 3847 839 3916 dicte
850 3853 960 3934 portc;
979 3865 1060 3930 quas
1075 3843 1136 3908 XL
1151 3839 1252 3905 libras
1295 3889 1296 3892 ,

122 3948 292 4017 Communi
309 3951 461 4038 Tragurij
479 3956 606 4022 soluere
621 3955 762 4023 debeant
778 3975 836 4042 pro
851 3955 995 4039 quolibet
1010 3971 1096 4018 anno
1121 3949 1153 4014 in
1170 3947 1253 4013 sesto

120 4056 231 4124 Sancti
258 4059 431 4128 Michaelis
457 4063 498 4128 de
524 4063 716 4149 Septembri.
743 4063 814 4131 Hoc
837 4071 940 4130 tatum
965 4061 1086 4143 addito,
1112 4056 1199 4142 quod
1225 4056 1253 4122 si

120 4167 257 4249 predicti
275 4169 329 4236 vol
345 4169 464 4254 aliquis
480 4172 625 4257 ipsorum
642 4173 778 4241 emerint
793 4173 835 4240 dc
851 4171 1037 4239 introitibus
1053 4167 1251 4250 Communis,

119 4283 256 4361 excepto
273 4275 314 4341 de
332 4279 482 4344 beccaria
497 4299 555 4346 seu
572 4289 689 4368 crusta,
701 4281 978 4366 debeautpartem
989 4273 1249 4357 sibicontingcu·

115 4393 181 4450 tem
211 4383 254 4451 de
284 4383 366 4470 ipsis
392 4385 451 4453 xl,
482 4388 574 4456 libris
599 4391 631 4455 in
649 4391 722 4476 ipsa
746 4391 915 4476 empcione
925 4383 1199 4471 comprensabuut
1209 4387 1242 4448 et

117 4492 367 4578 computabunt.
392 4493 542 4564 Predlcta
566 4501 675 4567 omnia
699 4499 783 4566 inter
805 4518 861 4565 cos
886 4498 995 4563 lacere
1020 4501 1052 4560 et
1077 4493 1252 4559 obseruare

113 4601 343 4686 promiserunt
359 4609 392 4670 et
408 4611 522 4672 eontra
538 4627 603 4674 non
619 4607 728 4676 lacere
742 4608 795 4674 vel
812 4606 933 4690 venire,
950 4603 1011 4674 sub
1027 4605 1251 4692 pcuaceutum
