3170 5166
115 1119 145 1185 A
162 1121 331 1189 saikadori
346 1121 544 1189 honestade
559 1123 825 1211 oizonpsaytesata
840 1147 862 1190 a
890 1127 1028 1196 Koarcid
1045 1139 1160 1193 mestar
1177 1131 1209 1196 es
1224 1151 1262 1192 a:

110 1229 309 1318 ptocotrodi
323 1230 458 1296 koavent
473 1231 560 1298 teate·
575 1233 744 1298 adlocatott
769 1233 898 1321 biroodg
922 1235 1136 1322 cty'ctrdsdnok
1166 1233 1265 1302 erc&-

493 1341 663 1422 mtaye'rttl.
680 1318 731 1406 lio
746 1341 866 1407 nster.

225 1533 292 1600 Nos
308 1533 354 1600 St
370 1533 493 1601 Diuina
506 1533 721 1604 miseracione
737 1535 849 1604 Abbas
873 1536 914 1604 de
934 1536 1101 1606 Chikador
1117 1533 1250 1608 escon·

114 1647 233 1708 uentus
245 1640 390 1710 eiusdem
401 1641 466 1708 loci
475 1643 630 1710 memorie
642 1646 907 1713 commendantes
917 1645 1151 1730 significamus,
1162 1642 1250 1728 qnod

115 1769 213 1834 super
229 1767 340 1834 causa,
356 1766 453 1832 qnam
469 1749 625 1834 Magister
642 1749 823 1819 (tetrardus
841 1749 927 1839 (tgy)
947 1771 1087 1820 snacnm
1120 1749 1251 1817 domino

116 1857 244 1924 Abbate
259 1854 457 1922 Varadiensi
473 1863 505 1924 et
520 1855 690 1925 conuentu
708 1857 850 1928 eiusdem
867 1860 1010 1928 habebat
1034 1859 1147 1928 taliter
1177 1877 1251 1926 eon-

118 1963 325 2030 sordauerint
340 1983 412 2030 oum
429 1961 563 2030 eodem:
580 1965 666 2048 quod
682 1967 790 2052 ipsam
815 1987 948 2036 causam
979 1969 1051 2054 pari
1082 1969 1251 2036 uoluntate

117 2070 336 2139 commiserint
363 2069 498 2138 arbitrio
524 2069 659 2138 Comitis
692 2071 828 2157 Nicotay
858 2074 915 2159 filij
947 2073 1089 2161 Nicolay
1106 2071 1250 2156 Sinistri,

115 2179 195 2247 item
210 2177 322 2264 Egidij
339 2177 396 2262 filij
422 2178 523 2266 Petri,
541 2185 574 2245 et
589 2179 741 2262 Magistri
757 2179 823 2265 Gyl
840 2179 881 2248 de
906 2181 1069 2248 communi
1100 2199 1250 2264 assump-

116 2293 241 2370 torum3
257 2285 312 2370 qni
328 2285 459 2370 quidem
476 2285 509 2352 in
535 2286 659 2354 octanis
690 2287 907 2355 Pentecosten
938 2308 1049 2356 coram
1081 2285 1252 2356 Conuentu

117 2399 229 2462 nostro
248 2391 493 2462 arbitrabuntur
509 2395 593 2462 inter
608 2395 717 2480 ipsos3
735 2399 767 2462 et
783 2393 936 2478 quioquid
962 2413 1022 2480 per
1047 2394 1178 2463 eosdem
1204 2415 1252 2462 ar·

119 2501 217 2568 bitros
234 2501 391 2585 Magistro
409 2501 573 2569 Gorrardo
590 2521 630 2570 ex
663 2507 756 2586 parte
788 2502 912 2569 domini
942 2500 1081 2569 Abbatis
1109 2507 1142 2570 et
1173 2503 1254 2570 Con·

121 2616 239 2676 uentus
254 2609 425 2676 arbitrium
441 2609 546 2695 tuerit,
563 2610 700 2677 libenter
716 2610 908 2694 acceptabit.
925 2613 1007 2678 Item
1022 2631 1130 2677 coram
1153 2609 1250 2677 nobis

118 2716 367 2786 Bartholomens
392 2738 451 2803 pro
477 2718 609 2788 domino
634 2718 763 2786 Abbate
788 2726 821 2786 et
837 2720 1006 2788 Conuentu
1030 2718 1251 2801 Waradiensi‚

119 2835 151 2894 et
165 2826 295 2892 Martun
311 2826 352 2892 de
367 2825 462 2895 Leles
480 2845 539 2912 pro
556 2827 712 2910 Magistro
728 2825 890 2895 (iorrardo
908 2826 1102 2894 snanimitcr
1133 2828 1249 2896 retule-

119 2942 197 3000 runt
212 2933 291 3000 siua
308 2951 399 3020 voce,
415 2932 501 3016 quod
518 2935 552 3000 in
568 2935 704 3018 negocio
720 2930 841 2999 domini
857 2933 957 3016 Regis
972 2933 1096 3016 pariter
1111 2940 1185 3000 sunt
1201 2953 1253 3002 oc-

120 3041 242 3127 cupati,
257 3047 290 3106 et
304 3039 346 3106 ad
359 3047 496 3132 octauas
522 3044 733 3108 Pentecosten
765 3060 829 3106 non
859 3045 1011 3125 peterent
1046 3057 1254 3126 comparere3

120 3145 208 3212 vnde
224 3166 356 3215 oausam
372 3149 532 3234 prefatam
557 3169 632 3216 cnm
662 3149 830 3216 voluntate
861 3147 1008 3233 parcium
1038 3153 1256 3232 prorogarunt

120 3252 166 3318 ad
181 3257 317 3321 octanas
332 3253 558 3324 Assumoionis
573 3257 674 3324 Beate
689 3253 835 3340 Virginis
860 3272 969 3322 coram
1001 3253 1095 3320 nobis
1128 3273 1255 3340 compa·
1271 3297 1273 3301 -

122 3359 225 3430 rendi.
241 3361 304 3428 Die
320 3361 514 3430 adueniente
531 3361 569 3428 G.
585 3384 657 3430 oum
675 3365 743 3430 suis
759 3360 1018 3448 arbitratoribus‚
1043 3359 1163 3447 Egidio
1195 3361 1256 3429 soi-

122 3467 199 3534 tioet
215 3468 283 3534 tilio
299 3466 398 3555 Petri,
416 3477 449 3536 et
464 3469 621 3554 Magistro
638 3469 713 3557 Gyl,
740 3467 920 3555 comparuit
951 3487 1063 3537 coram
1094 3466 1200 3556 nobis,
1223 3473 1258 3560 et

123 3575 281 3660 legittime
296 3575 484 3661 expectauit
498 3576 678 3644 seeundum
693 3575 858 3644 iusticiam
882 3577 990 3661 Regni
1021 3575 1257 3661 approbatam

123 3682 181 3766 qui
196 3679 345 3750 dominus
361 3682 473 3749 Abbas
488 3683 702 3752 Varadicnsis
718 3702 791 3750 oum
806 3683 874 3750 suis
890 3702 954 3749 non
981 3681 1171 3768 comparuit,
1196 3700 1277 3750 nea:

9 3789 10 3796 ³
124 3789 289 3858 hominem
306 3789 447 3874 aliquem
463 3790 554 3858 misit
569 3812 627 3878 pro
643 3811 679 3858 se
695 3809 932 3878 responsurum.

235 3895 350 3965 Kivo
360 3897 391 3964 l:
407 3896 470 3962 Pro
486 3897 647 3983 Magistro
663 3895 810 3966 Gorardo
826 3897 1110 3964 contrcnbbatem
1127 3901 1160 3963 et
1175 3893 1271 3963 Con·-

122 4009 257 4071 ventum
274 4005 521 4072 Varadiensem.

124 4200 269 4267 (Eredetie
283 4199 460 4268 bitrhirtytm
474 4219 491 4255 a
504 4203 583 4255 kivcl
595 4205 647 4258 oda
660 4209 782 4270 nyomott
793 4201 940 4270 possetnek
953 4201 1019 4253 csak
1034 4213 1135 4266 nyoma
1159 4194 1271 4250 litssik:

372 4288 447 4355 mtr3
460 4307 477 4343 s
489 4307 524 4342 m.
538 4289 604 4344 baro
617 4289 713 4359 Rtray
726 4289 819 4344 csnltd
830 4287 1025 4344 levtltiartban.

592 4521 806 4536 *m
