3098 5172
581 314 747 420 ...sm

105 507 248 578 inuicem
266 507 471 592 diuidentes;
487 529 508 574 a
523 505 641 591 quibus
657 507 865 596 protenditur
881 529 998 577 versus
1014 508 1171 576 orientem
1197 509 1240 578 od

103 616 189 686 dnos
206 615 340 685 arbores
356 616 398 684 de
414 635 542 700 quercu,
559 619 621 683 snb
637 616 753 700 quibus
771 621 820 684 est
844 615 958 698 quinto
983 623 1092 701 meto;
1119 617 1237 686 deinde

104 723 316 810 progreditur
339 743 454 790 verens
470 723 626 791 orientem
643 723 829 791 adsertam
845 730 974 808 motam,
992 743 1055 807 qne
1070 730 1121 792 est
1135 724 1170 791 in
1189 728 1236 792 in·

104 850 224 919 gressu
239 830 409 898 cuiusdam
425 831 515 916 dunij
543 832 649 898 Potsk
665 830 784 917 uocati,
801 830 936 900 ueniens
962 831 1003 898 de
1028 830 1133 898 medio
1159 831 1238 900 nilis
1359 885 1369 902 .

104 938 254 1008 eiusdem
271 939 406 1008 Comitis
422 940 602 1024 Dominici;
622 939 743 1008 exinde
758 940 842 1008 inter
858 939 941 1008 dnos
957 948 1084 1008 montes
1100 940 1134 1006 in
1161 960 1238 1024 qua-

103 1045 182 1114 dam
213 1048 303 1116 nollo
328 1068 442 1115 uersus
470 1049 628 1116 orientem
652 1050 782 1116 uenitur
812 1049 854 1114 od
885 1049 1049 1133 quandam
1072 1048 1238 1134 publicem

102 1155 193 1221 riam
208 1155 454 1239 Hotlonnognto
469 1161 632 1243 nocetam,
650 1153 694 1220 ad
708 1161 774 1221 tres
790 1155 923 1222 arbores
938 1155 980 1222 de
989 1155 1080 1243 piris,
1099 1175 1237 1240 quornm

105 1265 167 1332 snb
182 1282 259 1345 una,
276 1283 339 1347 qne
350 1270 400 1330 est
416 1283 516 1348 prope
535 1262 576 1330 ad
593 1264 699 1348 ipsam
715 1263 813 1348 viam,
831 1269 905 1330 sunt
923 1264 986 1330 due
1002 1269 1088 1330 mete
1103 1266 1238 1350 angula-

105 1389 178 1452 res;
195 1378 229 1435 et
246 1367 362 1435 exinde
379 1369 562 1436 declinatur
575 1370 812 1454 aliquantulum
836 1369 880 1436 od
905 1370 1167 1456 septemtrionem
1193 1373 1236 1440 ad

104 1484 237 1557 metam,
254 1477 287 1541 in
304 1496 369 1559 qno
386 1483 436 1542 est
452 1496 609 1561 quercum
637 1483 669 1543 et
694 1477 800 1543 cundo
828 1496 885 1561 per
909 1497 1064 1561 magnum
1090 1478 1237 1564 specium

105 1590 203 1670 terre,
221 1583 338 1650 exhinc
354 1603 466 1650 nersns
483 1583 649 1651 meridiem
661 1585 812 1650 retroitur
822 1591 854 1650 et
863 1583 1041 1650 reflectitur
1050 1583 1093 1650 od
1102 1584 1237 1652 fluuium

105 1689 370 1777 Alamospotnka
385 1696 547 1777 uocatum,
563 1691 621 1757 nbi
638 1691 751 1758 eadem
767 1697 852 1758 terra
869 1692 1005 1778 Koachy
1020 1712 1041 1758 a
1057 1699 1145 1760 terra
1173 1694 1238 1760 Mo-

104 1797 244 1884 nosterij
263 1796 305 1866 de
319 1797 492 1881 Zebegusn
509 1803 699 1884 separatum
717 1801 999 1884 prontnpnrtibus
1009 1799 1236 1883 recollegimus

107 1911 139 1970 et
155 1903 330 1972 didicimus
347 1905 491 1971 seriatim
508 1905 665 1990 premisso
683 1905 778 1972 m'odo
795 1912 827 1970 ct
844 1903 954 1971 ordine
980 1909 1092 1974 omnio
1116 1915 1148 1972 et
1173 1909 1238 1973 sin-

107 2010 188 2095 gulo
203 2013 448 2097 premissorum.
466 2012 585 2078 Dotnm
613 2032 699 2079 anno
725 2013 858 2077 Domini
882 2011 1001 2078 M⁰OO⁰
1026 2015 1238 2097 nonagesimo

109 2117 157 2182 V⁰
173 2119 208 2185 in
225 2118 340 2202 vigilia
356 2119 469 2185 Sancti
478 2117 648 2186 Michaelis
658 2119 859 2203 Archangeli
876 2117 916 2185 de
933 2120 1128 2204 Septembri.

190 2313 244 2381 (Ar.
257 2315 361 2368 ercdoti
375 2313 442 2367 utin
456 2317 551 2369 Knouz
564 2317 588 2368 N
591 2313 684 2381 dndor,
698 2317 814 2382 Mogyar
836 2317 901 2368 Sion
914 2319 965 2368 III.
979 2315 1034 2368 iot,
1048 2319 1108 2368 861.
1123 2316 1154 2386 l.)

635 3151 709 3218 138.

102 3333 137 3399 A
153 3331 367 3420 nopyvdrodo'
382 3331 574 3397 lrooccotock
600 3331 879 3419 dizooyrdplcoele,
904 3333 987 3420 hopy
1005 3331 1088 3416 Syke
1104 3334 1135 3397 ds
1150 3334 1240 3399 roke-

103 3440 168 3506 παὶ
192 3441 287 3506 Moro
302 3447 383 3502 neoti
390 3437 499 3524 fdldet
515 3437 670 3518 Bencdck,
686 3439 830 3504 Beocdelc
840 3439 972 3522 fldook,
987 3441 1018 3505 έε
1033 3439 1242 3505 e'rdektdrnoi·

515 3549 581 3612 ooo
597 3547 734 3614 cladsco.
753 3545 851 3612 1295.
1135 3566 1137 3572 ’

220 3723 365 3790 Jacobus
390 3722 511 3790 Divina
527 3723 738 3790 miseracione
763 3721 949 3807 Propositus
966 3721 1113 3788 Ecclesie
1133 3723 1244 3788 Sancti

104 3831 276 3916 Stephani
301 3829 543 3898 Protomartiris
559 3829 601 3897 dc
621 3830 844 3896 Promontorio
860 3829 1076 3914 inimicust,
1095 3836 1245 3914 totusque

102 3939 301 4006 Gonnentns
310 3939 375 4006 loci
384 3938 529 4006 eiusdem
541 3938 689 4007 omnibns
700 3939 821 4006 Christi
830 3937 1127 4022 fidelibuspresens
1144 3941 1242 4024 scrip-

103 4045 386 4128 tnminspscturis
404 4047 544 4113 salntem
560 4046 593 4111 in
604 4046 748 4113 Domino
760 4044 998 4130 sempiternom.
1016 4043 1068 4108 Ad
1084 4045 1247 4115 vniuerso·

99 4173 181 4220 rnm
198 4152 354 4219 noticiam
365 4159 432 4219 tom
442 4154 658 4238 presencium,
670 4174 767 4238 qoam
778 4151 956 4220 futurorum
967 4151 1083 4218 harum
1094 4154 1180 4222 serie
1191 4155 1243 4222 lit·

104 4266 257 4326 terarum
269 4261 416 4328 volumus
426 4262 606 4348 peruenire,
617 4262 703 4346 qnod
713 4259 963 4349 Syke,Dionisio
974 4279 1013 4325 ao
1021 4261 1157 4329 Nicolao
1170 4263 1248 4348 filijs

102 4369 193 4454 suis,
209 4373 242 4433 et
265 4365 417 4438 Johonne
432 4369 533 4439 fratre
549 4390 608 4440 sno
624 4370 666 4437 ob
682 4391 748 4438 vno
763 4377 873 4455 porte;
905 4367 1082 4435 Benedicto
1105 4369 1170 4437 filio
1186 4371 1248 4437 Be·

102 4471 247 4558 nedicti,
263 4474 447 4561 iremberto,
465 4475 654 4562 Stephano,
680 4483 712 4545 et
728 4475 886 4542 Lodizloo
913 4473 990 4540 filiis
1006 4474 1073 4541 suis
1082 4524 1092 4558 ,
1108 4476 1248 4546 Nicolao

104 4581 183 4648 filio
201 4581 346 4668 Bozoch,
364 4583 495 4653 Andreo
511 4585 579 4652 filio
594 4585 687 4672 Vidn,
706 4584 885 4653 Lourcncio
895 4633 904 4668 ,
921 4581 1047 4648 Thoma
1056 4635 1066 4671 ,
1083 4584 1247 4671 Stephano
