3098 5172
884 333 1044 432 jun—

398 527 600 614 presencium
616 528 765 596 volumus
780 527 970 614 peruenire:
997 527 1084 612 quod
1107 527 1296 595 Alexander
1312 535 1346 594 et
1361 527 1522 597 Jchaunes

398 637 458 722 filij
476 634 668 724 Alexandry
682 635 765 703 Bani
781 636 825 702 ad
839 645 985 704 nostram
1010 637 1230 720 personaliter
1245 635 1444 703 accedentes
1459 657 1518 720 pre·

400 743 544 811 senciam
561 750 807 831 proposuerunt,
823 743 909 828 quod
936 741 1099 828 quandam
1115 753 1234 810 terram
1250 745 1397 830 ipsorum
1414 744 1521 826 aquisi-

400 861 467 918 tam
483 851 583 918 Seeut
595 852 697 920 Jacob
708 852 904 919 vocatamin
915 851 1081 918 Comitem
1096 851 1181 918 Noui
1198 851 1306 916 Castri
1322 852 1519 926 existentem,

386 979 473 1028 veum
488 959 650 1028 uniuersis
659 959 850 1026 utilitatibus
860 966 892 1026 et
901 959 1110 1046 pertinenciis
1125 959 1204 1044 suis,
1213 960 1272 1026 sub
1293 958 1419 1026 eisdem
1433 961 1519 1025 certis

403 1067 500 1134 metis
517 1075 549 1134 et
564 1066 716 1150 antiquis,
733 1067 850 1150 quibus
861 1067 968 1132 dictus
984 1073 1080 1151 pater
1095 1066 1237 1152 ipsorum
1254 1073 1287 1130 et
1303 1066 1405 1152 ijdem
1423 1087 1521 1152 posse·

407 1173 570 1241 demutet
601 1180 791 1260 tenuerunt,
823 1173 1007 1260 dedissent,
1040 1175 1223 1242 donassent
1252 1183 1286 1241 et
1317 1175 1523 1241 contulissent

406 1280 536 1346 domine
552 1281 654 1350 sorori
679 1283 834 1366 ipsorum,
851 1281 993 1348 consorti
1026 1281 1174 1366 Magistri
1206 1280 1294 1347 Petri
1310 1280 1369 1365 tilij
1397 1280 1521 1346 Comitis

406 1387 586 1474 Compoldy
594 1435 606 1473 ,
624 1395 657 1454 et
672 1409 731 1473 per
747 1407 818 1456 eam
844 1391 907 1475 ipsi
923 1387 1082 1473 Magistro
1097 1387 1206 1474 Petro,
1223 1397 1255 1454 et
1271 1388 1339 1455 suis
1358 1388 1521 1455 heredibus

393 1502 473 1560 'tam
498 1495 677 1581 procreatis
704 1516 802 1579 quam
818 1496 1038 1584 procreandis,
1064 1497 1135 1563 iure
1151 1503 1307 1582 perpetuo
1324 1503 1357 1562 et
1376 1497 1524 1563 irreuora-

402 1601 511 1668 biliter
525 1603 661 1688 pacifice
677 1603 861 1670 habendam
877 1611 910 1670 et
926 1602 1166 1688 possidendam.
1191 1602 1229 1668 ln
1254 1604 1346 1669 euius
1364 1623 1426 1688 roy
1440 1604 1520 1668 testi·

405 1710 548 1778 monium
579 1709 621 1778 ad
652 1709 847 1777 instanciam
878 1711 1054 1778 eorundem
1079 1718 1247 1795 presentes
1262 1711 1462 1778 contulimus
1486 1711 1520 1776 si·

341 1867 344 1874 .
405 1816 477 1902 gilli
503 1817 602 1884 nostri
635 1818 811 1886 munimine
842 1820 1020 1885 roboratas.
1052 1819 1262 1885 Presentibns
1286 1823 1401 1884 tamen
1429 1819 1520 1902 blagi-

406 1933 474 1992 stro
503 1923 651 1992 Jchanne
683 1925 830 2009 Lectore,
855 1924 981 2010 Mykou
1014 1924 1162 2011 Custode,
1188 1924 1330 1992 Martino
1348 1925 1394 1991 de
1413 1925 1522 2008 Patha,

404 2033 547 2120 Symone
561 2032 603 2098 de
618 2031 766 2120 Zcmlyu,
797 2032 958 2098 Bernaldo
983 2032 1024 2098 de
1054 2032 1209 2115 Sumbun,
1237 2029 1357 2115 Egidio
1375 2033 1419 2100 de
1435 2033 1524 2114 Wug,

406 2139 560 2224 Magistro
585 2139 735 2206 Johaune
762 2140 934 2207 hellenes
965 2138 1225 2228 Archidiccouis,
1242 2148 1275 2206 et
1304 2139 1386 2224 alijs
1411 2139 1521 2221 multis,

383 2267 494 2314 ..anno
513 2247 645 2314 Domini
677 2247 796 2314 bl⁰CC⁰
827 2249 1040 2332 nonagesimo
1066 2256 1169 2316 sexto.
1201 2250 1373 2331 Regnaute
1399 2247 1524 2314 Audrea

412 2354 532 2422 illustri
558 2355 647 2438 Rege
681 2355 870 2439 Hungarie;
895 2354 1086 2422 hodomerio
1118 2356 1346 2439 strigoniensi,
1379 2355 1523 2424 Johauue

410 2460 579 2530 Coloceusi
606 2462 889 2548 Archiepiscopis3
915 2461 1047 2530 domino
1072 2471 1183 2530 nostro
1224 2461 1408 2529 venerabili
1441 2457 1525 2547 patre

407 2569 547 2637 ‚Andrea
558 2570 619 2637 Dei
630 2571 743 2660 gracia
754 2572 917 2659 Episcopo
930 2571 1155 2639 existentibus.

775 2750 805 2816 A
962 2751 990 2816 B
1145 2749 1171 2816 C

412 2929 549 2994 (Eredetie
562 2927 735 2997 bb'rhirtydn,
749 2931 863 2996 melyrbl
874 2945 891 2980 a
904 2927 997 2997 peccet
1020 2929 1168 2998 libb-sirga
1180 2931 1411 2995 selyemasinbron
1423 2934 1489 2998 sugg
1502 2943 1533 2992 ;a
1547 2971 1548 2976 ,

729 3021 812 3072 budai
824 3021 876 3073 kir.
889 3021 1012 3072 kamarsi
1025 3017 1215 3086 levbltdrban.)

869 3299 1083 3313 m

947 3831 1023 3902 151.

410 4033 459 4082 ar
477 4018 548 4100 epu-i
562 4013 1060 4103 kdptalccocbba'conpedpleoele,
1083 4019 1166 4101 copy
1190 4013 1287 4080 Kceri
1316 4013 1420 4080 nitor
1446 4035 1534 4084 conto

411 4123 535 4188 Zabula
549 4117 815 4210 betyseyetjucai
828 4121 956 4190 Reitdld
970 4122 1076 4189 nudor
1082 4121 1213 4206 ficinalc
1237 4122 1418 4208 conpedes.
1445 4118 1538 4189 1296.

543 4298 700 4368 Omnibus
741 4300 863 4367 Christi
903 4299 1051 4367 fidelibus
1090 4305 1157 4366 tam
1198 4297 1410 4384 presentibus
1452 4317 1542 4382 quam

412 4401 531 4472 futuris
561 4423 697 4492 presens
737 4409 891 4494 scriptum
931 4405 1128 4492 inspecturis
1161 4405 1349 4490 Capitulum
1387 4404 1536 4473 Ecclesia

410 4509 581 4595 agriensis
614 4513 752 4580 salutem
782 4514 816 4580 in
844 4513 986 4581 omnium
1016 4511 1189 4582 saluatore.
1222 4510 1275 4577 hd
1311 4509 1546 4598 uniuersorunl

406 4615 572 4682 notidcm
597 4623 709 4685 tenore
750 4621 952 4703 presencium
978 4620 1127 4690 uolumus
1160 4619 1350 4706 peruenire,
1373 4618 1471 4703 quod
1493 4615 1544 4684 Co
