3120 5172
586 961 666 1031 214.

61 1165 129 1230 ΙΙΙ.
147 1163 258 1230 Endrc
273 1160 442 1249 accipiat
458 1163 593 1229 Matalon
608 1161 751 1229 birtoiutt
767 1163 924 1250 tdrpyazd
940 1163 1121 1252 adomdnpa
1137 1159 1191 1230 St-

258 1293 330 1337 roon
347 1293 455 1355 comeo,
473 1269 711 1355 Simonaokfia
726 1276 886 1337 czdmdru.
907 1273 1002 1340 1299.

172 1468 242 1536 Nos
257 1465 406 1535 Andreas
423 1468 484 1535 Dei
510 1467 623 1552 gracia
640 1468 816 1556 Hungaric,
833 1469 1029 1554 Datmacie‚
1047 1468 1194 1556 Oroatia,

62 1580 178 1662 Rame,
196 1577 320 1662 Seruie,
337 1574 485 1661 Gallicie,
504 1575 703 1662 Lodomerie‚
722 1577 878 1643 Cumania
895 1576 1194 1661 Buigarioqueltcx

62 1685 215 1753 omnibus
231 1683 353 1754 Christi
370 1685 522 1754 fidelibus
553 1692 622 1752 tam
647 1688 851 1770 presentibus
878 1706 974 1768 quam
991 1685 1104 1752 futuris
1121 1705 1195 1769 pre·

63 1815 142 1864 sons
160 1798 316 1879 scriptum
332 1793 532 1882 inspecturis
547 1793 686 1862 salutem
710 1793 745 1859 in
762 1793 906 1860 omnium
933 1793 1121 1881 a(aluatorc.
1140 1793 1188 1858 Ro

63 1903 119 1988 gie
135 1900 333 1984 Maiesttatis
349 1899 578 1967 munificencia
602 1899 699 1968 debet
714 1921 779 1968 non
795 1900 942 1966 inmerito
959 1899 1135 1966 fidelitates
1155 1938 1193 1948 -

61 2047 100 2057 —
122 2045 168 2059 -
185 2045 230 2055 —
247 2045 263 2054 ··
284 2049 286 2052 -
307 2044 348 2056 -
366 2007 482 2091 cuique
508 2009 601 2076 iuxta
626 2030 759 2077 suorum
785 2005 992 2092 exigcnciam
1007 2009 1196 2073 meritorum

62 2118 265 2205 respondere
280 2116 314 2183 in
330 2118 516 2186 muneribus
534 2118 717 2204 donatiuis,
744 2124 778 2184 ut
796 2117 853 2202 alij
879 2116 1023 2203 ipsorum
1048 2114 1197 2199 exempto

62 2262 402 2276 ------
413 2224 542 2295 facilius
559 2226 744 2294 inuitentur.
760 2224 902 2293 Proinde
918 2224 961 2292 ad
975 2223 1198 2293 uniuersorum

63 2333 223 2402 noticiam
241 2332 359 2402 harum
376 2336 458 2402 serie
468 2333 808 2421 uolumuspcruenire‚
827 2332 912 2418 quod
929 2332 1067 2420 (Symon
1083 2331 1199 2399 Comes

65 2443 157 2508 filius
175 2437 345 2528 Symonis)
362 2441 406 2508 ad
420 2449 564 2510 nostram
577 2440 738 2510 accedens
762 2442 966 2528 presenciam
985 2441 1132 2509 exhibuit
1146 2461 1202 2506 no-

64 2551 115 2616 bis
134 2549 266 2616 litterae
283 2555 412 2617 nostras
429 2554 579 2636 patentes
603 2571 701 2637 super
732 2549 911 2617 collacione
930 2548 1097 2617 cuiusdam
1114 2555 1202 2634 terro

63 2657 214 2744 (Muslan
231 2663 358 2745 vocate,
375 2655 535 2746 petens)a
559 2659 653 2727 nobis
669 2679 742 2725 cum
758 2659 919 2728 instancia
935 2656 1114 2746 (humiliter
1129 2677 1203 2744 sup-

59 2763 232 2850 plicando,
250 2773 286 2832 ut
301 2761 449 2853 easdem)
467 2773 659 2852 acceptare,
686 2774 717 2832 et
739 2767 859 2834 nostris
878 2765 996 2833 litteris
1012 2764 1200 2850 priuilegia·

60 2867 185 2960 (libus)
212 2870 424 2957 dignaremur
456 2873 654 2942 confirmare.
685 2872 829 2953 Quarum
860 2872 992 2960 quidem
1022 2873 1202 2940 litterarum

61 2986 255 3047 nostrarum
273 2981 460 3068 patencium
478 2986 573 3049 tenor
591 2981 665 3048 talis
683 2990 757 3048 est:

175 3085 247 3154 Nos
256 3087 406 3157 Andreas
415 3091 479 3156 Dei
490 3091 603 3174 gracia
613 3089 861 3172 chHungarie
877 3089 1031 3157 memorie
1042 3107 1191 3156 commen

58 3195 187 3263 dantes
205 3203 322 3264 tenore
337 3197 540 3282 presencium
557 3196 779 3280 significamus
796 3195 914 3280 quibus
930 3194 1061 3283 expedit
1077 3193 1201 3262 vniuer-

57 3305 132 3389 ais;
151 3302 240 3388 quod
251 3303 369 3372 Comes
379 3305 502 3391 Symon
513 3303 599 3371 tilius
610 3303 762 3390 Symonis
771 3301 878 3372 fidelis
887 3311 995 3370 noster
1006 3302 1050 3377 ad
1059 3307 1203 3370 nostram

56 3411 230 3479 accedens
247 3412 450 3497 presenciam
467 3410 644 3496 quamdam
669 3417 788 3478 terram
813 3409 949 3497 Mathey
965 3409 1118 3476 uidelicet
1132 3407 1204 3476 sine

57 3519 191 3588 herede
202 3517 397 3587 decedentis
407 3520 538 3586 Muslan
550 3525 772 3604 nuncupatam
783 3519 946 3603 quondam
958 3516 1077 3606 (taetri,
1093 3522 1204 3586 nostre

56 3627 246 3696 collationi
262 3627 490 3714 pertinentem,
506 3648 566 3714 pro
583 3627 652 3695 suis
667 3627 881 3694 fidelitatibus
902 3634 934 3695 et
950 3624 1098 3711 seruicijs
1114 3645 1135 3692 a
1149 3645 1204 3690 no·

56 3735 117 3803 bis
135 3733 202 3802 eibi
218 3733 288 3800 dari
314 3735 650 3818 postulauitsVerum
676 3735 753 3818 quia
778 3741 888 3802 nostre
913 3730 1117 3802 Excellencie
1141 3751 1205 3799 non

55 3841 257 3929 constabat,
275 3849 384 3909 utrum
400 3843 549 3928 predicta
559 3847 646 3910 terra
661 3843 826 3928 pertineat
842 3849 951 3910 nostre
965 3840 1135 3908 collationi
1146 3860 1206 3908 nec

55 3971 120 4030 ne,
137 3949 292 4018 fidelibus
308 3951 427 4018 nostris
453 3949 601 4036 Capitulo
628 3951 794 4018 Jauriensi
820 3949 967 4017 dedimus
984 3950 1017 4016 in
1033 3947 1207 4034 mandatis,
1330 3941 1338 3959 ⁸

50 4063 95 4125 nt
115 4059 265 4141 ipsorum
283 4058 447 4127 mitterent
463 4061 629 4148 ydoneum
646 4059 888 4144 testimonium,
920 4077 1030 4125 coram
1049 4076 1112 4140 quo
1128 4057 1204 4123 Per-

47 4169 136 4251 lym
151 4161 250 4233 homo
267 4177 379 4244 noster
395 4169 625 4238 reambularet
643 4167 826 4254 predictam
843 4173 985 4250 terram,
1017 4163 1206 4252 presentibu

49 4275 305 4344 commetaneis
340 4283 372 4344 et
402 4277 542 4366 uicinis,
576 4286 609 4347 et
635 4281 795 4345 statueret
825 4276 930 4345 eidem
947 4274 1064 4344 Comiti
1080 4273 1205 4362 Symon

46 4380 317 4475 possidendam,
335 4387 364 4452 si
379 4408 445 4453 non
461 4387 552 4455 fieret
569 4385 827 4472 contradictum
860 4385 1117 4454 contradictores
1145 4406 1207 4454 oon

44 4515 115 4576 tra
138 4489 277 4559 eundem
293 4493 469 4580 Symonem
495 4493 539 4561 ad
571 4503 715 4564 nostram
738 4493 950 4562 Presenciam
968 4495 1156 4582 euocand03
1174 4504 1206 4565 ct

40 4609 144 4700 post
159 4603 220 4672 hec
235 4601 352 4672 sertem
369 4604 472 4692 ipsius
488 4606 617 4695 negocij
633 4657 643 4696 ‚
676 4611 709 4674 et
724 4603 915 4692 specialiter
930 4605 1064 4678 nomina
1080 4612 1206 4680 contra·
