3120 5172
823 296 984 400 -mo-

337 518 434 584 quam
451 496 492 565 de
508 498 606 584 plano
621 497 695 562 sine
711 496 848 581 strepitu
865 501 897 560 et
908 496 1012 580 figura
1023 493 1140 583 Judicij
1159 497 1306 582 legitime
1323 501 1452 568 constite-

339 605 381 672 rit
396 605 438 672 de
457 605 636 692 premissis,
652 601 815 689 predictos
825 601 953 670 nobiles
972 609 1006 668 ct
1020 605 1105 671 alios
1122 623 1164 670 ex
1178 611 1270 690 parte
1287 613 1452 675 nostrano·

342 733 421 780 neas
439 713 615 780 efficaciter
633 718 664 778 et
688 711 844 794 inducas,
878 717 912 776 vt
927 709 1014 776 infra
1026 717 1148 778 certum
1165 713 1338 778 terminum
1355 735 1453 799 peren·

342 826 399 906 pto
407 819 501 905 rium,
518 839 616 902 quem
647 817 695 886 eis
710 817 890 903 prefixeris,
906 817 1067 903 premissa
1089 820 1176 886 bona
1191 819 1239 885 sic
1255 827 1406 906 occupata
1417 843 1453 890 re·

341 927 480 994 stiluant
491 928 638 1012 plenarie
648 926 769 994 Abbati
784 933 816 994 el
833 926 1014 992 Conuentui
1024 927 1224 1015 memoratis,
1242 929 1331 995 etde
1348 929 1454 1016 iniurijs

342 1036 390 1102 eis
405 1033 507 1102 illatis
540 1035 746 1103 satisfaciant
762 1039 990 1120 competenter.
1023 1034 1058 1100 Si
1074 1054 1152 1102 vcro
1171 1035 1272 1118 ijdem
1297 1037 1416 1104 nobiles
1430 1043 1454 1103 et

342 1142 398 1225 alij
417 1140 502 1210 infra
518 1142 658 1210 eundem
683 1142 858 1210 terminum
890 1141 1141 1228 contempserint
1164 1141 1351 1208 huiusmodi
1375 1145 1454 1210 moni·

341 1249 422 1315 tioni
437 1269 562 1334 parere,
579 1257 613 1316 tu
630 1256 747 1317 extunc
764 1267 819 1316 eos
839 1248 883 1315 ad
904 1249 938 1315 id
955 1271 1014 1336 per
1031 1268 1200 1316 censuram
1217 1250 1454 1318 ecclesiasticam

342 1357 568 1442 appellatione
584 1363 709 1424 remota
725 1357 923 1442 compellas;
951 1364 1055 1424 testes
1072 1365 1191 1442 autem,
1211 1357 1268 1440 qui
1284 1357 1398 1423 fuerint
1411 1377 1453 1423 no·

344 1462 469 1548 minati,
487 1463 515 1530 si
532 1483 567 1530 se
583 1464 698 1547 gracia
706 1514 718 1547 ,
734 1463 808 1530 odio
839 1465 892 1532 vel
907 1464 1020 1530 timore
1036 1463 1264 1548 subtraxerint,
1280 1483 1410 1531 censura
1422 1464 1454 1530 si·

343 1571 412 1638 mili
437 1571 661 1658 appellatione
677 1578 827 1639 cessante
843 1573 1021 1659 compellas
1033 1572 1160 1640 veritati
1179 1571 1457 1657 testimoniumper·

345 1677 469 1762 hibere,
488 1700 552 1745 non
569 1681 721 1748 obstante
737 1681 966 1748 constitutione
983 1701 1040 1766 per
1060 1700 1119 1748 nos
1135 1680 1233 1766 edita,
1251 1701 1316 1764 qua
1331 1689 1456 1764 cauetur,

343 1785 431 1870 quod
446 1785 554 1852 nullus
571 1806 629 1871 per
645 1795 773 1854 nostras
790 1786 918 1853 litteras
935 1795 1027 1854 extra
1052 1807 1146 1853 suam
1161 1783 1335 1852 ciuitatem
1351 1795 1382 1853 et
1394 1785 1458 1852 Dio·

343 1893 443 1960 eesim
458 1893 503 1959 ad
518 1893 672 1961 iudicium
689 1903 852 1982 euocetur,
871 1917 932 1962 nec
966 1893 1163 1981 procedatur
1187 1895 1222 1960 in
1237 1895 1347 1978 aliquo
1362 1901 1458 1961 contra

343 2019 426 2068 eum.
455 2001 576 2068 Datum
600 2002 688 2088 apud
719 2003 983 2072 Urbemueterem
1008 2004 1043 2069 V.
1059 2001 1220 2080 kalendas
1250 2003 1327 2087 Julij
1345 2002 1456 2070 Pontifi-

343 2112 435 2176 catus
449 2111 551 2176 nostri
566 2128 653 2176 anno
669 2112 775 2179 tertio.

416 2303 557 2370 (Eredetie
569 2303 749 2374 bb'rbtrtytn,
760 2323 778 2360 a
786 2307 983 2375 pannonbalmi
997 2303 1143 2374 soepttstg
1157 2304 1361 2376 leveltrlrtban.)

864 3123 941 3192 lla.

348 3319 438 3389 VJll.
465 3321 623 3409 Boaifdca
647 3327 742 3411 pdpu
772 3321 956 3387 Henritnek
975 3321 1093 3405 jadrac'
1123 3323 1273 3388 trsekuelc
1303 3325 1454 3411 mepboqy·

337 3433 384 3516 jo,
402 3433 482 3518 bopy
513 3455 553 3496 aa
582 3430 679 3496 etaekc'
702 3433 878 3518 palliamot
910 3429 993 3496 keltt'
1024 3432 1136 3496 edoceo
1161 3433 1194 3498 te
1210 3432 1327 3498 mo'clon
1355 3432 1456 3516 olcclje.

870 3537 967 3610 1297.

448 3731 637 3802 Bonifacius
662 3730 844 3815 Episcopus
876 3749 989 3796 servus
1021 3751 1187 3800 servorum
1211 3732 1274 3798 Dei
1290 3732 1456 3802 venerabili

338 3839 434 3909 fratri
451 3842 595 3908 Henrico
612 3838 868 3924 Archiepiscopo
878 3837 1030 3906 Jadrensi
1046 3839 1186 3906 salutem
1201 3849 1234 3908 et
1248 3841 1455 3929 Apostolicam

339 3947 608 4016 benedictionem.
634 3946 746 4031 Nuper
761 3951 794 4012 te
811 3945 945 4012 fratrum
975 3946 1135 4014 Minorem
1153 3947 1284 4017 Ordinis
1315 3947 1456 4036 professo·

338 4078 405 4124 rem
424 4056 465 4121 de
482 4057 620 4121 fratrum
637 4061 816 4120 nostrorum
850 4054 984 4120 consilio
1002 4062 1034 4120 et
1054 4055 1242 4139 Apostolice
1267 4054 1455 4141 plenitudine

340 4163 511 4249 potestatis
528 4163 672 4229 Ecclesie
687 4161 839 4228 ledrensi
860 4161 1055 4246 prefecimus
1082 4161 1115 4227 in
1131 4163 1414 4249 Arcbiepiscopum
1429 4163 1456 4224 et

339 4279 515 4358 pastorem,
534 4277 568 4337 et
583 4268 788 4356 postmodum
806 4289 866 4356 per
883 4268 1099 4336 venerabilem
1115 4270 1247 4337 fratrem
1267 4279 1404 4337 nostrum
1418 4265 1455 4331 lll.

340 4380 552 4446 Portuensem
568 4379 766 4466 Episcopum
782 4377 841 4444 tibi
857 4397 974 4444 munus
994 4378 1250 4444 consecrationis
1265 4375 1457 4463 impendier

338 4484 456 4552 deinde
471 4487 635 4572 palleum,
654 4484 744 4570 quod
761 4493 812 4552 est
839 4484 967 4568 insigne
982 4485 1183 4553 Pontificalis
1204 4486 1314 4572 officii,
1332 4503 1397 4549 com
1414 4498 1457 4559 ea,

237 4617 242 4626 ¹
341 4613 406 4680 qua
426 4592 522 4658 decet
537 4593 696 4658 instantia
711 4592 930 4678 postulatum,
946 4591 988 4660 de
1004 4615 1138 4682 corpore
1153 4593 1249 4663 Beati
1263 4592 1349 4660 Petri
1364 4606 1458 4672 sump-
