3120 5172
613 320 774 418 Q

115 512 189 580 tuis
206 511 506 599 supplicationibus
522 519 716 600 annuentes,
730 514 838 600 ipsum
854 513 896 582 de
913 536 1046 603 corpore
1061 515 1158 584 Beati
1169 515 1259 583 Petri

118 625 291 706 sumptum
307 619 368 686 tibi
383 639 443 706 per
459 619 594 690 dilectos
610 620 693 688 filios
709 625 837 690 nostros
853 621 1021 690 lintheum
1038 623 1162 693 Sancte
1186 613 1256 690 Mu·

125 729 172 796 rie
189 730 224 794 in
241 729 383 814 Porticu,
401 727 640 812 Neapoleonem
666 727 780 796 Sancti
805 729 953 818 Adriani,
978 731 1110 798 Petrum
1134 731 1258 798 Sancto

120 835 229 903 ,blarie
245 834 347 920 Nove,
364 841 397 900 et
412 833 609 903 Richardum
626 835 738 901 Sancti
764 835 931 904 Eustachii
957 837 1120 904 Diaconos
1147 835 1257 902 Cardi-

127 941 221 1010 nales
238 941 392 1009 duximus
423 937 672 1026 assignandum,
688 943 823 1028 prestito
841 965 861 1010 u
877 951 910 1010 te
935 950 1044 1010 nostre
1060 951 1092 1011 et
1110 941 1255 1010 Ecclesia

123 1051 271 1116 Romane
287 1047 419 1116 nomine
435 1048 603 1118 fidelitatis
619 1048 716 1116 solite
731 1051 927 1138 iuramento,
946 1057 981 1116 ut
996 1051 1055 1118 illo
1081 1051 1170 1117 intra
1197 1049 1259 1114 Ec·

123 1157 257 1223 olesium
282 1161 376 1221 tuam
393 1155 461 1222 illis
488 1155 603 1224 diebus
619 1157 731 1244 utaris,
757 1159 814 1240 qui
840 1159 988 1244 expressi
1012 1158 1046 1224 in
1071 1157 1174 1244 ipsius
1199 1159 1252 1224 Ec

121 1261 223 1330 clesie
239 1261 419 1348 privilegiis
437 1263 650 1332 continentur.
669 1264 712 1330 Ut
729 1265 862 1348 siguum
877 1266 978 1348 igitur
1003 1286 1066 1332 non
1094 1265 1255 1348 discrepet

122 1393 143 1435 a
159 1369 301 1455 signato,
320 1372 378 1438 sed
394 1371 480 1454 quod
495 1373 584 1454 geris
601 1371 754 1457 exterius,
771 1373 860 1440 intus
876 1392 988 1440 serves
1004 1373 1038 1438 iu
1055 1378 1163 1439 mente
1174 1396 1182 1458 3
1194 1369 1255 1436 fra-

110 1481 305 1546 ternitatem
332 1486 421 1548 tuam
447 1499 617 1546 monemus
644 1481 798 1546 attentius
827 1485 860 1546 et
890 1480 1069 1564 hortamur,
1096 1485 1256 1564 quatenus

120 1584 339 1652 humilitatem
356 1594 389 1652 et
403 1586 572 1668 iustitiam,
589 1586 691 1654 dante
719 1586 868 1672 Domino,
895 1587 951 1670 qui
976 1587 1033 1652 dat
1063 1605 1197 1652 munera
1222 1592 1254 1651 et

120 1691 247 1776 premia
278 1692 447 1778 elargitur,
475 1693 650 1760 obseruare
676 1693 820 1779 studeas,
849 1713 913 1776 que
938 1712 1031 1760 suum
1066 1697 1199 1759 servant
1223 1696 1255 1756 et

120 1805 311 1882 promovent
327 1805 533 1886 servatorem,
552 1807 584 1867 et
599 1801 794 1868 Jsdreusem
810 1800 993 1868 Ecclesiam
1003 1819 1157 1884 sponsam
1166 1804 1254 1865 tuam

118 1925 213 1971 curres
238 1905 387 1990 sollicite,
411 1914 521 1974 actore
537 1908 685 1993 Domino,
712 1905 917 1974 incrementis
932 1907 966 1972 in
982 1905 1206 1992 spiritualibus
1223 1909 1255 1969 et

119 2012 354 2096 temporalibus
371 2015 541 2098 ampliare.
569 2017 691 2080 Datum
719 2014 869 2098 Anagnie
893 2013 1046 2080 kalendis
1061 2012 1152 2099 Iulii,
1169 2011 1253 2078 Pon-

119 2119 259 2186 tificatus
275 2121 378 2187 nostri
395 2141 480 2189 anno
497 2123 620 2205 quinto.

119 2315 254 2379 (Theiusr,
268 2318 370 2370 Vetera
388 2318 562 2370 Monumentu
576 2317 717 2368 Slarorum
727 2303 946 2368 Meridionalium
959 2315 1101 2367 historiam
1113 2313 1252 2366 illustran-

553 2411 593 2458 tia
605 2409 627 2460 1.
642 2408 698 2457 not.
714 2407 774 2456 rto.
789 2406 818 2470 l.)

649 3237 727 3305 217.

122 3421 218 3488 VIII.
235 3423 396 3505 Bortijrioc
407 3424 504 3506 popo
511 3419 770 3505 fclbutulmazzo
785 3418 891 3484 Jacob
900 3419 1015 3502 jodoci
1029 3415 1152 3498 taschet,
1163 3419 1248 3502 bopy

107 3531 186 3594 abab
203 3529 352 3613 szemclpt
383 3551 421 3591 oz
455 3529 521 3592 bloet
545 3527 628 3612 sojt6
658 3524 914 3611 epybdabllctote's
955 3523 1019 3590 ulol
1047 3525 1249 3610 felmcotbetc'

636 3634 734 3700 1299.

225 3829 414 3896 Bouiiacius
445 3827 628 3913 Episcopus
654 3847 767 3893 servus
794 3845 960 3894 servorum
986 3827 1048 3892 Dei
1065 3824 1247 3894 vonerabili

111 3939 288 4005 fratri...
323 3933 574 4021 Archiepiscopo
600 3935 766 4020 Jadrensi,
792 3934 930 4002 salutem
963 3939 995 4001 et
1020 3933 1245 4019 Apostolicam

109 4045 381 4112 benedictionem.
401 4043 560 4128 Exposuit
577 4043 670 4108 nobis
687 4050 744 4107 tua
760 4042 962 4128 fraternitas,
979 4041 1063 4125 quod
1089 4039 1241 4109 nonnulli

108 4153 234 4220 Prelati
251 4151 537 4235 ecclesiasticoque
554 4171 702 4237 persone,
729 4151 901 4234 regulares
928 4155 960 4216 et
985 4151 1162 4234 seculares,
1188 4154 1245 4213 tue

112 4261 265 4328 Civitatis
277 4268 308 4328 et
317 4262 464 4328 Diocesis
476 4262 509 4326 in
519 4261 728 4345 reparatione
738 4277 903 4324 murorum
920 4258 1070 4324 Civitatis
1087 4252 1243 4348 eiusdem,

104 4369 169 4452 qui
186 4368 263 4434 olim
282 4367 438 4436 destructi
454 4368 594 4452 fuerant,
612 4367 653 4433 de
667 4365 879 4452 proventibus
896 4372 928 4433 et
939 4364 1032 4432 bonis
1049 4361 1246 4430 ecelesiasti-

107 4476 159 4542 cis
176 4475 237 4542 sub
253 4475 407 4544 adiutorii
422 4477 476 4543 vel
493 4473 569 4542 doni
586 4474 715 4540 nomine
733 4473 928 4540 officialibus
946 4477 978 4540 et
993 4470 1068 4538 aliis
1085 4469 1181 4536 laicis
1197 4467 1245 4533 di·

100 4591 164 4651 cto
181 4583 332 4652 Civitatis
349 4590 454 4650 certas
481 4583 708 4668 persolverunt
731 4581 870 4667 pecunie
896 4580 1108 4665 quantitates,
1134 4573 1246 4644 iidem·

158 4717 262 4756 uosmet.
278 4717 360 4755 rruuo.
377 4719 447 4754 uror.
466 4725 505 4736 -
523 4717 595 4751 nuru.
614 4711 650 4754 ts.
1041 4691 1082 4754 22
