3132 5162
69 1161 121 1228 IV.
137 1162 256 1228 Mettus
266 1165 361 1246 pdpa
382 1183 403 1222 u
419 1161 544 1224 saaca-i
565 1162 743 1246 0100111010
759 1161 906 1228 1011111100
936 1165 1029 1228 irritet
1056 1164 1194 1228 100110100-

526 1268 594 1332 dit.
622 1269 719 1333 1291.

167 1481 319 1548 Nicolans
351 1480 534 1568 Episcopus
566 1497 679 1548 servus
711 1501 886 1549 servorum
921 1483 983 1548 Dei
1014 1483 1192 1550 venerabili

70 1583 154 1651 100101
171 1636 179 1652 .
196 1635 203 1651 .
221 1638 228 1652 .
246 1587 744 1676 Αο0101001000οο0101110000οἰ,
762 1588 947 1654 salutemet
963 1587 1186 1672 Apostolioam

69 1690 324 1760 benedictionem.
342 1695 404 1762 Per
429 1701 505 1764 tuas
522 1702 555 1763 et
579 1697 676 1763 etiam
702 1696 871 1764 carissime
905 1697 939 1760 in
965 1695 1094 1762 Christo
1120 1697 1188 1762 filio

69 1805 167 1866 nostre
181 1801 283 1868 Elene
298 1804 423 1887 Regiae
435 1805 546 1871 Servis
561 1803 699 1871 illustris
714 1803 843 1871 litteras
859 1823 963 1888 nuper
978 1805 1073 1870 nobis
1084 1810 1187 1872 trans-

69 1905 160 1973 misas
200 1911 396 1993 accepimus,
422 1907 509 1993 quod
533 1911 567 1975 in
591 1911 731 1975 Albanis
759 1910 906 1994 partibus
932 1909 1026 1976 iuxta
1051 1909 1187 1979 Selenes

70 2011 197 2095 quedam
214 2015 355 2082 habetur
372 2011 504 2102 Civitas,
522 2015 609 2084 Sava
625 2015 765 2102 nomine,
783 2035 846 2098 que
862 2016 928 2082 iam
944 2015 1033 2098 longi
1062 2023 1182 2101 tempo·

70 2120 109 2186 010
124 2120 226 2205 spatio
242 2121 445 2190 distinctioni
471 2124 648 2206 succubuit,
664 2124 733 2190 eius
749 2123 864 2190 incolis
880 2143 939 2209 000
956 2123 1087 2189 diversa
1114 2124 1185 2190 loca

69 2225 236 2312 dispcrsis5
254 2247 289 2296 se
315 2227 356 2294 de
380 2249 463 2295 novo
490 2229 524 2293 in
549 2226 689 2296 Ciuitate
715 2226 862 2314 predicta
888 2230 1095 2314 quamplures
1121 2231 1182 2296 viri

70 2329 219 2400 Catholici
235 2335 276 2400 de
291 2334 470 2402 incolarum
486 2335 629 2420 ipsorum
646 2337 811 2424 progenie,
828 2339 863 2400 ut
890 2333 1017 2422 dicitur,
1043 2337 1180 2404 existen-

67 2447 122 2526 tes,
136 2442 239 2508 etalii
256 2445 355 2510 etiam
374 2443 576 2512 diversarum
591 2446 733 2530 partium
749 2451 979 2530 convenerunt,
996 2463 1187 2526 moramque

70 2547 100 2612 in
115 2547 173 2614 illa
189 2552 376 2618 continuam
391 2552 594 2636 contrahunt,
612 2552 810 2636 Episcopum
843 2569 916 2615 cnm
942 2549 1100 2616 instantia
1124 2571 1180 2635 po-

69 2655 231 2723 stulantes.
249 2656 454 2744 Quapropter
470 2657 557 2743 qnod
567 2657 712 2742 predicte
737 2656 888 2723 Civitatis
914 2657 1023 2725 clerici
1051 2657 1094 2722 ad
1122 2660 1185 2725 ele-

67 2763 199 2829 ctionem
214 2765 427 2849 procedentes
443 2764 606 2851 Episcopi,
632 2763 794 2848 quendam
820 2765 1032 2849 presbiterum
1058 2765 1185 2832 Petrum

68 2870 198 2956 nomine,
214 2872 319 2937 virum
336 2854 446 2956 ntique
464 2872 658 2940 catholicum
675 2877 707 2938 et
722 2870 858 2954 fidelem,
884 2871 918 2937 in
934 2891 1028 2938 sunm
1045 2877 1076 2938 et
1102 2873 1186 2938 eius-

68 2975 135 3042 dem
150 2977 299 3046 Civitatis
315 2975 486 3065 elegerunt
512 2979 708 3064 Episcopum
735 2986 766 3045 et
791 2987 963 3064 pastorem,
988 2979 1140 3064 petendo,
1168 3000 1188 3045 a

68 3087 508 3171 te‚utpotel1etropolitano
534 3089 675 3172 ipsorum
701 3087 864 3152 humiliter
900 3094 932 3153 ct
956 3087 1124 3174 instanter,
1151 3094 1187 3151 ut

66 3191 246 3258 electionem
262 3193 447 3261 huiusmodi
463 3196 655 3261 auctoritate
671 3194 729 3261 tibi
744 3193 866 3260 tradita
881 3192 1106 3260 confirmares:
1124 3193 1184 3260 sed

66 3299 205 3378 petitioni
222 3321 336 3368 eorum
353 3322 497 3369 annuere
513 3303 658 3388 noluisti,
674 3302 737 3368 nisi
754 3301 843 3387 prius
859 3322 957 3387 super
973 3301 1036 3366 hoe
1051 3320 1073 3366 a
1088 3301 1183 3368 nobis

66 3403 222 3472 licentiam
250 3407 425 3476 obtineres.
452 3407 562 3486 Quare
588 3415 623 3474 tu
667 3417 699 3474 et
726 3409 857 3493 prefata
886 3409 1014 3492 Regina
1043 3430 1064 3474 a
1094 3409 1190 3476 nobis

65 3515 272 3598 supplicastis
288 3515 464 3602 humiliter,
481 3525 516 3582 ut
532 3535 629 3600 super
645 3517 707 3583 boc
731 3515 903 3601 providere
919 3515 961 3582 de
986 3516 1189 3600 benignitate

67 3621 161 3688 solita
177 3623 396 3707 dignaremur.
415 3623 483 3688 Nos
498 3623 598 3707 igitur
622 3623 664 3689 ad
691 3629 898 3706 angmentum
923 3624 1089 3692 Catholice
1112 3624 1190 3690 fidei

64 3727 208 3798 sollicitis
224 3715 342 3797 studiis
366 3729 581 3815 intendentes,
608 3737 639 3795 01
663 3731 822 3814 volentes,
839 3737 875 3797 ut
899 3731 1041 3816 expedit,
1057 3731 1190 3797 salubri·

63 3843 107 3900 ter
123 3843 157 3902 01
171 3845 300 3903 mature
314 3835 498 3921 procedere,
529 3856 568 3903 ac
591 3838 656 3904 tuis
681 3843 714 3905 01
739 3837 843 3922 100100
868 3837 993 3922 Regina
1019 3836 1190 3904 desideriis

62 3943 197 4028 benigne
207 3943 466 4032 annuere‚inhao
479 3953 571 4030 parte
580 3950 729 4030 gerentes
741 3965 867 4030 quoque
879 3945 920 4011 de
929 3953 983 4011 tue
994 3944 1190 4030 circumape-

64 4050 176 4118 ctionia
191 4050 358 4118 industria
382 4051 534 4119 fiduciam
560 4052 593 4117 in
619 4053 758 4119 Domino
788 4054 973 4140 specialem,
996 4050 1190 4118 fraternitati

60 4165 109 4224 tue
124 4179 185 4243 per
200 4159 399 4245 Apostolica
414 4160 537 4246 scripta
553 4160 756 4245 mandamus,
789 4167 949 4245 quatenns
965 4160 1002 4242 si,
1032 4159 1188 4241 inquisita

60 4262 96 4329 de
112 4263 210 4332 modo
227 4265 408 4352 electionis,
425 4268 620 4352 elegentium
645 4267 762 4335 studiis
779 4273 811 4333 01
837 4266 933 4333 010011
964 4265 1085 4332 meritis
1112 4265 1185 4332 dili-

60 4373 184 4453 gentins
201 4373 351 4458 veritate,
368 4374 488 4442 dictam
504 4375 693 4442 electionem
711 4373 902 4441 canonicam
919 4379 951 4438 et
976 4371 1017 4438 dc
1044 4392 1185 4456 persona

60 4479 188 4562 ydonea
203 4481 362 4549 inveniris
377 4481 532 4548 canonice
549 4481 761 4565 cnlecratam,
776 4481 883 4562 ipsam
909 4477 950 4545 de
974 4479 1112 4547 consilio
1139 4479 1187 4546 di·

60 4587 215 4655 lectorum
232 4589 371 4654 liliorum
389 4638 396 4653 .
416 4639 422 4652 .
442 4589 588 4655 ,Prioris
603 4587 848 4657 Predioatorum
874 4591 907 4654 et
923 4637 930 4652 .
949 4637 955 4651 .
975 4635 982 4650 .
1009 4587 1190 4656 Guardiani
