3112 5158
599 235 755 337 pr*

111 432 361 515 lluroollitnr,et
370 431 510 500 Martino
520 433 640 499 Bembo
651 427 856 502 consiliariis
867 427 976 515 ladre3
987 425 1117 498 domino
1127 431 1236 500 Marco

109 541 148 608 de
163 539 310 608 Marcilio
326 541 415 608 socio
447 541 571 607 domini
587 537 748 608 Johannis
765 537 939 606 Ocntareni
957 535 1237 608 Oomitisladren-

108 651 163 734 sis,
179 656 213 716 et
228 647 306 716 aliis
321 647 469 733 pluribus
486 645 623 720 testibus
639 647 683 714 ad
698 645 759 714 hec
776 643 900 713 vocatis
927 645 1115 730 specialiter
1140 652 1173 714 et
1188 667 1236 714 ro·

113 759 210 841 gatis.
226 757 344 824 Actum
362 757 395 821 in
411 757 510 821 Curia
526 755 639 822 Sancti
656 753 772 820 Jacobi
789 755 874 820 ultra
890 761 1018 838 portum
1030 753 1141 821 Jadre.
1170 754 1235 821 Do-

105 866 212 932 minus
229 863 391 950 Georgius
422 866 539 932 Comes
557 863 780 931 Breberiensis
798 863 989 932 solemniter
1013 861 1117 949 inivit,
1145 863 1234 949 fecit,

103 979 134 1038 ct
148 973 291 1039 firmarit
307 993 366 1058 prc
382 993 417 1040 se
432 974 513 1058 ipso,
530 979 561 1039 et
577 978 676 1056 gente
692 992 763 1058 sua,
790 992 828 1038 ac
854 971 921 1038 suis
946 969 1096 1054 subditis,
1123 979 1155 1038 et
1180 992 1235 1037 no-

103 1079 188 1144 mine
206 1076 392 1148 Communis
402 1087 434 1146 et
450 1081 617 1148 hominum
627 1079 768 1164 Almisii,
780 1099 911 1166 meram,
924 1099 1047 1166 puram,
1066 1086 1098 1146 et
1108 1080 1232 1148 firmam

101 1193 249 1271 treguam
267 1208 369 1272 usque
383 1188 427 1256 ad
443 1210 540 1255 vnum
557 1209 677 1256 annum
694 1189 887 1272 completum
905 1206 977 1254 oum
1003 1187 1143 1273 Egregio
1160 1188 1230 1255 viro

101 1295 233 1364 domino
249 1296 401 1364 Johanne
433 1298 627 1384 (lontarenc,
660 1299 744 1364 bone
775 1297 929 1364 memorie
960 1295 1082 1364 domini
1114 1295 1228 1362 Jacobi

101 1402 275 1470 Contereni
293 1405 395 1472 Ducis
411 1405 627 1472 Veneciarnm
644 1401 722 1489 lilio,
739 1402 893 1470 Jadrensi
911 1402 1037 1472 Gemite
1053 1404 1230 1490 recipiente

101 1517 132 1576 et
146 1511 328 1596 stipulante
343 1514 474 1581 nomine
491 1521 523 1578 et
539 1511 610 1578 vioe
628 1513 769 1579 Illustris
794 1509 916 1579 domini
943 1511 1043 1579 Ducis
1069 1512 1229 1579 Venecia-

100 1637 179 1706 rum,
196 1617 394 1707 Communis,
411 1627 443 1688 et
458 1621 623 1690 hominum
640 1619 788 1686 Civitatis
822 1620 977 1707 ejusdem,
1009 1639 1150 1688 necnon
1174 1619 1232 1686 ha-

100 1726 292 1810 bitatorum,
331 1729 547 1796 subiectorum
579 1738 611 1794 et
634 1727 881 1794 districtualium
908 1747 1049 1794 sucrum.
1091 1726 1228 1804 Promit-

101 1841 171 1900 tens
187 1834 353 1918 predictus
371 1834 519 1901 dominus
536 1835 651 1922 Comes
667 1831 828 1918 Georgius
845 1833 990 1919 predicto
1015 1835 1146 1904 domino
1171 1833 1224 1901 Jo-

100 1942 201 2006 hanni
216 1942 400 2009 Contareno
416 1942 570 2010 Jsdrensi
587 1939 714 2024 (inmiti,
733 1941 899 2026 recipienti
915 1949 947 2008 et
972 1941 1143 2027 stipulanti
1172 1963 1225 2009 no·

99 2049 182 2116 ruine
199 2050 337 2134 predicti
354 2050 478 2117 domini
494 2049 607 2134 Ducis,
624 2049 810 2118 Communis
827 2055 858 2115 et
873 2049 1037 2118 homiuum
1065 2050 1224 2118 Venecia-

100 2177 176 2242 rum,
194 2165 229 2224 nt
246 2158 429 2242 pradictum
446 2165 504 2240 est,
522 2157 608 2242 qnod
621 2158 692 2242 ipse
709 2177 766 2241 per
781 2175 830 2243 se,
846 2164 879 2222 et
895 2177 980 2242 suos,
1009 2177 1049 2224 ee
1075 2157 1223 2228 homiues

98 2265 222 2330 Almisii
241 2286 305 2331 non
321 2266 471 2346 offerrdet,
488 2285 548 2330 nce
564 2264 684 2332 offendi
701 2263 807 2346 faciet,
821 2264 873 2332 vel
891 2265 1057 2350 permittet
1073 2266 1106 2332 in
1122 2267 1226 2352 rebus,

98 2371 147 2438 vel
163 2371 310 2456 personis
336 2370 511 2440 Commune
537 2379 569 2439 et
595 2373 740 2438 homines
766 2372 991 2454 veneciarum,
1011 2373 1223 2456 habitatores,

100 2477 219 2565 fideles,
236 2478 467 2564 districtualos,
484 2499 540 2544 seu
558 2479 704 2546 subditos
721 2479 799 2545 dicti
817 2477 940 2546 domini
957 2480 1077 2567 Ducis;
1096 2482 1154 2549 sed
1172 2503 1227 2550 cus

99 2605 219 2670 omncs,
235 2593 266 2651 et
281 2587 428 2670 singulos
445 2606 565 2669 eorum,
576 2585 747 2656 ,habebunt
763 2586 874 2653 salvos
899 2597 931 2656 et
948 2607 1080 2656 securos
1096 2589 1226 2674 ubique.

100 2693 179 2758 item
197 2692 310 2759 coelem
327 2693 422 2758 modo
438 2694 595 2779 promisit,
614 2696 699 2777 quod
729 2695 757 2762 si
775 2695 846 2780 ipse
862 2703 928 2761 tam
946 2716 1004 2779 per
1019 2715 1064 2782 sc,
1082 2703 1114 2765 ct
1127 2718 1226 2783 suos,

100 2821 195 2884 qnam
213 2823 271 2886 per
286 2801 434 2870 homines
450 2803 580 2868 Almisii
596 2809 848 2888 attemplassent
866 2803 989 2888 aliquid
1005 2811 1117 2872 contra
1127 2805 1229 2874 hono·

98 2929 164 2976 rem
181 2911 262 2978 dieti
288 2910 410 2977 domini
437 2911 539 2978 Ducis
564 2919 596 2976 et
623 2911 807 2978 Communis
833 2912 1045 2980 Veneciarum
1072 2912 1113 2978 (le
1139 2921 1227 2982 terra

99 3017 204 3086 Phara
219 3025 252 3085 et
269 3017 383 3102 Braze,
401 3018 453 3084 vel
467 3018 579 3100 aliqua
595 3018 663 3084 ulia
679 3027 778 3102 terre,
795 3017 846 3084 νο]
863 3019 935 3085 ]οοο
952 3019 1090 3085 habento
1114 3021 1225 3088 Recto·

97 3145 163 3192 rem
179 3147 239 3212 pro
256 3127 345 3192 dicto
362 3126 492 3192 domino
508 3126 599 3192 Duce
617 3125 649 3192 in
666 3129 762 3194 torris
779 3127 858 3212 suis,
885 3127 938 3192 νο]
964 3126 1026 3192 sibi
1053 3127 1222 3212 subjectis,

97 3235 275 3302 removebit
290 3255 326 3302 se
342 3234 382 3300 de
397 3233 585 3320 hujusmodi
601 3240 880 3320 attemptamento,
899 3243 931 3302 et
947 3233 987 3300 dc
1013 3243 1124 3302 cetero
1151 3256 1224 3302 con·

95 3347 147 3407 tre
163 3343 318 3410 honorem
335 3343 405 3427 ejus
421 3364 486 3410 uon
502 3343 708 3428 attemptabit
738 3343 881 3427 amplius
899 3342 939 3408 de
964 3343 1060 3409 terris
1086 3352 1117 3408 ot
1143 3345 1224 3411 locis

98 3450 264 3532 predictis.
283 3452 364 3518 Item
391 3449 477 3535 quod
500 3449 637 3536 predicti
662 3451 810 3519 homines
835 3451 876 3518 de
901 3451 1046 3537 Almisio,
1078 3471 1133 3518 sou
1165 3473 1225 3538 per

94 3557 179 3624 ullos
197 3579 307 3626 eorum
323 3560 377 3626 νο]
393 3559 533 3644 alicujus
549 3579 670 3646 eorum,
697 3579 753 3626 seu
779 3579 837 3644 per
862 3559 1010 3626 homines
1036 3558 1089 3644 qui
1116 3580 1150 3626 se
1176 3581 1222 3627 re·

92 3672 260 3750 ceptarcnt
275 3686 335 3751 pro
351 3665 410 3752 eis,
428 3667 481 3733 vel
498 3673 606 3733 essent
621 3665 679 3733 sub
697 3687 806 3733 eorum
824 3666 976 3751 dominio,
993 3687 1056 3733 non
1072 3677 1219 3734 aeeosta·

92 3771 174 3840 bunt
188 3791 222 3839 se
240 3793 312 3839 eum
329 3793 440 3840 eorum
456 3773 555 3857 lignis
572 3773 680 3859 alicui,
697 3773 748 3840 vel
767 3775 931 3858 aliquibus
950 3775 1041 3859 ligno
1058 3775 1222 3858 vellignis

90 3877 287 3946 Venetorum
304 3881 359 3946 'vel
376 3880 598 3950 habitatorum
615 3880 840 3966 Veneciarum,
857 3881 1014 3971 fidelium,
1031 3883 1083 3950 vol
1110 3883 1229 3976 subdi·

89 3991 208 4072 torum,
226 4007 266 4054 ac
281 3986 536 4058 districtuclium
553 3989 632 4058 dicti
645 3989 766 4057 domini
784 3990 904 4074 Ducis;
931 4011 989 4057 nec
1006 3992 1147 4060 inferent
1161 3993 1220 4078 eis,

88 4093 145 4160 vel
162 4093 256 4162 alicui
274 4113 398 4183 eorum,
416 4117 476 4164 nec
493 4097 561 4182 alii,
578 4098 629 4164 vel
645 4099 732 4184 alijs,
750 4099 805 4183 qui
822 4099 906 4166 foret
922 4102 976 4167 vel
994 4098 1100 4168 forent
1116 4101 1148 4168 in
1176 4103 1222 4168 sli-

87 4209 141 4269 cto
159 4203 250 4288 ligno
265 4205 320 4270 vel
337 4204 445 4290 lignis,
471 4205 634 4292 injuriam,
659 4209 851 4295 molestiam,
880 4209 1045 4295 damnum,
1070 4207 1221 4278 offensio·

87 4327 176 4393 nem,
193 4311 245 4378 vel
261 4333 450 4401 gravamen,
465 4313 500 4382 iu
517 4316 732 4403 personisve}
761 4319 858 4386 rebus
883 4340 1002 4404 eornm,
1030 4319 1084 4404 qui
1111 4327 1221 4386 essent

87 4417 121 4483 in
139 4417 229 4484 dieto
245 4420 345 4504 ligno,
360 4423 414 4490 vel
431 4422 551 4509 lignis3
568 4433 600 4491 ot
617 4425 719 4492 eciam
737 4427 901 4513 predictos
917 4427 1067 4510 Venetos,
1094 4427 1218 4496 babita-

87 4533 179 4596 tores
196 4527 421 4618 Veneciarum,
436 4529 560 4620 fideles,
577 4533 735 4618 subditos,
759 4541 792 4601 et
816 4531 1037 4602 districtuales
1063 4533 1140 4604 dieti
1166 4537 1220 4604 do·

133 4661 239 4702 nescu.
257 4663 339 4702 nnus.
357 4663 427 4702 eren.
444 4675 487 4690 -·
503 4667 613 4706 errrore
630 4663 666 4706 ¹8.
1038 4648 1055 4716 7
