<?xml version="1.0" encoding="UTF-8"?>
<!DOCTYPE html PUBLIC "-//W3C//DTD XHTML 1.0 Transitional//EN"
    "http://www.w3.org/TR/xhtml1/DTD/xhtml1-transitional.dtd">
<html xmlns="http://www.w3.org/1999/xhtml" xml:lang="en" lang="en">
 <head>
  <title>
</title>
<meta http-equiv="Content-Type" content="text/html;charset=utf-8" />
  <meta name='ocr-system' content='tesseract 3.04.00' />
  <meta name='ocr-capabilities' content='ocr_page ocr_carea ocr_par ocr_line ocrx_word'/>
</head>
<body>
  <div class='ocr_page' id='page_1' title='image "./codexdiplomatic19wenzgoog_0180.png"; bbox 0 0 3112 5158; ppageno 0'>
   <div class='ocr_carea' id='block_1_1' title="bbox 803 339 960 444">
    <p class='ocr_par' dir='ltr' id='par_1_1' title="bbox 803 339 960 444">
     <span class='ocr_line' id='line_1_1' title="bbox 803 339 960 444; baseline 0 -38"><span class='ocrx_word' id='word_1_1' title='bbox 803 339 960 444; x_wconf 74' lang='lat'>.1.;⁴0...</span> 
     </span>
    </p>
   </div>
   <div class='ocr_carea' id='block_1_2' title="bbox 318 523 1554 4716">
    <p class='ocr_par' dir='ltr' id='par_1_2' title="bbox 318 523 1554 4716">
     <span class='ocr_line' id='line_1_2' title="bbox 318 523 1445 626; baseline -0.016 -18"><span class='ocrx_word' id='word_1_2' title='bbox 318 541 395 608; x_wconf 86' lang='lat' dir='ltr'>beat</span> <span class='ocrx_word' id='word_1_3' title='bbox 409 539 609 626; x_wconf 73' lang='lat' dir='ltr'>attemptari,</span> <span class='ocrx_word' id='word_1_4' title='bbox 626 537 771 624; x_wconf 87' lang='lat' dir='ltr'>alioquin</span> <span class='ocrx_word' id='word_1_5' title='bbox 788 533 984 602; x_wconf 86' lang='lat' dir='ltr'>contrarium</span> <span class='ocrx_word' id='word_1_6' title='bbox 1003 531 1127 600; x_wconf 86' lang='lat' dir='ltr'>iaciens</span> <span class='ocrx_word' id='word_1_7' title='bbox 1143 535 1174 597; x_wconf 87' lang='lat' dir='ltr'>ct</span> <span class='ocrx_word' id='word_1_8' title='bbox 1199 523 1374 598; x_wconf 79' lang='lat' dir='ltr'>amissione</span> <span class='ocrx_word' id='word_1_9' title='bbox 1398 529 1445 590; x_wconf 93' lang='lat' dir='ltr'>to·</span> 
     </span>
     <span class='ocr_line' id='line_1_3' title="bbox 319 632 1553 734; baseline -0.013 -20"><span class='ocrx_word' id='word_1_10' title='bbox 319 647 389 714; x_wconf 88' lang='lat' dir='ltr'>eius</span> <span class='ocrx_word' id='word_1_11' title='bbox 405 667 503 714; x_wconf 88' lang='lat' dir='ltr'>cause</span> <span class='ocrx_word' id='word_1_12' title='bbox 519 655 616 730; x_wconf 92' lang='lat' dir='ltr'>mote,</span> <span class='ocrx_word' id='word_1_13' title='bbox 642 651 675 712; x_wconf 88' lang='lat' dir='ltr'>et</span> <span class='ocrx_word' id='word_1_14' title='bbox 705 645 799 734; x_wconf 87' lang='lat' dir='ltr'>penis</span> <span class='ocrx_word' id='word_1_15' title='bbox 830 641 997 726; x_wconf 84' lang='lat' dir='ltr'>grauibus,</span> <span class='ocrx_word' id='word_1_16' title='bbox 1026 647 1192 725; x_wconf 63' lang='lat' dir='ltr'>umquam</span> <span class='ocrx_word' id='word_1_17' title='bbox 1224 632 1446 704; x_wconf 82' lang='lat' dir='ltr'>ordinacionis</span> <span class='ocrx_word' id='word_1_18' title='bbox 1552 727 1553 730; x_wconf 8' lang='grc' dir='ltr'><strong>Ἴ</strong></span> 
     </span>
     <span class='ocr_line' id='line_1_4' title="bbox 320 733 1553 837; baseline -0.013 -16"><span class='ocrx_word' id='word_1_19' title='bbox 320 763 352 822; x_wconf 90' lang='lat' dir='ltr'>et</span> <span class='ocrx_word' id='word_1_20' title='bbox 368 753 577 822; x_wconf 77' lang='lat' dir='ltr'>diffinicionis</span> <span class='ocrx_word' id='word_1_21' title='bbox 593 755 725 837; x_wconf 75' lang='lat' dir='ltr'>Regalis</span> <span class='ocrx_word' id='word_1_22' title='bbox 751 749 952 832; x_wconf 88' lang='lat' dir='ltr'>temerarius,</span> <span class='ocrx_word' id='word_1_23' title='bbox 979 749 1142 816; x_wconf 85' lang='lat' dir='ltr'>fastuosus</span> <span class='ocrx_word' id='word_1_24' title='bbox 1167 755 1200 813; x_wconf 85' lang='lat' dir='ltr'>et</span> <span class='ocrx_word' id='word_1_25' title='bbox 1224 751 1445 832; x_wconf 83' lang='lat' dir='ltr'>prcsunrptno·</span> <span class='ocrx_word' id='word_1_26' title='bbox 1552 733 1553 784; x_wconf 79' lang='grc' dir='ltr'>ἶ</span> 
     </span>
     <span class='ocr_line' id='line_1_5' title="bbox 321 852 1447 948; baseline -0.012 -20"><span class='ocrx_word' id='word_1_27' title='bbox 321 883 377 928; x_wconf 88' lang='lat' dir='ltr'>sns</span> <span class='ocrx_word' id='word_1_28' title='bbox 392 871 625 948; x_wconf 69' lang='lat' dir='ltr'>transgressor,</span> <span class='ocrx_word' id='word_1_29' title='bbox 642 883 701 946; x_wconf 87' lang='lat' dir='ltr'>pro</span> <span class='ocrx_word' id='word_1_30' title='bbox 725 881 856 928; x_wconf 90' lang='lat' dir='ltr'>suorum</span> <span class='ocrx_word' id='word_1_31' title='bbox 883 858 1046 942; x_wconf 81' lang='lat' dir='ltr'>qualitate</span> <span class='ocrx_word' id='word_1_32' title='bbox 1071 855 1247 920; x_wconf 82' lang='lat' dir='ltr'>facinorum</span> <span class='ocrx_word' id='word_1_33' title='bbox 1274 853 1369 938; x_wconf 88' lang='lat' dir='ltr'>penis</span> <span class='ocrx_word' id='word_1_34' title='bbox 1393 852 1447 918; x_wconf 90' lang='lat' dir='ltr'>de-</span> 
     </span>
     <span class='ocr_line' id='line_1_6' title="bbox 321 959 1447 1052; baseline -0.008 -18"><span class='ocrx_word' id='word_1_35' title='bbox 321 971 397 1035; x_wconf 89' lang='lat' dir='ltr'>beat</span> <span class='ocrx_word' id='word_1_36' title='bbox 412 969 567 1052; x_wconf 81' lang='lat' dir='ltr'>legitimis</span> <span class='ocrx_word' id='word_1_37' title='bbox 592 970 781 1052; x_wconf 74' lang='lat' dir='ltr'>subiacere,</span> <span class='ocrx_word' id='word_1_38' title='bbox 798 967 898 1051; x_wconf 90' lang='lat' dir='ltr'>ijdem</span> <span class='ocrx_word' id='word_1_39' title='bbox 916 966 1005 1032; x_wconf 88' lang='lat' dir='ltr'>ciues</span> <span class='ocrx_word' id='word_1_40' title='bbox 1035 979 1191 1050; x_wconf 82' lang='lat' dir='ltr'>expressa</span> <span class='ocrx_word' id='word_1_41' title='bbox 1216 964 1250 1028; x_wconf 93' lang='lat' dir='ltr'>io</span> <span class='ocrx_word' id='word_1_42' title='bbox 1279 959 1447 1046; x_wconf 82' lang='lat' dir='ltr'>premissis</span> 
     </span>
     <span class='ocr_line' id='line_1_7' title="bbox 321 1070 1448 1158; baseline -0.006 -17"><span class='ocrx_word' id='word_1_43' title='bbox 321 1075 545 1142; x_wconf 83' lang='lat' dir='ltr'>ordinamenta</span> <span class='ocrx_word' id='word_1_44' title='bbox 561 1085 673 1142; x_wconf 88' lang='lat' dir='ltr'>nostra</span> <span class='ocrx_word' id='word_1_45' title='bbox 689 1084 810 1142; x_wconf 89' lang='lat' dir='ltr'>temere</span> <span class='ocrx_word' id='word_1_46' title='bbox 828 1079 1108 1158; x_wconf 80' lang='lat' dir='ltr'>contempnentes,</span> <span class='ocrx_word' id='word_1_47' title='bbox 1125 1079 1158 1136; x_wconf 92' lang='lat' dir='ltr'>et</span> <span class='ocrx_word' id='word_1_48' title='bbox 1183 1073 1215 1136; x_wconf 94' lang='lat' dir='ltr'>in</span> <span class='ocrx_word' id='word_1_49' title='bbox 1241 1070 1448 1135; x_wconf 86' lang='lat' dir='ltr'>auctoritatis</span> 
     </span>
     <span class='ocr_line' id='line_1_8' title="bbox 320 1177 1449 1268; baseline -0.006 -21"><span class='ocrx_word' id='word_1_50' title='bbox 320 1182 422 1266; x_wconf 88' lang='lat' dir='ltr'>Regio</span> <span class='ocrx_word' id='word_1_51' title='bbox 439 1183 579 1266; x_wconf 89' lang='lat' dir='ltr'>pondere</span> <span class='ocrx_word' id='word_1_52' title='bbox 605 1205 667 1249; x_wconf 89' lang='lat' dir='ltr'>non</span> <span class='ocrx_word' id='word_1_53' title='bbox 686 1189 850 1268; x_wconf 87' lang='lat' dir='ltr'>ponentes,</span> <span class='ocrx_word' id='word_1_54' title='bbox 867 1180 1069 1265; x_wconf 90' lang='lat' dir='ltr'>iobagiones,</span> <span class='ocrx_word' id='word_1_55' title='bbox 1086 1177 1233 1264; x_wconf 89' lang='lat' dir='ltr'>populos,</span> <span class='ocrx_word' id='word_1_56' title='bbox 1257 1195 1393 1242; x_wconf 87' lang='lat' dir='ltr'>mansos</span> <span class='ocrx_word' id='word_1_57' title='bbox 1417 1181 1449 1240; x_wconf 91' lang='lat' dir='ltr'>et</span> 
     </span>
     <span class='ocr_line' id='line_1_9' title="bbox 323 1282 1448 1374; baseline -0.01 -19"><span class='ocrx_word' id='word_1_58' title='bbox 323 1289 558 1356; x_wconf 86' lang='lat' dir='ltr'>mansionarios</span> <span class='ocrx_word' id='word_1_59' title='bbox 573 1290 771 1356; x_wconf 79' lang='lat' dir='ltr'>venerabilis</span> <span class='ocrx_word' id='word_1_60' title='bbox 796 1288 900 1374; x_wconf 88' lang='lat' dir='ltr'>patris</span> <span class='ocrx_word' id='word_1_61' title='bbox 925 1287 1048 1354; x_wconf 90' lang='lat' dir='ltr'>domini</span> <span class='ocrx_word' id='word_1_62' title='bbox 1072 1283 1326 1372; x_wconf 83' lang='lat' dir='ltr'>Arelriepiscopi,</span> <span class='ocrx_word' id='word_1_63' title='bbox 1355 1282 1448 1367; x_wconf 86' lang='lat' dir='ltr'>Capi-</span> 
     </span>
     <span class='ocr_line' id='line_1_10' title="bbox 327 1390 1450 1484; baseline -0.007 -23"><span class='ocrx_word' id='word_1_64' title='bbox 327 1395 451 1480; x_wconf 83' lang='lat' dir='ltr'>tuliqne</span> <span class='ocrx_word' id='word_1_65' title='bbox 469 1399 531 1484; x_wconf 90' lang='lat' dir='ltr'>sni,</span> <span class='ocrx_word' id='word_1_66' title='bbox 549 1404 581 1463; x_wconf 90' lang='lat' dir='ltr'>et</span> <span class='ocrx_word' id='word_1_67' title='bbox 596 1398 740 1464; x_wconf 79' lang='lat' dir='ltr'>Ecclesia</span> <span class='ocrx_word' id='word_1_68' title='bbox 756 1397 868 1462; x_wconf 86' lang='lat' dir='ltr'>Sancti</span> <span class='ocrx_word' id='word_1_69' title='bbox 883 1395 1007 1462; x_wconf 79' lang='lat' dir='ltr'>Theme</span> <span class='ocrx_word' id='word_1_70' title='bbox 1023 1393 1064 1460; x_wconf 90' lang='lat' dir='ltr'>dc</span> <span class='ocrx_word' id='word_1_71' title='bbox 1087 1391 1304 1458; x_wconf 91' lang='lat' dir='ltr'>Promontorio</span> <span class='ocrx_word' id='word_1_72' title='bbox 1330 1390 1450 1473; x_wconf 85' lang='lat' dir='ltr'>Strigo.</span> 
     </span>
     <span class='ocr_line' id='line_1_11' title="bbox 322 1499 1554 1588; baseline 0 -20"><span class='ocrx_word' id='word_1_73' title='bbox 322 1503 439 1588; x_wconf 87' lang='lat' dir='ltr'>niensi,</span> <span class='ocrx_word' id='word_1_74' title='bbox 455 1505 541 1570; x_wconf 89' lang='lat' dir='ltr'>intra</span> <span class='ocrx_word' id='word_1_75' title='bbox 557 1503 712 1572; x_wconf 76' lang='lat' dir='ltr'>fossatum</span> <span class='ocrx_word' id='word_1_76' title='bbox 729 1505 835 1571; x_wconf 89' lang='lat' dir='ltr'>adhuc</span> <span class='ocrx_word' id='word_1_77' title='bbox 851 1509 883 1570; x_wconf 92' lang='lat' dir='ltr'>et</span> <span class='ocrx_word' id='word_1_78' title='bbox 899 1509 1003 1588; x_wconf 80' lang='lat' dir='ltr'>extra,</span> <span class='ocrx_word' id='word_1_79' title='bbox 1020 1504 1102 1569; x_wconf 87' lang='lat' dir='ltr'>siout</span> <span class='ocrx_word' id='word_1_80' title='bbox 1118 1501 1279 1585; x_wconf 87' lang='lat' dir='ltr'>quendam</span> <span class='ocrx_word' id='word_1_81' title='bbox 1304 1499 1447 1564; x_wconf 83' lang='lat' dir='ltr'>Attraam</span> <span class='ocrx_word' id='word_1_82' title='bbox 1553 1565 1554 1568; x_wconf 74' lang='grc'>,</span> 
     </span>
     <span class='ocr_line' id='line_1_12' title="bbox 323 1605 1450 1697; baseline -0.005 -21"><span class='ocrx_word' id='word_1_83' title='bbox 323 1621 481 1696; x_wconf 85' lang='lat' dir='ltr'>vocatum,</span> <span class='ocrx_word' id='word_1_84' title='bbox 500 1611 649 1679; x_wconf 92' lang='lat' dir='ltr'>Uiilioum</span> <span class='ocrx_word' id='word_1_85' title='bbox 682 1613 761 1680; x_wconf 89' lang='lat' dir='ltr'>uille</span> <span class='ocrx_word' id='word_1_86' title='bbox 787 1610 927 1697; x_wconf 85' lang='lat' dir='ltr'>Capituli</span> <span class='ocrx_word' id='word_1_87' title='bbox 955 1609 1190 1694; x_wconf 74' lang='lat' dir='ltr'>strigoniensis</span> <span class='ocrx_word' id='word_1_88' title='bbox 1215 1609 1256 1674; x_wconf 88' lang='lat' dir='ltr'>de</span> <span class='ocrx_word' id='word_1_89' title='bbox 1283 1605 1450 1688; x_wconf 77' lang='lat' dir='ltr'>lieztelclr,</span> 
     </span>
     <span class='ocr_line' id='line_1_13' title="bbox 323 1713 1554 1804; baseline -0.007 -21"><span class='ocrx_word' id='word_1_90' title='bbox 323 1717 569 1786; x_wconf 86' lang='lat' dir='ltr'>incarcerantes</span> <span class='ocrx_word' id='word_1_91' title='bbox 585 1728 616 1785; x_wconf 91' lang='lat' dir='ltr'>et</span> <span class='ocrx_word' id='word_1_92' title='bbox 633 1719 773 1804; x_wconf 86' lang='lat' dir='ltr'>captiuis</span> <span class='ocrx_word' id='word_1_93' title='bbox 788 1718 927 1785; x_wconf 86' lang='lat' dir='ltr'>uinculis</span> <span class='ocrx_word' id='word_1_94' title='bbox 942 1720 1176 1804; x_wconf 83' lang='lat' dir='ltr'>mancipantes,</span> <span class='ocrx_word' id='word_1_95' title='bbox 1193 1736 1302 1784; x_wconf 89' lang='lat' dir='ltr'>corum</span> <span class='ocrx_word' id='word_1_96' title='bbox 1318 1713 1450 1780; x_wconf 87' lang='lat' dir='ltr'>homine</span> <span class='ocrx_word' id='word_1_97' title='bbox 1553 1771 1554 1774; x_wconf 74' lang='grc'>,</span> 
     </span>
     <span class='ocr_line' id='line_1_14' title="bbox 322 1824 1449 1913; baseline -0.004 -23"><span class='ocrx_word' id='word_1_98' title='bbox 322 1833 431 1892; x_wconf 87' lang='lat' dir='ltr'>nostro</span> <span class='ocrx_word' id='word_1_99' title='bbox 448 1825 595 1894; x_wconf 90' lang='lat' dir='ltr'>Jnhanne</span> <span class='ocrx_word' id='word_1_100' title='bbox 613 1827 713 1894; x_wconf 84' lang='lat' dir='ltr'>tratre</span> <span class='ocrx_word' id='word_1_101' title='bbox 729 1828 829 1913; x_wconf 84' lang='lat' dir='ltr'>Botyz</span> <span class='ocrx_word' id='word_1_102' title='bbox 844 1828 887 1893; x_wconf 88' lang='lat' dir='ltr'>ad</span> <span class='ocrx_word' id='word_1_103' title='bbox 902 1826 1048 1912; x_wconf 91' lang='lat' dir='ltr'>speciale</span> <span class='ocrx_word' id='word_1_104' title='bbox 1088 1824 1276 1891; x_wconf 87' lang='lat' dir='ltr'>mandatnm</span> <span class='ocrx_word' id='word_1_105' title='bbox 1302 1831 1449 1890; x_wconf 89' lang='lat' dir='ltr'>nostrum</span> 
     </span>
     <span class='ocr_line' id='line_1_15' title="bbox 323 1929 1450 2018; baseline -0.004 -21"><span class='ocrx_word' id='word_1_106' title='bbox 323 1931 362 1998; x_wconf 88' lang='lat' dir='ltr'>dc</span> <span class='ocrx_word' id='word_1_107' title='bbox 378 1933 444 1999; x_wconf 90' lang='lat' dir='ltr'>suis</span> <span class='ocrx_word' id='word_1_108' title='bbox 460 1933 586 2000; x_wconf 89' lang='lat' dir='ltr'>demum</span> <span class='ocrx_word' id='word_1_109' title='bbox 604 1935 793 2002; x_wconf 82' lang='lat' dir='ltr'>relaxanere</span> <span class='ocrx_word' id='word_1_110' title='bbox 809 1934 949 2001; x_wconf 84' lang='lat' dir='ltr'>vinculis</span> <span class='ocrx_word' id='word_1_111' title='bbox 966 1941 997 2000; x_wconf 91' lang='lat' dir='ltr'>ct</span> <span class='ocrx_word' id='word_1_112' title='bbox 1013 1953 1154 2018; x_wconf 87' lang='lat' dir='ltr'>carcerc,</span> <span class='ocrx_word' id='word_1_113' title='bbox 1182 1953 1244 2016; x_wconf 92' lang='lat' dir='ltr'>quo</span> <span class='ocrx_word' id='word_1_114' title='bbox 1271 1929 1450 2015; x_wconf 85' lang='lat' dir='ltr'>tenebant;</span> 
     </span>
     <span class='ocr_line' id='line_1_16' title="bbox 322 2039 1451 2128; baseline -0.002 -22"><span class='ocrx_word' id='word_1_115' title='bbox 322 2045 441 2106; x_wconf 89' lang='lat' dir='ltr'>etcum</span> <span class='ocrx_word' id='word_1_116' title='bbox 459 2042 520 2108; x_wconf 89' lang='lat' dir='ltr'>sub</span> <span class='ocrx_word' id='word_1_117' title='bbox 535 2043 682 2110; x_wconf 90' lang='lat' dir='ltr'>districto</span> <span class='ocrx_word' id='word_1_118' title='bbox 699 2043 745 2110; x_wconf 89' lang='lat' dir='ltr'>cis</span> <span class='ocrx_word' id='word_1_119' title='bbox 760 2043 1027 2128; x_wconf 86' lang='lat' dir='ltr'>imposuissemus</span> <span class='ocrx_word' id='word_1_120' title='bbox 1044 2041 1209 2127; x_wconf 88' lang='lat' dir='ltr'>mandato,</span> <span class='ocrx_word' id='word_1_121' title='bbox 1234 2045 1269 2104; x_wconf 87' lang='lat' dir='ltr'>vt</span> <span class='ocrx_word' id='word_1_122' title='bbox 1293 2039 1451 2106; x_wconf 84' lang='lat' dir='ltr'>collectas</span> 
     </span>
     <span class='ocr_line' id='line_1_17' title="bbox 323 2145 1453 2238; baseline -0.003 -26"><span class='ocrx_word' id='word_1_123' title='bbox 323 2167 344 2212; x_wconf 89' lang='lat' dir='ltr'>a</span> <span class='ocrx_word' id='word_1_124' title='bbox 359 2149 487 2234; x_wconf 89' lang='lat' dir='ltr'>populis</span> <span class='ocrx_word' id='word_1_125' title='bbox 503 2151 698 2216; x_wconf 88' lang='lat' dir='ltr'>venerabilis</span> <span class='ocrx_word' id='word_1_126' title='bbox 715 2151 827 2238; x_wconf 85' lang='lat' dir='ltr'>patris,</span> <span class='ocrx_word' id='word_1_127' title='bbox 845 2149 1053 2235; x_wconf 86' lang='lat' dir='ltr'>Capituliqne</span> <span class='ocrx_word' id='word_1_128' title='bbox 1069 2149 1121 2216; x_wconf 91' lang='lat' dir='ltr'>sui</span> <span class='ocrx_word' id='word_1_129' title='bbox 1137 2155 1169 2213; x_wconf 90' lang='lat' dir='ltr'>et</span> <span class='ocrx_word' id='word_1_130' title='bbox 1181 2147 1324 2213; x_wconf 75' lang='lat' dir='ltr'>Ecclesia</span> <span class='ocrx_word' id='word_1_131' title='bbox 1335 2145 1453 2212; x_wconf 78' lang='lat' dir='ltr'>Sancti</span> 
     </span>
     <span class='ocr_line' id='line_1_18' title="bbox 323 2251 1451 2344; baseline -0.004 -24"><span class='ocrx_word' id='word_1_132' title='bbox 323 2254 447 2321; x_wconf 78' lang='lat' dir='ltr'>&#39;thome</span> <span class='ocrx_word' id='word_1_133' title='bbox 463 2255 622 2322; x_wconf 89' lang='lat' dir='ltr'>uiolenter</span> <span class='ocrx_word' id='word_1_134' title='bbox 637 2263 795 2344; x_wconf 84' lang='lat' dir='ltr'>receptas,</span> <span class='ocrx_word' id='word_1_135' title='bbox 811 2265 843 2323; x_wconf 94' lang='lat' dir='ltr'>et</span> <span class='ocrx_word' id='word_1_136' title='bbox 860 2259 1006 2324; x_wconf 82' lang='lat' dir='ltr'>effractis</span> <span class='ocrx_word' id='word_1_137' title='bbox 1022 2262 1118 2340; x_wconf 88' lang='lat' dir='ltr'>capta</span> <span class='ocrx_word' id='word_1_138' title='bbox 1143 2255 1264 2320; x_wconf 87' lang='lat' dir='ltr'>foribus</span> <span class='ocrx_word' id='word_1_139' title='bbox 1289 2251 1451 2318; x_wconf 88' lang='lat' dir='ltr'>dictorum</span> 
     </span>
     <span class='ocr_line' id='line_1_19' title="bbox 323 2359 1452 2449; baseline -0.002 -24"><span class='ocrx_word' id='word_1_140' title='bbox 323 2361 514 2446; x_wconf 89' lang='lat' dir='ltr'>populorum</span> <span class='ocrx_word' id='word_1_141' title='bbox 531 2363 667 2449; x_wconf 92' lang='lat' dir='ltr'>pignora</span> <span class='ocrx_word' id='word_1_142' title='bbox 682 2364 849 2430; x_wconf 87' lang='lat' dir='ltr'>restituere</span> <span class='ocrx_word' id='word_1_143' title='bbox 866 2363 1020 2430; x_wconf 89' lang='lat' dir='ltr'>deberent</span> <span class='ocrx_word' id='word_1_144' title='bbox 1036 2363 1238 2446; x_wconf 85' lang='lat' dir='ltr'>integraliter</span> <span class='ocrx_word' id='word_1_145' title='bbox 1263 2362 1355 2426; x_wconf 87' lang='lat' dir='ltr'>etad</span> <span class='ocrx_word' id='word_1_146' title='bbox 1383 2359 1452 2442; x_wconf 90' lang='lat' dir='ltr'>ple·</span> 
     </span>
     <span class='ocr_line' id='line_1_20' title="bbox 324 2469 1452 2558; baseline 0 -25"><span class='ocrx_word' id='word_1_147' title='bbox 324 2487 411 2554; x_wconf 90' lang='lat' dir='ltr'>num,</span> <span class='ocrx_word' id='word_1_148' title='bbox 424 2470 486 2554; x_wconf 88' lang='lat' dir='ltr'>ipsi</span> <span class='ocrx_word' id='word_1_149' title='bbox 498 2469 593 2537; x_wconf 89' lang='lat' dir='ltr'>Ciues</span> <span class='ocrx_word' id='word_1_150' title='bbox 610 2477 777 2558; x_wconf 86' lang='lat' dir='ltr'>assumpto</span> <span class='ocrx_word' id='word_1_151' title='bbox 793 2471 980 2537; x_wconf 86' lang='lat' dir='ltr'>rebellionis</span> <span class='ocrx_word' id='word_1_152' title='bbox 997 2471 1123 2556; x_wconf 88' lang='lat' dir='ltr'>spiritu,</span> <span class='ocrx_word' id='word_1_153' title='bbox 1140 2491 1204 2536; x_wconf 94' lang='lat' dir='ltr'>non</span> <span class='ocrx_word' id='word_1_154' title='bbox 1220 2470 1322 2536; x_wconf 68' lang='lat' dir='ltr'>selum</span> <span class='ocrx_word' id='word_1_155' title='bbox 1333 2469 1452 2534; x_wconf 88' lang='lat' dir='ltr'>collec-</span> 
     </span>
     <span class='ocr_line' id='line_1_21' title="bbox 325 2575 1455 2665; baseline -0.002 -25"><span class='ocrx_word' id='word_1_156' title='bbox 325 2583 377 2643; x_wconf 88' lang='lat' dir='ltr'>tas</span> <span class='ocrx_word' id='word_1_157' title='bbox 395 2585 577 2665; x_wconf 88' lang='lat' dir='ltr'>perceptas,</span> <span class='ocrx_word' id='word_1_158' title='bbox 594 2585 626 2645; x_wconf 90' lang='lat' dir='ltr'>et</span> <span class='ocrx_word' id='word_1_159' title='bbox 651 2585 746 2664; x_wconf 88' lang='lat' dir='ltr'>capta</span> <span class='ocrx_word' id='word_1_160' title='bbox 773 2599 830 2665; x_wconf 89' lang='lat' dir='ltr'>per</span> <span class='ocrx_word' id='word_1_161' title='bbox 856 2578 1043 2645; x_wconf 86' lang='lat' dir='ltr'>iniuriosum</span> <span class='ocrx_word' id='word_1_162' title='bbox 1064 2577 1253 2644; x_wconf 87' lang='lat' dir='ltr'>uiolenciam</span> <span class='ocrx_word' id='word_1_163' title='bbox 1278 2575 1455 2641; x_wconf 86' lang='lat' dir='ltr'>restituere</span> 
     </span>
     <span class='ocr_line' id='line_1_22' title="bbox 324 2682 1456 2772; baseline 0 -25"><span class='ocrx_word' id='word_1_164' title='bbox 324 2682 547 2752; x_wconf 85' lang='lat' dir='ltr'>detractarunt</span> <span class='ocrx_word' id='word_1_165' title='bbox 574 2685 728 2772; x_wconf 85' lang='lat' dir='ltr'>pignora;</span> <span class='ocrx_word' id='word_1_166' title='bbox 756 2687 817 2753; x_wconf 84' lang='lat' dir='ltr'>sed</span> <span class='ocrx_word' id='word_1_167' title='bbox 849 2693 950 2752; x_wconf 88' lang='lat' dir='ltr'>cctam</span> <span class='ocrx_word' id='word_1_168' title='bbox 982 2687 1086 2771; x_wconf 89' lang='lat' dir='ltr'>ipsum</span> <span class='ocrx_word' id='word_1_169' title='bbox 1119 2685 1388 2768; x_wconf 75' lang='lat' dir='ltr'>strigoniensem,</span> <span class='ocrx_word' id='word_1_170' title='bbox 1423 2689 1456 2748; x_wconf 88' lang='lat' dir='ltr'>et</span> 
     </span>
     <span class='ocr_line' id='line_1_23' title="bbox 325 2788 1456 2880; baseline 0 -26"><span class='ocrx_word' id='word_1_171' title='bbox 325 2788 435 2856; x_wconf 83' lang='lat' dir='ltr'>Sancti</span> <span class='ocrx_word' id='word_1_172' title='bbox 453 2791 574 2860; x_wconf 76' lang='lat' dir='ltr'>&#39;thome</span> <span class='ocrx_word' id='word_1_173' title='bbox 589 2795 791 2880; x_wconf 86' lang='lat' dir='ltr'>Propositum</span> <span class='ocrx_word' id='word_1_174' title='bbox 808 2801 840 2861; x_wconf 90' lang='lat' dir='ltr'>et</span> <span class='ocrx_word' id='word_1_175' title='bbox 860 2794 1044 2880; x_wconf 81' lang='lat' dir='ltr'>Capitulum</span> <span class='ocrx_word' id='word_1_176' title='bbox 1081 2813 1102 2858; x_wconf 88' lang='lat' dir='ltr'>a</span> <span class='ocrx_word' id='word_1_177' title='bbox 1126 2793 1194 2858; x_wconf 90' lang='lat' dir='ltr'>snis</span> <span class='ocrx_word' id='word_1_178' title='bbox 1220 2791 1350 2876; x_wconf 87' lang='lat' dir='ltr'>populis</span> <span class='ocrx_word' id='word_1_179' title='bbox 1377 2810 1456 2856; x_wconf 90' lang='lat' dir='ltr'>eon-</span> 
     </span>
     <span class='ocr_line' id='line_1_24' title="bbox 327 2897 1458 2985; baseline 0.002 -23"><span class='ocrx_word' id='word_1_180' title='bbox 327 2903 451 2962; x_wconf 77' lang='lat' dir='ltr'>suetam</span> <span class='ocrx_word' id='word_1_181' title='bbox 468 2899 598 2984; x_wconf 84' lang='lat' dir='ltr'>exigere</span> <span class='ocrx_word' id='word_1_182' title='bbox 616 2902 786 2967; x_wconf 89' lang='lat' dir='ltr'>collectam</span> <span class='ocrx_word' id='word_1_183' title='bbox 803 2921 902 2966; x_wconf 89' lang='lat' dir='ltr'>manu</span> <span class='ocrx_word' id='word_1_184' title='bbox 919 2907 1057 2985; x_wconf 85' lang='lat' dir='ltr'>armata,</span> <span class='ocrx_word' id='word_1_185' title='bbox 1078 2900 1188 2966; x_wconf 87' lang='lat' dir='ltr'>uerbis</span> <span class='ocrx_word' id='word_1_186' title='bbox 1205 2897 1458 2965; x_wconf 89' lang='lat' dir='ltr'>contumeliosis</span> 
     </span>
     <span class='ocr_line' id='line_1_25' title="bbox 326 3003 1457 3095; baseline 0.001 -26"><span class='ocrx_word' id='word_1_187' title='bbox 326 3011 358 3069; x_wconf 91' lang='lat' dir='ltr'>et</span> <span class='ocrx_word' id='word_1_188' title='bbox 389 3005 628 3095; x_wconf 87' lang='lat' dir='ltr'>ignominiosis,</span> <span class='ocrx_word' id='word_1_189' title='bbox 655 3013 774 3094; x_wconf 92' lang='lat' dir='ltr'>nostro,</span> <span class='ocrx_word' id='word_1_190' title='bbox 799 3007 950 3076; x_wconf 71' lang='lat' dir='ltr'>Alliensis</span> <span class='ocrx_word' id='word_1_191' title='bbox 968 3014 999 3073; x_wconf 90' lang='lat' dir='ltr'>et</span> <span class='ocrx_word' id='word_1_192' title='bbox 1028 3006 1190 3074; x_wconf 87' lang='lat' dir='ltr'>Budensis</span> <span class='ocrx_word' id='word_1_193' title='bbox 1224 3003 1457 3094; x_wconf 83' lang='lat' dir='ltr'>Capitulurum</span> 
     </span>
     <span class='ocr_line' id='line_1_26' title="bbox 323 3111 1458 3202; baseline 0.004 -26"><span class='ocrx_word' id='word_1_194' title='bbox 323 3111 505 3180; x_wconf 89' lang='lat' dir='ltr'>hominibus</span> <span class='ocrx_word' id='word_1_195' title='bbox 522 3117 737 3199; x_wconf 88' lang='lat' dir='ltr'>presentibus,</span> <span class='ocrx_word' id='word_1_196' title='bbox 754 3135 817 3182; x_wconf 91' lang='lat' dir='ltr'>non</span> <span class='ocrx_word' id='word_1_197' title='bbox 835 3123 910 3182; x_wconf 85' lang='lat' dir='ltr'>sont</span> <span class='ocrx_word' id='word_1_198' title='bbox 936 3115 1030 3182; x_wconf 89' lang='lat' dir='ltr'>ueriti</span> <span class='ocrx_word' id='word_1_199' title='bbox 1055 3115 1240 3202; x_wconf 86' lang='lat' dir='ltr'>prohibere,</span> <span class='ocrx_word' id='word_1_200' title='bbox 1267 3121 1458 3201; x_wconf 88' lang='lat' dir='ltr'>procurato·</span> 
     </span>
     <span class='ocr_line' id='line_1_27' title="bbox 325 3220 1460 3310; baseline 0.005 -27"><span class='ocrx_word' id='word_1_201' title='bbox 325 3239 376 3286; x_wconf 87' lang='lat' dir='ltr'>res</span> <span class='ocrx_word' id='word_1_202' title='bbox 391 3220 549 3289; x_wconf 89' lang='lat' dir='ltr'>dictorum</span> <span class='ocrx_word' id='word_1_203' title='bbox 568 3221 792 3310; x_wconf 89' lang='lat' dir='ltr'>Capitulornm</span> <span class='ocrx_word' id='word_1_204' title='bbox 809 3223 851 3290; x_wconf 90' lang='lat' dir='ltr'>ad</span> <span class='ocrx_word' id='word_1_205' title='bbox 877 3222 1050 3290; x_wconf 86' lang='lat' dir='ltr'>dicandam</span> <span class='ocrx_word' id='word_1_206' title='bbox 1077 3231 1109 3290; x_wconf 91' lang='lat' dir='ltr'>et</span> <span class='ocrx_word' id='word_1_207' title='bbox 1134 3221 1326 3307; x_wconf 81' lang='lat' dir='ltr'>exigendam</span> <span class='ocrx_word' id='word_1_208' title='bbox 1354 3223 1460 3308; x_wconf 87' lang='lat' dir='ltr'>depu-</span> 
     </span>
     <span class='ocr_line' id='line_1_28' title="bbox 324 3329 1461 3416; baseline 0.003 -24"><span class='ocrx_word' id='word_1_209' title='bbox 324 3333 410 3394; x_wconf 89' lang='lat' dir='ltr'>tatos</span> <span class='ocrx_word' id='word_1_210' title='bbox 427 3329 605 3416; x_wconf 87' lang='lat' dir='ltr'>collectam,</span> <span class='ocrx_word' id='word_1_211' title='bbox 624 3329 848 3396; x_wconf 79' lang='lat' dir='ltr'>Fullrmarinm</span> <span class='ocrx_word' id='word_1_212' title='bbox 866 3329 1089 3416; x_wconf 79' lang='lat' dir='ltr'>presbiterum,</span> <span class='ocrx_word' id='word_1_213' title='bbox 1115 3339 1147 3396; x_wconf 90' lang='lat' dir='ltr'>et</span> <span class='ocrx_word' id='word_1_214' title='bbox 1172 3329 1363 3413; x_wconf 85' lang='lat' dir='ltr'>Magistrum</span> <span class='ocrx_word' id='word_1_215' title='bbox 1391 3329 1461 3395; x_wconf 87' lang='lat' dir='ltr'>An-</span> 
     </span>
     <span class='ocr_line' id='line_1_29' title="bbox 325 3433 1461 3525; baseline 0.005 -26"><span class='ocrx_word' id='word_1_216' title='bbox 325 3433 448 3524; x_wconf 88' lang='lat' dir='ltr'>dream,</span> <span class='ocrx_word' id='word_1_217' title='bbox 465 3439 645 3506; x_wconf 88' lang='lat' dir='ltr'>Canonicos</span> <span class='ocrx_word' id='word_1_218' title='bbox 662 3437 1058 3525; x_wconf 80' lang='lat' dir='ltr'>llcelesieStrigoniensis,</span> <span class='ocrx_word' id='word_1_219' title='bbox 1074 3437 1292 3523; x_wconf 89' lang='lat' dir='ltr'>opprobriosis</span> <span class='ocrx_word' id='word_1_220' title='bbox 1303 3437 1461 3504; x_wconf 84' lang='lat' dir='ltr'>afficien-</span> 
     </span>
     <span class='ocr_line' id='line_1_30' title="bbox 325 3543 1463 3633; baseline 0.007 -27"><span class='ocrx_word' id='word_1_221' title='bbox 325 3550 373 3610; x_wconf 86' lang='lat' dir='ltr'>tes</span> <span class='ocrx_word' id='word_1_222' title='bbox 389 3547 556 3633; x_wconf 88' lang='lat' dir='ltr'>ounnicijs,</span> <span class='ocrx_word' id='word_1_223' title='bbox 573 3551 604 3612; x_wconf 92' lang='lat' dir='ltr'>ct</span> <span class='ocrx_word' id='word_1_224' title='bbox 619 3547 766 3613; x_wconf 90' lang='lat' dir='ltr'>orrendis</span> <span class='ocrx_word' id='word_1_225' title='bbox 783 3545 1091 3613; x_wconf 85' lang='lat' dir='ltr'>comminncionibus</span> <span class='ocrx_word' id='word_1_226' title='bbox 1109 3543 1319 3630; x_wconf 79' lang='lat' dir='ltr'>deterrentes,</span> <span class='ocrx_word' id='word_1_227' title='bbox 1340 3551 1376 3610; x_wconf 87' lang='lat' dir='ltr'>et</span> <span class='ocrx_word' id='word_1_228' title='bbox 1403 3569 1463 3632; x_wconf 87' lang='lat' dir='ltr'>pe-</span> 
     </span>
     <span class='ocr_line' id='line_1_31' title="bbox 327 3654 1463 3741; baseline 0.002 -22"><span class='ocrx_word' id='word_1_229' title='bbox 327 3654 412 3721; x_wconf 87' lang='lat' dir='ltr'>nitus</span> <span class='ocrx_word' id='word_1_230' title='bbox 428 3657 640 3740; x_wconf 88' lang='lat' dir='ltr'>repellentes;</span> <span class='ocrx_word' id='word_1_231' title='bbox 660 3657 822 3740; x_wconf 85' lang='lat' dir='ltr'>quandam</span> <span class='ocrx_word' id='word_1_232' title='bbox 840 3657 943 3724; x_wconf 89' lang='lat' dir='ltr'>eciam</span> <span class='ocrx_word' id='word_1_233' title='bbox 961 3655 1127 3723; x_wconf 89' lang='lat' dir='ltr'>mulierem</span> <span class='ocrx_word' id='word_1_234' title='bbox 1145 3676 1273 3738; x_wconf 80' lang='lat' dir='ltr'>uxorem</span> <span class='ocrx_word' id='word_1_235' title='bbox 1290 3655 1463 3741; x_wconf 86' lang='lat' dir='ltr'>Stephani</span> 
     </span>
     <span class='ocr_line' id='line_1_32' title="bbox 326 3759 1463 3850; baseline 0.004 -26"><span class='ocrx_word' id='word_1_236' title='bbox 326 3759 366 3826; x_wconf 90' lang='lat' dir='ltr'>de</span> <span class='ocrx_word' id='word_1_237' title='bbox 381 3761 524 3847; x_wconf 54' lang='lat' dir='ltr'>Peygen,¹</span> <span class='ocrx_word' id='word_1_238' title='bbox 542 3763 723 3848; x_wconf 85' lang='lat' dir='ltr'>iobagionis</span> <span class='ocrx_word' id='word_1_239' title='bbox 750 3765 894 3832; x_wconf 85' lang='lat' dir='ltr'>eiusdem</span> <span class='ocrx_word' id='word_1_240' title='bbox 922 3763 1061 3850; x_wconf 88' lang='lat' dir='ltr'>Capituli</span> <span class='ocrx_word' id='word_1_241' title='bbox 1086 3763 1328 3846; x_wconf 88' lang='lat' dir='ltr'>Strigonicnsis,</span> <span class='ocrx_word' id='word_1_242' title='bbox 1354 3782 1463 3844; x_wconf 77' lang='lat' dir='ltr'>queam</span> 
     </span>
     <span class='ocr_line' id='line_1_33' title="bbox 326 3865 1463 3955; baseline 0.005 -24"><span class='ocrx_word' id='word_1_243' title='bbox 326 3865 424 3950; x_wconf 87' lang='lat' dir='ltr'>ijdem</span> <span class='ocrx_word' id='word_1_244' title='bbox 440 3868 545 3934; x_wconf 87' lang='lat' dir='ltr'>Judcx</span> <span class='ocrx_word' id='word_1_245' title='bbox 564 3877 595 3936; x_wconf 91' lang='lat' dir='ltr'>et</span> <span class='ocrx_word' id='word_1_246' title='bbox 611 3869 708 3937; x_wconf 88' lang='lat' dir='ltr'>Ciues</span> <span class='ocrx_word' id='word_1_247' title='bbox 733 3876 846 3939; x_wconf 89' lang='lat' dir='ltr'>contra</span> <span class='ocrx_word' id='word_1_248' title='bbox 862 3870 1024 3938; x_wconf 86' lang='lat' dir='ltr'>iusticiam</span> <span class='ocrx_word' id='word_1_249' title='bbox 1051 3871 1268 3955; x_wconf 89' lang='lat' dir='ltr'>captiuarunt,</span> <span class='ocrx_word' id='word_1_250' title='bbox 1293 3869 1335 3934; x_wconf 91' lang='lat' dir='ltr'>ad</span> <span class='ocrx_word' id='word_1_251' title='bbox 1363 3891 1463 3937; x_wconf 91' lang='lat' dir='ltr'>man·</span> 
     </span>
     <span class='ocr_line' id='line_1_34' title="bbox 326 3973 1467 4061; baseline 0.003 -21"><span class='ocrx_word' id='word_1_252' title='bbox 326 3973 436 4040; x_wconf 74' lang='lat' dir='ltr'>danum</span> <span class='ocrx_word' id='word_1_253' title='bbox 446 3974 617 4042; x_wconf 83' lang='lat' dir='ltr'>karissime</span> <span class='ocrx_word' id='word_1_254' title='bbox 628 3977 739 4044; x_wconf 88' lang='lat' dir='ltr'>matris</span> <span class='ocrx_word' id='word_1_255' title='bbox 765 3988 872 4044; x_wconf 86' lang='lat' dir='ltr'>nostre</span> <span class='ocrx_word' id='word_1_256' title='bbox 899 3976 1098 4052; x_wconf 87' lang='lat' dir='ltr'>remiserunt,</span> <span class='ocrx_word' id='word_1_257' title='bbox 1123 3983 1217 4061; x_wconf 90' lang='lat' dir='ltr'>prout</span> <span class='ocrx_word' id='word_1_258' title='bbox 1241 3995 1301 4059; x_wconf 91' lang='lat' dir='ltr'>per</span> <span class='ocrx_word' id='word_1_259' title='bbox 1326 3976 1467 4044; x_wconf 87' lang='lat' dir='ltr'>litteras</span> 
     </span>
     <span class='ocr_line' id='line_1_35' title="bbox 326 4079 1465 4168; baseline 0.004 -22"><span class='ocrx_word' id='word_1_260' title='bbox 326 4079 468 4148; x_wconf 88' lang='lat' dir='ltr'>ciusdem</span> <span class='ocrx_word' id='word_1_261' title='bbox 493 4082 659 4166; x_wconf 88' lang='lat' dir='ltr'>genitricis</span> <span class='ocrx_word' id='word_1_262' title='bbox 675 4091 784 4152; x_wconf 86' lang='lat' dir='ltr'>nostre</span> <span class='ocrx_word' id='word_1_263' title='bbox 800 4083 989 4168; x_wconf 90' lang='lat' dir='ltr'>collegimus</span> <span class='ocrx_word' id='word_1_264' title='bbox 1005 4083 1182 4151; x_wconf 88' lang='lat' dir='ltr'>euidenter.</span> <span class='ocrx_word' id='word_1_265' title='bbox 1202 4081 1283 4149; x_wconf 90' lang='lat' dir='ltr'>Itcm</span> <span class='ocrx_word' id='word_1_266' title='bbox 1309 4083 1465 4165; x_wconf 89' lang='lat' dir='ltr'>quodam</span> 
     </span>
     <span class='ocr_line' id='line_1_36' title="bbox 326 4185 1467 4276; baseline 0.005 -24"><span class='ocrx_word' id='word_1_267' title='bbox 326 4185 378 4254; x_wconf 87' lang='lat' dir='ltr'>die</span> <span class='ocrx_word' id='word_1_268' title='bbox 394 4187 455 4254; x_wconf 84' lang='lat' dir='ltr'>tori</span> <span class='ocrx_word' id='word_1_269' title='bbox 472 4187 505 4255; x_wconf 91' lang='lat' dir='ltr'>in</span> <span class='ocrx_word' id='word_1_270' title='bbox 521 4189 634 4257; x_wconf 89' lang='lat' dir='ltr'>eodem</span> <span class='ocrx_word' id='word_1_271' title='bbox 649 4189 719 4257; x_wconf 83' lang='lat' dir='ltr'>foro</span> <span class='ocrx_word' id='word_1_272' title='bbox 736 4191 897 4275; x_wconf 86' lang='lat' dir='ltr'>quendam</span> <span class='ocrx_word' id='word_1_273' title='bbox 913 4191 1119 4276; x_wconf 87' lang='lat' dir='ltr'>iobagioncm</span> <span class='ocrx_word' id='word_1_274' title='bbox 1136 4187 1280 4256; x_wconf 89' lang='lat' dir='ltr'>ciusdem</span> <span class='ocrx_word' id='word_1_275' title='bbox 1305 4186 1467 4272; x_wconf 82' lang='lat' dir='ltr'>Capituli</span> 
     </span>
     <span class='ocr_line' id='line_1_37' title="bbox 323 4295 1463 4386; baseline 0.003 -24"><span class='ocrx_word' id='word_1_276' title='bbox 323 4295 452 4362; x_wconf 89' lang='lat' dir='ltr'>nominc</span> <span class='ocrx_word' id='word_1_277' title='bbox 468 4297 597 4366; x_wconf 89' lang='lat' dir='ltr'>Petrum</span> <span class='ocrx_word' id='word_1_278' title='bbox 613 4300 806 4385; x_wconf 85' lang='lat' dir='ltr'>carnificem,</span> <span class='ocrx_word' id='word_1_279' title='bbox 824 4301 879 4385; x_wconf 91' lang='lat' dir='ltr'>qui</span> <span class='ocrx_word' id='word_1_280' title='bbox 897 4301 994 4366; x_wconf 87' lang='lat' dir='ltr'>habet</span> <span class='ocrx_word' id='word_1_281' title='bbox 1010 4299 1139 4364; x_wconf 89' lang='lat' dir='ltr'>domurn</span> <span class='ocrx_word' id='word_1_282' title='bbox 1157 4304 1249 4364; x_wconf 82' lang='lat' dir='ltr'>extra</span> <span class='ocrx_word' id='word_1_283' title='bbox 1276 4295 1463 4386; x_wconf 81' lang='lat' dir='ltr'>fossatum,</span> 
     </span>
     <span class='ocr_line' id='line_1_38' title="bbox 324 4404 1462 4492; baseline -0.002 -19"><span class='ocrx_word' id='word_1_284' title='bbox 324 4411 460 4489; x_wconf 85' lang='lat' dir='ltr'>uterquc</span> <span class='ocrx_word' id='word_1_285' title='bbox 476 4405 624 4491; x_wconf 85' lang='lat' dir='ltr'>llathyas</span> <span class='ocrx_word' id='word_1_286' title='bbox 641 4411 673 4472; x_wconf 90' lang='lat' dir='ltr'>et</span> <span class='ocrx_word' id='word_1_287' title='bbox 689 4405 884 4492; x_wconf 85' lang='lat' dir='ltr'>Lwdnykus</span> <span class='ocrx_word' id='word_1_288' title='bbox 895 4407 1073 4491; x_wconf 87' lang='lat' dir='ltr'>macellarij</span> <span class='ocrx_word' id='word_1_289' title='bbox 1094 4404 1343 4490; x_wconf 84' lang='lat' dir='ltr'>Strigonienscs,</span> <span class='ocrx_word' id='word_1_290' title='bbox 1365 4407 1462 4488; x_wconf 88' lang='lat' dir='ltr'>pub·</span> 
     </span>
     <span class='ocr_line' id='line_1_39' title="bbox 321 4511 1461 4602; baseline -0.001 -22"><span class='ocrx_word' id='word_1_291' title='bbox 321 4511 384 4580; x_wconf 86' lang='lat' dir='ltr'>lice</span> <span class='ocrx_word' id='word_1_292' title='bbox 400 4513 617 4598; x_wconf 89' lang='lat' dir='ltr'>uerberarunt,</span> <span class='ocrx_word' id='word_1_293' title='bbox 635 4521 667 4582; x_wconf 90' lang='lat' dir='ltr'>ct</span> <span class='ocrx_word' id='word_1_294' title='bbox 682 4515 725 4582; x_wconf 90' lang='lat' dir='ltr'>ad</span> <span class='ocrx_word' id='word_1_295' title='bbox 741 4515 941 4602; x_wconf 86' lang='lat' dir='ltr'>Stephanum</span> <span class='ocrx_word' id='word_1_296' title='bbox 958 4511 1112 4580; x_wconf 91' lang='lat' dir='ltr'>Uillicnm</span> <span class='ocrx_word' id='word_1_297' title='bbox 1123 4511 1378 4596; x_wconf 75' lang='lat' dir='ltr'>Striguniensem</span> <span class='ocrx_word' id='word_1_298' title='bbox 1393 4513 1461 4579; x_wconf 88' lang='lat' dir='ltr'>ad-</span> 
     </span>
     <span class='ocr_line' id='line_1_40' title="bbox 326 4619 1475 4716; baseline -0.001 -28"><span class='ocrx_word' id='word_1_299' title='bbox 326 4619 487 4692; x_wconf 83' lang='lat' dir='ltr'>duxerunt</span> <span class='ocrx_word' id='word_1_300' title='bbox 503 4621 712 4716; x_wconf 79' lang='lat' dir='ltr'>captiuatnuu.</span> <span class='ocrx_word' id='word_1_301' title='bbox 739 4623 888 4694; x_wconf 89' lang='lat' dir='ltr'>Ceterum</span> <span class='ocrx_word' id='word_1_302' title='bbox 913 4624 947 4692; x_wconf 92' lang='lat' dir='ltr'>in</span> <span class='ocrx_word' id='word_1_303' title='bbox 969 4621 1023 4690; x_wconf 87' lang='lat' dir='ltr'>die</span> <span class='ocrx_word' id='word_1_304' title='bbox 1052 4623 1267 4694; x_wconf 87' lang='lat' dir='ltr'>Pentecosten</span> <span class='ocrx_word' id='word_1_305' title='bbox 1294 4619 1475 4708; x_wconf 86' lang='lat' dir='ltr'>quendam</span> 
     </span>
    </p>
   </div>
   <div class='ocr_carea' id='block_1_3' title="bbox 0 0 1570 5158">
    <p class='ocr_par' dir='ltr' id='par_1_3' title="bbox 0 0 1570 5158">
     <span class='ocr_line' id='line_1_41' title="bbox 0 0 1570 5158; baseline 0 0"><span class='ocrx_word' id='word_1_306' title='bbox 0 0 1570 5158; x_wconf 95' lang='lat' dir='ltr'> </span> 
     </span>
    </p>
   </div>
  </div>
 </body>
</html>
