3098 5172
564 288 704 388 „263-

80 480 170 546 mnlta
184 499 246 566 pro
260 480 355 548 nobis
370 479 403 546 in
420 479 517 549 rebus
534 487 566 547 et
581 479 788 549 desolacione
803 480 991 570 hereditarij
1018 483 1081 552 soli
1107 505 1198 554 exos·
1294 560 1297 564 ⁸

78 587 118 675 pit
132 589 346 674 incommoda,
364 585 487 656 Corone
503 589 604 674 Regie
623 595 655 656 et
671 590 766 656 nobis
782 596 817 656 ut
832 588 971 658 fideliter
997 591 1045 660 sio
1071 593 1197 661 seruen-

77 705 120 763 ter
131 695 337 781 adherendo;
354 695 401 764 ita
411 703 448 763 ut
461 697 556 780 quasi
571 694 739 766 cuiusdam
755 697 844 783 exiiij
863 717 935 764 cum
952 696 1047 766 domo
1065 705 1097 768 et
1108 701 1199 768 fami·

75 805 115 872 lia
128 823 189 872 sua
204 805 293 872 uisus
308 825 367 890 per
381 813 508 873 nostros
526 813 558 873 et
574 826 650 874 suos
669 806 802 890 emulos,
830 813 963 892 propter
988 806 1082 876 nobis
1108 807 1196 876 exhi·

75 911 135 978 bita
148 919 181 979 et
196 910 383 980 exhibenda
397 914 548 1002 seruicia,
561 914 604 980 sit
618 914 787 1002 proscribi.
804 916 843 981 ln
855 915 1081 984 Viociudioatu
1092 916 1195 984 eciam

75 1016 160 1086 Gurie
177 1027 297 1108 nostre,
313 1039 408 1106 quern
434 1021 475 1088 de
500 1027 610 1090 nostro
635 1021 841 1108 beneplacito
868 1029 901 1089 et
925 1022 1036 1105 gracia
1060 1023 1196 1108 speciali

75 1127 138 1194 uice
152 1128 304 1214 Magistri
320 1127 408 1214 Opor
424 1129 548 1197 Jndicis
559 1129 653 1199 Gurie
663 1138 771 1200 nostre
786 1130 909 1220 habuit,
921 1131 970 1198 sic
978 1130 1196 1212 laudabiliter,

74 1235 217 1325 sicioste,
234 1235 490 1304 misericordiam
505 1238 719 1324 temperando
735 1239 875 1327 iusticia,
892 1245 924 1306 et
933 1239 1097 1307 iusticiam
1107 1237 1196 1325 equi·

73 1345 124 1410 toti
139 1345 355 1429 equanimiter
369 1346 563 1430 adequando
591 1365 627 1413 se
652 1348 764 1434 gessit,
790 1353 825 1413 vt
848 1349 890 1414 ab
917 1346 1065 1414 omnibus
1088 1346 1195 1434 Regni

71 1453 165 1520 nostri
180 1453 308 1544 incolis,
324 1461 357 1522 et
373 1453 477 1522 eciam
503 1460 612 1523 extero
636 1455 784 1522 nacionis
810 1454 993 1524 hominibus
1018 1455 1135 1522 meruit
1160 1463 1193 1524 et

73 1565 206 1627 meretur
221 1561 413 1628 mirabiliter
428 1560 657 1629 commendari.
673 1561 758 1629 Dum
776 1562 862 1629 enim
872 1562 1005 1646 quidam
1015 1562 1193 1631 secuudum

70 1686 191 1735 earnem
205 1668 336 1756 nobilis,
352 1669 464 1735 Petrus
480 1667 636 1736 videlieet
651 1670 737 1737 filius
755 1669 1191 1758 Tiburcij,perDominicum

69 1774 103 1842 dc
118 1779 215 1846 'Porri
231 1799 288 1846 seu
305 1779 408 1846 eciam
425 1776 467 1844 dc
483 1777 669 1866 Wysegrad
685 1778 949 1863 cognominatum
964 1780 996 1846 iu
1014 1778 1117 1866 ipsius
1133 1777 1192 1844 Oo-

67 1885 143 1953 mitis
159 1887 291 1954 Martini
305 1887 488 1974 presencia,
504 1889 608 1956 uicem
624 1894 766 1955 nostram
783 1888 944 1972 gestantis
960 1888 1106 1973 Regiam,
1117 1905 1191 1952 con·

67 2001 175 2063 uentus
191 1995 309 2062 luisset
324 2003 357 2062 et
376 1997 544 2062 conuictus
560 1994 594 2060 in
611 2001 747 2083 tanturn,
764 2002 800 2063 ut
814 1998 904 2064 frons
919 1997 971 2064 vel
988 1995 1090 2065 facies
1105 1995 1189 2062 eius-

68 2099 132 2166 dem
157 2101 244 2169 ferro
275 2101 431 2169 sancienti
455 2103 489 2169 in
515 2103 690 2170 notabilem
715 2109 826 2170 notam
852 2103 1035 2190 calumpnia
1057 2104 1191 2190 inprimi

66 2208 242 2294 debuisset,
273 2209 394 2278 faciem
425 2207 587 2296 nobilem,
604 2209 648 2275 ad
675 2208 863 2298 ymaginem
893 2199 1057 2278 conditam
1082 2211 1190 2280 condi-

67 2317 147 2404 toris,
163 2315 297 2384 celestis
314 2315 542 2402 pulcritudinis
567 2315 707 2404 speciem
735 2322 1023 2404 representantem,
1048 2317 1125 2385 licet
1149 2339 1191 2386 ex

66 2425 318 2511 transgressione
334 2425 457 2512 proprij
475 2426 630 2494 facinoris
648 2424 851 2496 assacioncm
862 2425 1066 2511 prehabitam
1084 2447 1188 2498 meru·

63 2533 131 2620 isse,
148 2539 238 2600 etex
269 2533 332 2600 hoc
354 2535 423 2608 eius
447 2539 557 2602 reatus
584 2553 714 2600 omnem
739 2533 895 2602 honorem
920 2534 1121 2624 exclusisset,
1140 2543 1188 2603 ta·

62 2659 126 2708 men
141 2639 231 2708 idem
248 2641 364 2708 Comes
379 2641 536 2708 Martinus
551 2639 805 2708 misericorditer
820 2640 995 2727 deturpare
1009 2643 1113 2712 noluit
1129 2665 1187 2712 seu

61 2748 154 2816 eciam
171 2749 358 2833 maculare;
373 2769 471 2834 quam
487 2747 746 2816 misericordiam
760 2755 950 2836 prenotatus
964 2749 1080 2818 Petrus
1095 2751 1185 2819 filios

61 2856 209 2942 l'yburcij
226 2857 370 2940 benigne
385 2863 419 2924 et
442 2857 593 2925 beniuole
617 2877 852 2942 recognoscens
877 2857 941 2924 sibi
964 2877 1024 2943 per
1048 2858 1186 2927 eundem

59 2963 209 3032 Comitem
225 2965 399 3032 Martinam
414 2965 484 3033 lore
500 2965 631 3055 factam,
647 2987 711 3033 non
727 2966 922 3052 compulsus,
939 2985 1003 3033 non
1022 2965 1185 3053 cohactus,

58 3071 112 3138 scd
126 3080 331 3160 spontaneus
350 3080 382 3140 et
399 3071 542 3158 prudens
559 3079 591 3142 et
606 3072 764 3162 ydoneus,
781 3072 881 3142 velud
898 3074 934 3140 in
958 3093 1181 3160 recompensa·

56 3181 180 3249 cionem
195 3181 330 3269 pietatis
344 3186 378 3249 et
392 3181 613 3250 misericordis
629 3182 692 3249 sibi
707 3183 803 3268 facte,
819 3181 984 3266 quandam
1011 3181 1186 3267 possessio·

54 3308 124 3356 nem
140 3309 237 3358 suam
255 3288 352 3356 Wdol
370 3294 533 3376 uocatam,
551 3290 586 3357 in
602 3289 762 3358 comitatu
771 3289 937 3357 Borsiensi
947 3291 1042 3356 iuxta
1050 3289 1183 3358 fluuium

54 3395 165 3464 (ieron
181 3397 384 3480 existentem,
401 3396 507 3464 eidem
524 3396 642 3465 Comiti
657 3396 798 3464 Martino
818 3395 962 3465 dedisset
984 3397 1084 3483 pleno
1100 3396 1183 3484 iure,

54 3502 201 3592 dominij,
217 3513 250 3572 ct
266 3505 335 3572 suis
366 3503 517 3572 manibus
547 3502 735 3573 tradidisset
764 3511 921 3594 perpetuo
944 3503 1178 3591 possidendam

51 3613 143 3696 prout
158 3612 195 3679 in
211 3611 384 3698 priuilegio
411 3612 555 3700 Capituli
579 3612 742 3680 Budensis
768 3612 886 3680 exinde
910 3611 1057 3681 consecto
1081 3613 1183 3680 conti·

50 3725 161 3786 netur:
179 3738 239 3787 nos
255 3719 298 3786 ds
314 3719 428 3788 eadem
443 3718 652 3807 possessione
668 3719 763 3789 Wdol
789 3719 889 3788 nobili
915 3721 986 3789 uiro
1012 3721 1184 3788 Dominico

49 3826 205 3912 Magistro
221 3828 478 3897 Tanaruieorum
494 3835 677 3896 nostrorum
692 3828 810 3897 dilecto
828 3836 862 3896 et
875 3828 967 3897 fideli
985 3833 1095 3897 nostro
1111 3848 1183 3916 pro-

46 3935 159 4006 uidere
175 3937 335 4026 uolentes,
350 3935 487 4004 eandem
503 3937 742 4023 possessionem
759 3935 843 4005 Vdol
859 3937 920 4004 sub
937 3936 1047 4023 specie
1071 3935 1184 4020 gracie

48 4051 78 4110 et
91 4043 309 4130 benignitatis
324 4051 433 4113 nostre
448 4045 551 4131 Regis
565 4047 609 4114 ab
638 4044 751 4113 eodem
761 4044 888 4113 (iornite
898 4044 1041 4112 Martioo
1064 4043 1184 4131 recepi·

46 4172 124 4238 mus,
142 4151 251 4239 ipsam
277 4149 384 4220 eidem
410 4151 568 4238 Magistro
593 4151 763 4221 Dominico
788 4159 947 4240 perpetuo
972 4151 1184 4223 conserentes.

45 4261 80 4328 In
96 4261 193 4331 cuius
207 4261 427 4350 possessionis
442 4264 779 4348 recompensacionem
795 4259 940 4349 prefatus
957 4262 1072 4329 Comes
1094 4261 1179 4329 Mar·

46 4369 131 4438 tinus
148 4389 173 4436 a
187 4369 285 4439 nobis
299 4366 514 4438 Patronatum
529 4388 587 4438 sou
598 4370 655 4456 jus
669 4369 866 4437 Patronatus
881 4367 1068 4456 Monasterij
1079 4367 1183 4437 nostri

56 4475 204 4547 Snmlow
235 4476 270 4545 iu
300 4476 426 4546 honore
445 4479 537 4546 Beati
563 4476 728 4564 lamperti
747 4475 934 4566 constituti,
958 4476 1103 4563 contigui
1126 4495 1185 4546 sou

52 4583 151 4654 ricini
167 4583 368 4653 hereditarie
383 4583 581 4673 possessioni
597 4583 743 4653 eiusdem
759 4580 892 4651 comitis
914 4582 1048 4654 Martini
1070 4585 1184 4655 Dewe·
