3170 5166
612 321 773 420 „433-
810 319 823 340 .

128 517 234 581 dream
249 515 350 582 lilium
368 514 529 602 Symonis,
547 523 580 582 et
595 517 769 602 Symonem
802 513 901 584 hlium
918 516 1071 604 Symonis
1103 512 1257 582 similiter

129 621 165 688 dc
179 621 275 710 Eyka
290 622 500 708 priuilegium
517 622 660 710 Capituli
688 623 941 710 Vesprimiensis
971 631 1004 691 et
1035 623 1103 690 alia
1133 621 1250 689 instru-

129 737 233 796 menta
249 749 346 816 snper
363 731 528 800 diuisione
543 739 629 800 terre
645 732 741 816 Eyha
757 740 874 799 vocate
890 734 1024 816 antiqno
1040 733 1125 798 inter
1156 730 1249 816 ipsos

130 843 278 902 emanata
295 857 406 905 coram
424 837 516 905 nobis
533 846 678 906 statuere
694 837 896 928 debuissent,
912 840 1044 906 taudem
1060 839 1144 922 ipsis
1159 841 1247 904 octa·

129 941 175 1008 nis
189 943 443 1012 aduenientibus
459 964 501 1012 ex
515 951 632 1012 nostra
648 947 861 1030 permissione
893 967 951 1030 per
982 945 1151 1012 arbitrium
1181 961 1254 1028 pro

130 1051 236 1118 borum
253 1053 396 1118 uirorum
413 1056 525 1138 partes
542 1051 651 1119 taliter
665 1052 920 1120 concordarunt:
937 1050 1032 1130 Quod
1048 1053 1147 1137 ijdem
1178 1049 1252 1116 Pet·

131 1175 180 1222 rus
195 1163 227 1223 et
242 1157 321 1240 socij
340 1159 392 1224 sni
409 1157 592 1242 supradicti
608 1156 729 1224 eisdem
761 1157 860 1242 Mogh
893 1165 924 1226 et
956 1159 1056 1242 socijs
1088 1157 1132 1225 ad
1162 1154 1256 1224 addi·

130 1271 267 1332 mentum
283 1265 448 1350 porcionis
466 1284 573 1331 eorum
590 1264 668 1332 dare
685 1272 719 1331 ct
734 1265 907 1350 assignare
934 1271 1178 1351 assumpserunt
1208 1260 1256 1330 ul·

130 1370 209 1452 giuti
226 1373 375 1456 quinqua
389 1372 506 1457 iugera
535 1381 704 1456 terrarum,
736 1371 849 1439 decem
881 1373 923 1440 de
953 1381 1042 1440 terra
1075 1369 1189 1458 pingui
1221 1375 1256 1436 ct

131 1478 311 1558 quindecim
326 1478 368 1546 dc
384 1485 472 1545 terra
488 1478 663 1564 campestri
681 1481 715 1545 in
731 1479 858 1547 octaris
873 1478 1118 1547 Purificacionis
1149 1478 1255 1544 Beate

132 1581 294 1668 Virginis;
311 1587 408 1652 salua
425 1593 534 1653 tamen
550 1586 704 1672 porcione
720 1587 855 1656 Comitis
871 1585 996 1655 Ohcllei
1022 1586 1128 1654 cidem
1154 1603 1257 1652 rema·

131 1701 234 1759 rente.
253 1693 425 1780 Dcdcrunt
441 1693 547 1761 eciam
563 1693 728 1777 quoddam
744 1693 977 1782 molendinum,
988 1695 1076 1778 quod
1092 1692 1256 1777 quondam

131 1797 265 1866 Donkus
280 1808 437 1886 tauquam
454 1821 546 1868 suum
563 1801 773 1886 possidebat3
801 1809 834 1869 et
850 1801 930 1869 lieet
945 1801 1152 1888 priuilegium
1183 1819 1256 1885 pre-

132 1904 204 1971 dicti
220 1904 366 1992 Capituli
382 1915 415 1975 et
431 1907 500 1974 alia
517 1909 735 1975 instrumenta
760 1909 910 1994 superins
942 1911 1111 1976 nominata
1141 1907 1258 1973 Petrus

133 2018 161 2076 et
176 2013 257 2098 socij
276 2015 327 2082 sui
345 2015 479 2101 predicti
495 2014 634 2083 reddere
650 2016 693 2082 ad
710 2016 906 2083 cassandum
933 2016 1140 2102 debuissent,
1171 2023 1257 2080 retu·

132 2119 165 2183 lit
180 2121 286 2205 nohis,
305 2122 391 2206 qnod
407 2123 481 2208 ipsa
496 2123 712 2190 instrumenta
735 2127 768 2188 et
798 2123 1005 2208 priuilegium
1039 2123 1254 2209 prescriptum

134 2228 332 2294 continerent
347 2227 527 2296 diuisiones
542 2225 683 2295 aliarum
698 2228 948 2312 generacionum
974 2247 1115 2313 suarum,
1149 2233 1257 2311 postu-

133 2331 234 2398 lantes
251 2353 272 2399 a
288 2333 393 2420 nobis,
411 2335 498 2419 qnod
513 2355 578 2401 uon
603 2353 807 2403 cassaremus
837 2334 1045 2421 priuilegium
1077 2341 1110 2400 et
1139 2333 1257 2400 instru-
1291 2347 1295 2354 '

135 2449 242 2506 menta
258 2441 408 2526 predicta
434 2463 476 2508 ne
492 2463 550 2527 per
566 2441 600 2508 id
616 2445 839 2509 controuersia
855 2447 1065 2527 generaretur
1075 2441 1159 2508 inter
1174 2440 1260 2506 alias

133 2551 367 2634 generacicncs
382 2571 468 2618 ruas.
487 2549 580 2619 Vnde
611 2571 671 2618 nos
701 2551 855 2637 peticioni
888 2550 1032 2637 ipsorum
1065 2556 1258 2634 annuentes,

133 2657 293 2724 noluimus
318 2657 517 2744 infringere5
550 2657 610 2725 sed
642 2659 857 2745 decernimus,
889 2657 975 2742 quod
1013 2657 1196 2740 ubicunque
1227 2660 1259 2721 ct

130 2763 387 2850 quandocunque
419 2785 527 2834 coram
558 2765 705 2848 quolibet
734 2765 844 2850 judice
875 2763 1085 2850 priuilegium
1132 2762 1255 2850 predio·

131 2877 194 2938 tum
227 2880 262 2940 et
292 2873 507 2940 instrumenta
538 2871 770 2940 exhiberentur
785 2878 898 2938 contra
924 2870 1032 2954 Mogh,
1057 2878 1089 2938 et
1119 2873 1259 2937 alterum

130 2979 225 3065 llcgh
259 2985 292 3045 et
321 2979 427 3049 socios
457 2999 534 3046 suos
564 2979 772 3065 prescriptos,
802 2997 898 3045 cassa
929 2983 961 3043 et
992 2976 1114 3066 inania,
1145 2984 1177 3044 ct
1201 2997 1258 3064 pe-

128 3087 212 3155 nitus
245 3087 369 3155 uiribus
401 3086 555 3155 destituta
586 3087 778 3173 habeantur,
806 3098 838 3152 et
867 3085 1000 3171 insuper
1033 3082 1119 3150 idern
1134 3083 1252 3151 Petrus

133 3205 163 3262 ct
179 3196 259 3281 socij
278 3197 330 3263 sui
345 3195 510 3282 prenotati
533 3195 666 3262 racione
682 3193 900 3261 exhibicionis
910 3189 1073 3279 priuilegij
1092 3197 1125 3256 et
1141 3189 1258 3282 instrcf

131 3311 310 3370 mentorum
327 3302 585 3390 prescriptorum
602 3309 716 3369 contra
731 3299 830 3384 Mogh
848 3306 880 3366 et
896 3299 1000 3367 socios
1018 3296 1164 3364 eiusdem
1195 3318 1256 3382 pro

131 3411 291 3492 conuictis
307 3409 489 3476 habeantur
505 3410 630 3492 absque
645 3407 783 3494 strepitu
795 3405 912 3495 judicij
946 3405 1111 3490 aliqualis.
1138 3407 1259 3472 Datum

129 3517 162 3584 in
179 3518 261 3585 uilla
276 3517 385 3585 Orcho
402 3523 495 3586 sexta
504 3519 589 3586 feria
599 3517 746 3602 proxima
757 3525 828 3602 post
838 3523 972 3584 octonas
982 3513 1096 3580 Sancti
1103 3513 1256 3599 Nicolay.

238 3623 354 3694 Kivtl
365 3625 396 3692 l:
414 3622 534 3693 Contra
549 3625 678 3692 Petrum
695 3631 727 3692 et
743 3623 826 3691 alios
842 3644 901 3708 pro
925 3622 1024 3708 Mogh
1056 3627 1087 3688 ct
1104 3619 1182 3706 alijs
1215 3620 1256 3686 de

130 3733 237 3820 Eyka.

130 3931 271 3994 (Ercdctie
295 3931 472 4001 bdrhtrtytn,
494 3949 511 3986 a
535 3931 627 4000 penset
650 3933 728 3986 lrirttl
754 3931 893 3986 oldalvtst
917 3931 969 3983 orla
994 3943 1120 4002 nyomra.
1145 3925 1261 3980 Khzdlte

527 4023 650 4088 Thely
676 4021 862 4088 Kr'almlu.)

586 4307 799 4318 ——---—--
