<?xml version="1.0" encoding="UTF-8"?>
<!DOCTYPE html PUBLIC "-//W3C//DTD XHTML 1.0 Transitional//EN"
    "http://www.w3.org/TR/xhtml1/DTD/xhtml1-transitional.dtd">
<html xmlns="http://www.w3.org/1999/xhtml" xml:lang="en" lang="en">
 <head>
  <title>
</title>
<meta http-equiv="Content-Type" content="text/html;charset=utf-8" />
  <meta name='ocr-system' content='tesseract 3.04.00' />
  <meta name='ocr-capabilities' content='ocr_page ocr_carea ocr_par ocr_line ocrx_word'/>
</head>
<body>
  <div class='ocr_page' id='page_1' title='image "./codexdiplomatic19wenzgoog_0390.png"; bbox 0 0 3120 5172; ppageno 0'>
   <div class='ocr_carea' id='block_1_1' title="bbox 289 449 1432 540">
    <p class='ocr_par' dir='ltr' id='par_1_1' title="bbox 289 449 1432 540">
     <span class='ocr_line' id='line_1_1' title="bbox 289 449 1432 540; baseline -0.003 -18"><span class='ocrx_word' id='word_1_1' title='bbox 289 454 431 540; x_wconf 84' lang='lat' dir='ltr'>quenda,</span> <span class='ocrx_word' id='word_1_2' title='bbox 448 473 547 521; x_wconf 88' lang='lat' dir='ltr'>vnum</span> <span class='ocrx_word' id='word_1_3' title='bbox 564 473 604 520; x_wconf 84' lang='lat' dir='ltr'>ex</span> <span class='ocrx_word' id='word_1_4' title='bbox 621 450 713 520; x_wconf 91' lang='lat' dir='ltr'>nobis</span> <span class='ocrx_word' id='word_1_5' title='bbox 729 451 950 537; x_wconf 89' lang='lat' dir='ltr'>misissemus,</span> <span class='ocrx_word' id='word_1_6' title='bbox 975 449 1062 518; x_wconf 90' lang='lat' dir='ltr'>idem</span> <span class='ocrx_word' id='word_1_7' title='bbox 1087 449 1131 516; x_wconf 90' lang='lat' dir='ltr'>ad</span> <span class='ocrx_word' id='word_1_8' title='bbox 1146 469 1207 518; x_wconf 87' lang='lat' dir='ltr'>nos</span> <span class='ocrx_word' id='word_1_9' title='bbox 1224 451 1356 518; x_wconf 89' lang='lat' dir='ltr'>rediens</span> <span class='ocrx_word' id='word_1_10' title='bbox 1374 471 1432 519; x_wconf 88' lang='lat' dir='ltr'>re·</span> 
     </span>
    </p>
   </div>
   <div class='ocr_carea' id='block_1_2' title="bbox 287 556 1555 644">
    <p class='ocr_par' dir='ltr' id='par_1_2' title="bbox 287 556 1555 644">
     <span class='ocr_line' id='line_1_2' title="bbox 287 556 1555 644; baseline -0.004 -14"><span class='ocrx_word' id='word_1_11' title='bbox 287 562 361 630; x_wconf 92' lang='lat' dir='ltr'>tulit</span> <span class='ocrx_word' id='word_1_12' title='bbox 379 559 412 627; x_wconf 91' lang='lat' dir='ltr'>in</span> <span class='ocrx_word' id='word_1_13' title='bbox 428 561 488 627; x_wconf 91' lang='lat' dir='ltr'>heo</span> <span class='ocrx_word' id='word_1_14' title='bbox 513 561 632 627; x_wconf 88' lang='lat' dir='ltr'>uerba:</span> <span class='ocrx_word' id='word_1_15' title='bbox 663 557 750 643; x_wconf 88' lang='lat' dir='ltr'>quod</span> <span class='ocrx_word' id='word_1_16' title='bbox 781 558 989 625; x_wconf 85' lang='lat' dir='ltr'>extimatores</span> <span class='ocrx_word' id='word_1_17' title='bbox 1021 556 1182 644; x_wconf 77' lang='lat' dir='ltr'><strong>predicti,</strong></span> <span class='ocrx_word' id='word_1_18' title='bbox 1214 558 1427 626; x_wconf 85' lang='lat' dir='ltr'>considerata</span> <span class='ocrx_word' id='word_1_19' title='bbox 1548 586 1555 603; x_wconf 89' lang='lat'><em>·</em></span> 
     </span>
    </p>
   </div>
   <div class='ocr_carea' id='block_1_3' title="bbox 288 665 1425 858">
    <p class='ocr_par' dir='ltr' id='par_1_3' title="bbox 288 665 1425 858">
     <span class='ocr_line' id='line_1_3' title="bbox 289 665 1425 755; baseline -0.004 -19"><span class='ocrx_word' id='word_1_20' title='bbox 289 669 456 755; x_wconf 89' lang='lat' dir='ltr'>paruitate</span> <span class='ocrx_word' id='word_1_21' title='bbox 471 675 504 735; x_wconf 90' lang='lat' dir='ltr'>et</span> <span class='ocrx_word' id='word_1_22' title='bbox 519 666 695 737; x_wconf 82' lang='lat' dir='ltr'>sterilitate</span> <span class='ocrx_word' id='word_1_23' title='bbox 706 674 791 734; x_wconf 91' lang='lat' dir='ltr'>terre</span> <span class='ocrx_word' id='word_1_24' title='bbox 807 665 972 733; x_wconf 90' lang='lat' dir='ltr'>antedicte</span> <span class='ocrx_word' id='word_1_25' title='bbox 989 665 1085 733; x_wconf 90' lang='lat' dir='ltr'>simul</span> <span class='ocrx_word' id='word_1_26' title='bbox 1103 684 1176 732; x_wconf 91' lang='lat' dir='ltr'>eum</span> <span class='ocrx_word' id='word_1_27' title='bbox 1193 666 1335 733; x_wconf 86' lang='lat' dir='ltr'>ecelesia</span> <span class='ocrx_word' id='word_1_28' title='bbox 1350 685 1425 751; x_wconf 93' lang='lat' dir='ltr'>pro·</span> 
     </span>
     <span class='ocr_line' id='line_1_4' title="bbox 288 770 1423 858; baseline -0.002 -18"><span class='ocrx_word' id='word_1_29' title='bbox 288 775 465 842; x_wconf 72' lang='lat' dir='ltr'>cessionali</span> <span class='ocrx_word' id='word_1_30' title='bbox 480 774 545 842; x_wconf 87' lang='lat' dir='ltr'>sita</span> <span class='ocrx_word' id='word_1_31' title='bbox 562 774 597 840; x_wconf 93' lang='lat' dir='ltr'>in</span> <span class='ocrx_word' id='word_1_32' title='bbox 614 772 741 858; x_wconf 91' lang='lat' dir='ltr'>eadem,</span> <span class='ocrx_word' id='word_1_33' title='bbox 768 781 800 840; x_wconf 92' lang='lat' dir='ltr'>et</span> <span class='ocrx_word' id='word_1_34' title='bbox 818 773 1014 839; x_wconf 88' lang='lat' dir='ltr'>monasterio</span> <span class='ocrx_word' id='word_1_35' title='bbox 1032 770 1167 858; x_wconf 90' lang='lat' dir='ltr'>dirruto,</span> <span class='ocrx_word' id='word_1_36' title='bbox 1185 792 1225 838; x_wconf 93' lang='lat' dir='ltr'>ao</span> <span class='ocrx_word' id='word_1_37' title='bbox 1242 771 1317 856; x_wconf 87' lang='lat' dir='ltr'>alijs</span> <span class='ocrx_word' id='word_1_38' title='bbox 1333 773 1423 839; x_wconf 90' lang='lat' dir='ltr'>utili·</span> 
     </span>
    </p>
   </div>
   <div class='ocr_carea' id='block_1_4' title="bbox 289 866 1554 970">
    <p class='ocr_par' dir='ltr' id='par_1_4' title="bbox 289 866 1554 970">
     <span class='ocr_line' id='line_1_5' title="bbox 289 866 1554 970; baseline -0.002 -22"><span class='ocrx_word' id='word_1_39' title='bbox 289 882 410 949; x_wconf 87' lang='lat' dir='ltr'>tatibus</span> <span class='ocrx_word' id='word_1_40' title='bbox 428 882 507 970; x_wconf 87' lang='lat' dir='ltr'>suis,</span> <span class='ocrx_word' id='word_1_41' title='bbox 525 880 675 965; x_wconf 78' lang='lat' dir='ltr'>diligenti</span> <span class='ocrx_word' id='word_1_42' title='bbox 703 880 943 949; x_wconf 84' lang='lat' dir='ltr'>deliberacione</span> <span class='ocrx_word' id='word_1_43' title='bbox 968 879 1052 946; x_wconf 91' lang='lat' dir='ltr'>iuter</span> <span class='ocrx_word' id='word_1_44' title='bbox 1068 899 1104 946; x_wconf 95' lang='lat' dir='ltr'>se</span> <span class='ocrx_word' id='word_1_45' title='bbox 1121 879 1212 946; x_wconf 91' lang='lat' dir='ltr'>abita</span> <span class='ocrx_word' id='word_1_46' title='bbox 1229 900 1288 965; x_wconf 94' lang='lat' dir='ltr'>pro</span> <span class='ocrx_word' id='word_1_47' title='bbox 1305 901 1425 949; x_wconf 90' lang='lat' dir='ltr'>nouem</span> <span class='ocrx_word' id='word_1_48' title='bbox 1551 866 1554 874; x_wconf 67' lang='grc'>’</span> 
     </span>
    </p>
   </div>
   <div class='ocr_carea' id='block_1_5' title="bbox 290 985 1425 1075">
    <p class='ocr_par' dir='ltr' id='par_1_5' title="bbox 290 985 1425 1075">
     <span class='ocr_line' id='line_1_6' title="bbox 290 985 1425 1075; baseline -0.001 -19"><span class='ocrx_word' id='word_1_49' title='bbox 290 993 405 1057; x_wconf 86' lang='lat' dir='ltr'>mareis</span> <span class='ocrx_word' id='word_1_50' title='bbox 422 990 652 1075; x_wconf 72' lang='lat' dir='ltr'>extimassem,</span> <span class='ocrx_word' id='word_1_51' title='bbox 669 989 756 1072; x_wconf 90' lang='lat' dir='ltr'>quod</span> <span class='ocrx_word' id='word_1_52' title='bbox 773 995 806 1054; x_wconf 91' lang='lat' dir='ltr'>et</span> <span class='ocrx_word' id='word_1_53' title='bbox 820 994 931 1073; x_wconf 89' lang='lat' dir='ltr'>partes</span> <span class='ocrx_word' id='word_1_54' title='bbox 941 1039 950 1074; x_wconf 95' lang='lat'>,</span> <span class='ocrx_word' id='word_1_55' title='bbox 972 988 1050 1054; x_wconf 89' lang='lat' dir='ltr'>licet</span> <span class='ocrx_word' id='word_1_56' title='bbox 1065 985 1267 1070; x_wconf 80' lang='lat' dir='ltr'>aliquamdiu</span> <span class='ocrx_word' id='word_1_57' title='bbox 1285 988 1370 1054; x_wconf 87' lang='lat' dir='ltr'>inter</span> <span class='ocrx_word' id='word_1_58' title='bbox 1386 1008 1425 1055; x_wconf 88' lang='lat' dir='ltr'>se</span> 
     </span>
    </p>
   </div>
   <div class='ocr_carea' id='block_1_6' title="bbox 290 1091 1553 1182">
    <p class='ocr_par' dir='ltr' id='par_1_6' title="bbox 290 1091 1553 1182">
     <span class='ocr_line' id='line_1_7' title="bbox 290 1091 1553 1182; baseline -0.004 -18"><span class='ocrx_word' id='word_1_59' title='bbox 290 1095 543 1182; x_wconf 81' lang='lat' dir='ltr'>discrepassent,</span> <span class='ocrx_word' id='word_1_60' title='bbox 571 1095 776 1180; x_wconf 91' lang='lat' dir='ltr'>postmodnm</span> <span class='ocrx_word' id='word_1_61' title='bbox 809 1101 918 1161; x_wconf 88' lang='lat' dir='ltr'>tamen</span> <span class='ocrx_word' id='word_1_62' title='bbox 952 1091 1154 1162; x_wconf 87' lang='lat' dir='ltr'>concorditer</span> <span class='ocrx_word' id='word_1_63' title='bbox 1187 1100 1424 1162; x_wconf 82' lang='lat' dir='ltr'>consenserunt</span> <span class='ocrx_word' id='word_1_64' title='bbox 1552 1136 1553 1148; x_wconf 53' lang='lat'>,</span> 
     </span>
    </p>
   </div>
   <div class='ocr_carea' id='block_1_7' title="bbox 290 1201 1426 1504">
    <p class='ocr_par' dir='ltr' id='par_1_7' title="bbox 290 1201 1426 1504">
     <span class='ocr_line' id='line_1_8' title="bbox 291 1201 1425 1287; baseline 0.003 -18"><span class='ocrx_word' id='word_1_65' title='bbox 291 1223 400 1270; x_wconf 89' lang='lat' dir='ltr'>eoram</span> <span class='ocrx_word' id='word_1_66' title='bbox 416 1203 520 1272; x_wconf 90' lang='lat' dir='ltr'>nobis.</span> <span class='ocrx_word' id='word_1_67' title='bbox 538 1201 631 1269; x_wconf 91' lang='lat' dir='ltr'>Vnde</span> <span class='ocrx_word' id='word_1_68' title='bbox 646 1201 727 1286; x_wconf 92' lang='lat' dir='ltr'>ipsis</span> <span class='ocrx_word' id='word_1_69' title='bbox 743 1222 859 1270; x_wconf 89' lang='lat' dir='ltr'>nouem</span> <span class='ocrx_word' id='word_1_70' title='bbox 870 1201 998 1286; x_wconf 88' lang='lat' dir='ltr'>marcis,</span> <span class='ocrx_word' id='word_1_71' title='bbox 1016 1201 1136 1287; x_wconf 90' lang='lat' dir='ltr'>partim</span> <span class='ocrx_word' id='word_1_72' title='bbox 1152 1203 1186 1268; x_wconf 93' lang='lat' dir='ltr'>in</span> <span class='ocrx_word' id='word_1_73' title='bbox 1204 1201 1425 1272; x_wconf 77' lang='lat' dir='ltr'>extimatione</span> 
     </span>
     <span class='ocr_line' id='line_1_9' title="bbox 292 1307 1426 1396; baseline 0 -18"><span class='ocrx_word' id='word_1_74' title='bbox 292 1310 467 1396; x_wconf 84' lang='lat' dir='ltr'>condigna,</span> <span class='ocrx_word' id='word_1_75' title='bbox 485 1316 517 1376; x_wconf 91' lang='lat' dir='ltr'>et</span> <span class='ocrx_word' id='word_1_76' title='bbox 533 1311 654 1394; x_wconf 91' lang='lat' dir='ltr'>partim</span> <span class='ocrx_word' id='word_1_77' title='bbox 670 1308 703 1375; x_wconf 92' lang='lat' dir='ltr'>in</span> <span class='ocrx_word' id='word_1_78' title='bbox 721 1307 1050 1394; x_wconf 89' lang='lat' dir='ltr'>denaristuthardo,</span> <span class='ocrx_word' id='word_1_79' title='bbox 1066 1308 1252 1394; x_wconf 90' lang='lat' dir='ltr'>supradicto</span> <span class='ocrx_word' id='word_1_80' title='bbox 1268 1312 1302 1376; x_wconf 94' lang='lat' dir='ltr'>in</span> <span class='ocrx_word' id='word_1_81' title='bbox 1318 1312 1426 1378; x_wconf 82' lang='lat' dir='ltr'>nostri</span> 
     </span>
     <span class='ocr_line' id='line_1_10' title="bbox 290 1415 1425 1504; baseline 0.003 -20"><span class='ocrx_word' id='word_1_82' title='bbox 290 1419 460 1504; x_wconf 89' lang='lat' dir='ltr'>presencia</span> <span class='ocrx_word' id='word_1_83' title='bbox 476 1417 572 1502; x_wconf 90' lang='lat' dir='ltr'>plene</span> <span class='ocrx_word' id='word_1_84' title='bbox 590 1421 623 1482; x_wconf 89' lang='lat' dir='ltr'>et</span> <span class='ocrx_word' id='word_1_85' title='bbox 632 1421 761 1502; x_wconf 86' lang='lat' dir='ltr'>integre</span> <span class='ocrx_word' id='word_1_86' title='bbox 770 1417 944 1500; x_wconf 91' lang='lat' dir='ltr'>persolutis</span> <span class='ocrx_word' id='word_1_87' title='bbox 955 1415 1126 1501; x_wconf 89' lang='lat' dir='ltr'>sepedicta</span> <span class='ocrx_word' id='word_1_88' title='bbox 1138 1423 1227 1482; x_wconf 91' lang='lat' dir='ltr'>terra</span> <span class='ocrx_word' id='word_1_89' title='bbox 1238 1428 1425 1487; x_wconf 85' lang='lat' dir='ltr'>memorato</span> 
     </span>
    </p>
   </div>
   <div class='ocr_carea' id='block_1_8' title="bbox 288 1523 1554 1716">
    <p class='ocr_par' dir='ltr' id='par_1_8' title="bbox 288 1523 1554 1716">
     <span class='ocr_line' id='line_1_11' title="bbox 288 1523 1554 1613; baseline -0.001 -20"><span class='ocrx_word' id='word_1_90' title='bbox 288 1525 483 1593; x_wconf 87' lang='lat' dir='ltr'>Leostaehio</span> <span class='ocrx_word' id='word_1_91' title='bbox 500 1531 532 1590; x_wconf 90' lang='lat' dir='ltr'>et</span> <span class='ocrx_word' id='word_1_92' title='bbox 549 1525 616 1591; x_wconf 88' lang='lat' dir='ltr'>suis</span> <span class='ocrx_word' id='word_1_93' title='bbox 640 1523 812 1590; x_wconf 86' lang='lat' dir='ltr'>heredibus</span> <span class='ocrx_word' id='word_1_94' title='bbox 830 1523 965 1608; x_wconf 86' lang='lat' dir='ltr'>pacifice</span> <span class='ocrx_word' id='word_1_95' title='bbox 991 1529 1023 1589; x_wconf 92' lang='lat' dir='ltr'>et</span> <span class='ocrx_word' id='word_1_96' title='bbox 1048 1523 1156 1606; x_wconf 89' lang='lat' dir='ltr'>quiete</span> <span class='ocrx_word' id='word_1_97' title='bbox 1171 1524 1328 1590; x_wconf 88' lang='lat' dir='ltr'>remansit</span> <span class='ocrx_word' id='word_1_98' title='bbox 1345 1545 1426 1610; x_wconf 91' lang='lat' dir='ltr'>pos·</span> <span class='ocrx_word' id='word_1_99' title='bbox 1547 1594 1554 1613; x_wconf 61' lang='grc'>,</span> 
     </span>
     <span class='ocr_line' id='line_1_12' title="bbox 289 1616 1553 1716; baseline -0.003 -16"><span class='ocrx_word' id='word_1_100' title='bbox 289 1631 444 1716; x_wconf 85' lang='lat' dir='ltr'>sidenda,</span> <span class='ocrx_word' id='word_1_101' title='bbox 461 1629 582 1696; x_wconf 88' lang='lat' dir='ltr'>idcirco</span> <span class='ocrx_word' id='word_1_102' title='bbox 598 1627 761 1697; x_wconf 86' lang='lat' dir='ltr'>Lothardo</span> <span class='ocrx_word' id='word_1_103' title='bbox 778 1631 838 1696; x_wconf 91' lang='lat' dir='ltr'>hoe</span> <span class='ocrx_word' id='word_1_104' title='bbox 864 1629 996 1696; x_wconf 87' lang='lat' dir='ltr'>firmiter</span> <span class='ocrx_word' id='word_1_105' title='bbox 1022 1637 1272 1714; x_wconf 89' lang='lat' dir='ltr'>assumpmente,</span> <span class='ocrx_word' id='word_1_106' title='bbox 1288 1633 1377 1715; x_wconf 90' lang='lat' dir='ltr'>quod</span> <span class='ocrx_word' id='word_1_107' title='bbox 1395 1634 1426 1700; x_wconf 91' lang='lat' dir='ltr'>si</span> <span class='ocrx_word' id='word_1_108' title='bbox 1547 1616 1553 1635; x_wconf 84' lang='lat'>&#39;</span> 
     </span>
    </p>
   </div>
   <div class='ocr_carea' id='block_1_9' title="bbox 288 1735 1553 2998">
    <p class='ocr_par' dir='ltr' id='par_1_9' title="bbox 288 1735 1553 2998">
     <span class='ocr_line' id='line_1_13' title="bbox 289 1735 1553 1823; baseline 0.002 -19"><span class='ocrx_word' id='word_1_109' title='bbox 289 1757 354 1821; x_wconf 91' lang='lat' dir='ltr'>qua</span> <span class='ocrx_word' id='word_1_110' title='bbox 368 1738 584 1806; x_wconf 86' lang='lat' dir='ltr'>instrumenta</span> <span class='ocrx_word' id='word_1_111' title='bbox 601 1756 660 1804; x_wconf 90' lang='lat' dir='ltr'>seu</span> <span class='ocrx_word' id='word_1_112' title='bbox 676 1737 807 1804; x_wconf 89' lang='lat' dir='ltr'>litteras</span> <span class='ocrx_word' id='word_1_113' title='bbox 824 1757 921 1823; x_wconf 89' lang='lat' dir='ltr'>super</span> <span class='ocrx_word' id='word_1_114' title='bbox 945 1735 1113 1821; x_wconf 82' lang='lat' dir='ltr'>empcione</span> <span class='ocrx_word' id='word_1_115' title='bbox 1139 1735 1227 1802; x_wconf 88' lang='lat' dir='ltr'>dicte</span> <span class='ocrx_word' id='word_1_116' title='bbox 1242 1743 1327 1805; x_wconf 89' lang='lat' dir='ltr'>terre</span> <span class='ocrx_word' id='word_1_117' title='bbox 1344 1759 1428 1806; x_wconf 89' lang='lat' dir='ltr'>eon·</span> <span class='ocrx_word' id='word_1_118' title='bbox 1548 1810 1553 1821; x_wconf 76' lang='grc'>,</span> 
     </span>
     <span class='ocr_line' id='line_1_14' title="bbox 288 1843 1552 1931; baseline 0.003 -21"><span class='ocrx_word' id='word_1_119' title='bbox 288 1845 373 1912; x_wconf 85' lang='lat' dir='ltr'>fecta</span> <span class='ocrx_word' id='word_1_120' title='bbox 389 1847 533 1931; x_wconf 92' lang='lat' dir='ltr'>baberet,</span> <span class='ocrx_word' id='word_1_121' title='bbox 552 1865 624 1912; x_wconf 92' lang='lat' dir='ltr'>cum</span> <span class='ocrx_word' id='word_1_122' title='bbox 641 1845 683 1910; x_wconf 93' lang='lat' dir='ltr'>ad</span> <span class='ocrx_word' id='word_1_123' title='bbox 700 1843 805 1910; x_wconf 89' lang='lat' dir='ltr'>lucem</span> <span class='ocrx_word' id='word_1_124' title='bbox 821 1845 978 1930; x_wconf 89' lang='lat' dir='ltr'>venirent,</span> <span class='ocrx_word' id='word_1_125' title='bbox 1000 1862 1093 1911; x_wconf 88' lang='lat' dir='ltr'>casse</span> <span class='ocrx_word' id='word_1_126' title='bbox 1118 1845 1232 1910; x_wconf 86' lang='lat' dir='ltr'>fierent</span> <span class='ocrx_word' id='word_1_127' title='bbox 1247 1853 1279 1913; x_wconf 93' lang='lat' dir='ltr'>et</span> <span class='ocrx_word' id='word_1_128' title='bbox 1293 1845 1427 1914; x_wconf 80' lang='lat' dir='ltr'>viribus</span> <span class='ocrx_word' id='word_1_129' title='bbox 1551 1924 1552 1928; x_wconf 7' lang='grc' dir='ltr'><strong>Ἰ</strong></span> 
     </span>
     <span class='ocr_line' id='line_1_15' title="bbox 293 1948 1429 2038; baseline 0.002 -20"><span class='ocrx_word' id='word_1_130' title='bbox 293 1952 444 2019; x_wconf 86' lang='lat' dir='ltr'>cariture.</span> <span class='ocrx_word' id='word_1_131' title='bbox 460 1951 503 2017; x_wconf 86' lang='lat' dir='ltr'>Vt</span> <span class='ocrx_word' id='word_1_132' title='bbox 518 1951 617 2036; x_wconf 85' lang='lat' dir='ltr'>igitur</span> <span class='ocrx_word' id='word_1_133' title='bbox 632 1952 706 2038; x_wconf 89' lang='lat' dir='ltr'>ipsa</span> <span class='ocrx_word' id='word_1_134' title='bbox 716 1957 804 2018; x_wconf 90' lang='lat' dir='ltr'>terra</span> <span class='ocrx_word' id='word_1_135' title='bbox 819 1948 966 2035; x_wconf 89' lang='lat' dir='ltr'>predicto</span> <span class='ocrx_word' id='word_1_136' title='bbox 977 1948 1096 2017; x_wconf 81' lang='lat' dir='ltr'>Oomiti</span> <span class='ocrx_word' id='word_1_137' title='bbox 1106 1951 1299 2017; x_wconf 84' lang='lat' dir='ltr'>Laustaobio</span> <span class='ocrx_word' id='word_1_138' title='bbox 1315 1959 1350 2018; x_wconf 92' lang='lat' dir='ltr'>et</span> <span class='ocrx_word' id='word_1_139' title='bbox 1360 1974 1429 2038; x_wconf 89' lang='lat' dir='ltr'>per</span> 
     </span>
     <span class='ocr_line' id='line_1_16' title="bbox 292 2057 1429 2145; baseline 0.001 -19"><span class='ocrx_word' id='word_1_140' title='bbox 292 2079 364 2126; x_wconf 91' lang='lat' dir='ltr'>eum</span> <span class='ocrx_word' id='word_1_141' title='bbox 383 2059 449 2127; x_wconf 87' lang='lat' dir='ltr'>suis</span> <span class='ocrx_word' id='word_1_142' title='bbox 465 2057 636 2126; x_wconf 88' lang='lat' dir='ltr'>heredibus</span> <span class='ocrx_word' id='word_1_143' title='bbox 649 2060 682 2124; x_wconf 92' lang='lat' dir='ltr'>in</span> <span class='ocrx_word' id='word_1_144' title='bbox 692 2065 882 2145; x_wconf 87' lang='lat' dir='ltr'>perpetuum</span> <span class='ocrx_word' id='word_1_145' title='bbox 894 2063 1088 2144; x_wconf 87' lang='lat' dir='ltr'>perseueret,</span> <span class='ocrx_word' id='word_1_146' title='bbox 1100 2077 1158 2123; x_wconf 83' lang='lat' dir='ltr'>nec</span> <span class='ocrx_word' id='word_1_147' title='bbox 1168 2077 1226 2141; x_wconf 90' lang='lat' dir='ltr'>per</span> <span class='ocrx_word' id='word_1_148' title='bbox 1236 2058 1429 2144; x_wconf 85' lang='lat' dir='ltr'>quempiam</span> 
     </span>
     <span class='ocr_line' id='line_1_17' title="bbox 290 2163 1432 2250; baseline 0.002 -19"><span class='ocrx_word' id='word_1_149' title='bbox 290 2185 444 2250; x_wconf 86' lang='lat' dir='ltr'>processu</span> <span class='ocrx_word' id='word_1_150' title='bbox 458 2171 638 2250; x_wconf 89' lang='lat' dir='ltr'>temporum</span> <span class='ocrx_word' id='word_1_151' title='bbox 655 2163 760 2250; x_wconf 91' lang='lat' dir='ltr'>possit</span> <span class='ocrx_word' id='word_1_152' title='bbox 774 2165 964 2250; x_wconf 87' lang='lat' dir='ltr'>retractari,</span> <span class='ocrx_word' id='word_1_153' title='bbox 981 2171 1149 2248; x_wconf 88' lang='lat' dir='ltr'>presentes</span> <span class='ocrx_word' id='word_1_154' title='bbox 1167 2163 1271 2229; x_wconf 90' lang='lat' dir='ltr'>eidem</span> <span class='ocrx_word' id='word_1_155' title='bbox 1287 2185 1432 2238; x_wconf 79' lang='lat' dir='ltr'>eonces-</span> 
     </span>
     <span class='ocr_line' id='line_1_18' title="bbox 290 2269 1427 2354; baseline 0.004 -16"><span class='ocrx_word' id='word_1_156' title='bbox 290 2273 393 2339; x_wconf 90' lang='lat' dir='ltr'>simus</span> <span class='ocrx_word' id='word_1_157' title='bbox 404 2271 507 2354; x_wconf 89' lang='lat' dir='ltr'>sigilli</span> <span class='ocrx_word' id='word_1_158' title='bbox 523 2273 628 2339; x_wconf 91' lang='lat' dir='ltr'>nostri</span> <span class='ocrx_word' id='word_1_159' title='bbox 643 2271 822 2338; x_wconf 91' lang='lat' dir='ltr'>munimine</span> <span class='ocrx_word' id='word_1_160' title='bbox 837 2273 1006 2338; x_wconf 87' lang='lat' dir='ltr'>roboratas</span> <span class='ocrx_word' id='word_1_161' title='bbox 1025 2278 1057 2335; x_wconf 91' lang='lat' dir='ltr'>et</span> <span class='ocrx_word' id='word_1_162' title='bbox 1075 2269 1219 2338; x_wconf 85' lang='lat' dir='ltr'>alfabeto</span> <span class='ocrx_word' id='word_1_163' title='bbox 1235 2272 1427 2344; x_wconf 86' lang='lat' dir='ltr'>intercisas.</span> 
     </span>
     <span class='ocr_line' id='line_1_19' title="bbox 289 2377 1427 2467; baseline 0.005 -24"><span class='ocrx_word' id='word_1_164' title='bbox 289 2379 408 2443; x_wconf 89' lang='lat' dir='ltr'>Datum</span> <span class='ocrx_word' id='word_1_165' title='bbox 425 2399 483 2464; x_wconf 92' lang='lat' dir='ltr'>per</span> <span class='ocrx_word' id='word_1_166' title='bbox 499 2399 613 2446; x_wconf 91' lang='lat' dir='ltr'>manus</span> <span class='ocrx_word' id='word_1_167' title='bbox 638 2379 786 2463; x_wconf 82' lang='lat' dir='ltr'>Magistri</span> <span class='ocrx_word' id='word_1_168' title='bbox 816 2379 853 2444; x_wconf 90' lang='lat' dir='ltr'>B.</span> <span class='ocrx_word' id='word_1_169' title='bbox 885 2378 1030 2446; x_wconf 90' lang='lat' dir='ltr'>Lectoris</span> <span class='ocrx_word' id='word_1_170' title='bbox 1054 2377 1202 2445; x_wconf 84' lang='lat' dir='ltr'>Ecclesia</span> <span class='ocrx_word' id='word_1_171' title='bbox 1230 2387 1406 2464; x_wconf 88' lang='lat' dir='ltr'>prenotate</span> <span class='ocrx_word' id='word_1_172' title='bbox 1416 2433 1427 2467; x_wconf 87' lang='lat'><em>‚</em></span> 
     </span>
     <span class='ocr_line' id='line_1_20' title="bbox 291 2485 1429 2576; baseline 0.005 -26"><span class='ocrx_word' id='word_1_173' title='bbox 291 2505 377 2552; x_wconf 91' lang='lat' dir='ltr'>anno</span> <span class='ocrx_word' id='word_1_174' title='bbox 393 2485 524 2552; x_wconf 91' lang='lat' dir='ltr'>Domini</span> <span class='ocrx_word' id='word_1_175' title='bbox 542 2486 711 2554; x_wconf 91' lang='lat' dir='ltr'>millesimo</span> <span class='ocrx_word' id='word_1_176' title='bbox 729 2485 798 2554; x_wconf 79' lang='lat'>00⁰</span> <span class='ocrx_word' id='word_1_177' title='bbox 813 2486 1025 2570; x_wconf 87' lang='lat' dir='ltr'>nonagesimo</span> <span class='ocrx_word' id='word_1_178' title='bbox 1041 2505 1127 2576; x_wconf 87' lang='lat' dir='ltr'>nono</span> <span class='ocrx_word' id='word_1_179' title='bbox 1144 2486 1319 2570; x_wconf 83' lang='lat' dir='ltr'>;Gregorio</span> <span class='ocrx_word' id='word_1_180' title='bbox 1345 2487 1429 2556; x_wconf 91' lang='lat' dir='ltr'>Pre-</span> 
     </span>
     <span class='ocr_line' id='line_1_21' title="bbox 289 2592 1429 2680; baseline 0.005 -22"><span class='ocrx_word' id='word_1_181' title='bbox 289 2593 393 2678; x_wconf 86' lang='lat' dir='ltr'>posito</span> <span class='ocrx_word' id='word_1_182' title='bbox 410 2592 584 2680; x_wconf 84' lang='lat' dir='ltr'>Oatedrali,</span> <span class='ocrx_word' id='word_1_183' title='bbox 616 2593 753 2661; x_wconf 89' lang='lat' dir='ltr'>Nioolao</span> <span class='ocrx_word' id='word_1_184' title='bbox 785 2593 954 2678; x_wconf 88' lang='lat' dir='ltr'>Proposito</span> <span class='ocrx_word' id='word_1_185' title='bbox 983 2592 1091 2659; x_wconf 85' lang='lat' dir='ltr'>Sancti</span> <span class='ocrx_word' id='word_1_186' title='bbox 1115 2592 1303 2678; x_wconf 86' lang='lat' dir='ltr'>Saluatoris,</span> <span class='ocrx_word' id='word_1_187' title='bbox 1320 2595 1429 2665; x_wconf 90' lang='lat' dir='ltr'>Petro</span> 
     </span>
     <span class='ocr_line' id='line_1_22' title="bbox 292 2695 1442 2792; baseline 0.004 -28"><span class='ocrx_word' id='word_1_188' title='bbox 292 2696 441 2786; x_wconf 85' lang='lat' dir='ltr'>Contere,</span> <span class='ocrx_word' id='word_1_189' title='bbox 459 2698 615 2784; x_wconf 75' lang='lat' dir='ltr'>Gregorio</span> <span class='ocrx_word' id='word_1_190' title='bbox 632 2696 783 2784; x_wconf 84' lang='lat' dir='ltr'>Custode,</span> <span class='ocrx_word' id='word_1_191' title='bbox 807 2698 947 2784; x_wconf 84' lang='lat' dir='ltr'>Symone</span> <span class='ocrx_word' id='word_1_192' title='bbox 962 2695 1200 2767; x_wconf 77' lang='lat' dir='ltr'>brobidiacono</span> <span class='ocrx_word' id='word_1_193' title='bbox 1225 2700 1442 2792; x_wconf 75' lang='lat' dir='ltr'>delirasse,</span> 
     </span>
     <span class='ocr_line' id='line_1_23' title="bbox 293 2805 1430 2893; baseline 0.002 -21"><span class='ocrx_word' id='word_1_194' title='bbox 293 2806 488 2874; x_wconf 87' lang='lat' dir='ltr'>Sebastiano</span> <span class='ocrx_word' id='word_1_195' title='bbox 506 2813 539 2874; x_wconf 90' lang='lat' dir='ltr'>et</span> <span class='ocrx_word' id='word_1_196' title='bbox 548 2806 677 2874; x_wconf 87' lang='lat' dir='ltr'>Matheo</span> <span class='ocrx_word' id='word_1_197' title='bbox 701 2806 934 2893; x_wconf 76' lang='lat' dir='ltr'>sacerdotibus,</span> <span class='ocrx_word' id='word_1_198' title='bbox 960 2805 1102 2891; x_wconf 86' lang='lat' dir='ltr'>alijsque</span> <span class='ocrx_word' id='word_1_199' title='bbox 1126 2807 1161 2872; x_wconf 92' lang='lat' dir='ltr'>in</span> <span class='ocrx_word' id='word_1_200' title='bbox 1184 2807 1336 2874; x_wconf 83' lang='lat' dir='ltr'>Ecclesia</span> <span class='ocrx_word' id='word_1_201' title='bbox 1361 2809 1430 2876; x_wconf 85' lang='lat' dir='ltr'>Dei</span> 
     </span>
     <span class='ocr_line' id='line_1_24' title="bbox 292 2912 982 2998; baseline 0.001 -19"><span class='ocrx_word' id='word_1_202' title='bbox 292 2913 411 2998; x_wconf 88' lang='lat' dir='ltr'>iugiter</span> <span class='ocrx_word' id='word_1_203' title='bbox 428 2912 661 2981; x_wconf 82' lang='lat' dir='ltr'>famulantibus</span> <span class='ocrx_word' id='word_1_204' title='bbox 677 2913 818 2980; x_wconf 90' lang='lat' dir='ltr'>omnium</span> <span class='ocrx_word' id='word_1_205' title='bbox 836 2913 982 2981; x_wconf 85' lang='lat' dir='ltr'>creatori.</span> 
     </span>
    </p>
   </div>
   <div class='ocr_carea' id='block_1_10' title="bbox 290 3107 1439 3264">
    <p class='ocr_par' dir='ltr' id='par_1_10' title="bbox 290 3107 1439 3264">
     <span class='ocr_line' id='line_1_25' title="bbox 290 3107 1439 3177; baseline 0 -15"><span class='ocrx_word' id='word_1_206' title='bbox 290 3109 430 3174; x_wconf 81' lang='lat' dir='ltr'>(Eredetie</span> <span class='ocrx_word' id='word_1_207' title='bbox 442 3107 615 3177; x_wconf 74' lang='lat' dir='ltr'>borhlrtyaim</span> <span class='ocrx_word' id='word_1_208' title='bbox 629 3107 854 3176; x_wconf 82' lang='lat' dir='ltr'>hdrtyazsinegen</span> <span class='ocrx_word' id='word_1_209' title='bbox 867 3109 953 3176; x_wconf 74' lang='lat' dir='ltr'>saggo</span> <span class='ocrx_word' id='word_1_210' title='bbox 967 3107 1061 3176; x_wconf 72' lang='lat' dir='ltr'>pectet</span> <span class='ocrx_word' id='word_1_211' title='bbox 1072 3110 1163 3173; x_wconf 85' lang='lat' dir='ltr'>alatt;</span> <span class='ocrx_word' id='word_1_212' title='bbox 1177 3125 1194 3161; x_wconf 84' lang='lat' dir='ltr'>a</span> <span class='ocrx_word' id='word_1_213' title='bbox 1207 3110 1289 3161; x_wconf 89' lang='lat' dir='ltr'>budai</span> <span class='ocrx_word' id='word_1_214' title='bbox 1303 3110 1358 3162; x_wconf 78' lang='lat' dir='ltr'>lrir.</span> <span class='ocrx_word' id='word_1_215' title='bbox 1372 3111 1439 3163; x_wconf 76' lang='lat' dir='ltr'>ka-</span> 
     </span>
     <span class='ocr_line' id='line_1_26' title="bbox 706 3195 997 3264; baseline -0.003 -14"><span class='ocrx_word' id='word_1_216' title='bbox 706 3201 795 3252; x_wconf 88' lang='lat' dir='ltr'>marai</span> <span class='ocrx_word' id='word_1_217' title='bbox 807 3195 997 3264; x_wconf 76' lang='lat' dir='ltr'>lerdltdrban.)</span> 
     </span>
    </p>
   </div>
   <div class='ocr_carea' id='block_1_11' title="bbox 0 0 1570 5172">
    <p class='ocr_par' dir='ltr' id='par_1_11' title="bbox 0 0 1570 5172">
     <span class='ocr_line' id='line_1_27' title="bbox 0 0 1570 5172; baseline 0 0"><span class='ocrx_word' id='word_1_218' title='bbox 0 0 1570 5172; x_wconf 95' lang='lat' dir='ltr'> </span> 
     </span>
    </p>
   </div>
  </div>
 </body>
</html>
