3112 5158
353 1110 488 1196 Spuluto
504 1109 536 1174 es
555 1107 645 1173 ilco
659 1105 837 1172 dulceutici
862 1103 999 1170 udroselr
1014 1104 1100 1169 kbztc'
1116 1104 1279 1187 sabvetsey.
1297 1100 1393 1167 1291.

417 1319 455 1385 In
471 1320 534 1386 Dei
549 1318 678 1386 nomine
692 1318 806 1384 Amen.
821 1317 918 1382 Anno
933 1315 1123 1382 Natiuitatis
1150 1315 1296 1380 eiusdem
1322 1310 1443 1380 ibeo·

306 1425 519 1510 nonagesimo
550 1424 666 1511 primo,
699 1423 882 1492 indiccione
915 1429 1033 1505 quarta
1057 1422 1111 1487 dic
1135 1420 1243 1487 XXII.
1276 1421 1410 1488 Januari
1413 1423 1442 1506 j·

310 1533 415 1613 Quum
431 1541 543 1618 aperte
560 1553 654 1600 sacra
679 1538 813 1600 testetur
838 1530 1017 1616 Scriptura,
1042 1547 1175 1596 necesse
1201 1548 1274 1596 esse
1299 1535 1335 1596 rt
1361 1549 1432 1596 eue-

306 1643 400 1708 niant
415 1640 584 1724 scandala,
601 1646 633 1706 et
647 1659 704 1725 per
719 1640 792 1706 loca
808 1659 849 1704 ac
866 1637 1016 1704 ciuitates
1033 1637 1121 1704 orbis
1137 1643 1295 1703 terrarum
1320 1654 1435 1720 guerre

314 1769 354 1816 ac
367 1747 558 1836 pestilencia
573 1748 744 1834 sepissime
760 1747 906 1813 oriantur
925 1782 1202 1796 -----
1222 1743 1344 1829 scripta
1360 1763 1441 1808 com·

313 1858 425 1924 munia
441 1858 481 1923 de
497 1855 779 1942 persecucionibus
796 1861 829 1920 et
844 1855 972 1938 guerris
989 1853 1128 1921 inuicem
1151 1852 1298 1920 volentes
1313 1851 1439 1918 concul-

314 1985 399 2051 care,
418 1962 476 2030 sed
491 1966 603 2050 pocius
620 1965 664 2032 ad
680 1965 835 2032 honorem
851 1983 891 2029 ae
906 1960 1002 2028 iidem
1019 1961 1159 2027 debitam
1189 1961 1320 2044 gloriosi
1345 1957 1446 2044 Regis

313 2073 482 2158 Hungarie
492 2091 707 2140 conseruare:
726 2075 896 2156 propterea
916 2067 1093 2136 hisdiebus
1112 2069 1147 2134 in
1157 2067 1329 2152 presencia
1348 2065 1445 2132 inira·

317 2182 509 2265 scriptorum
521 2181 660 2264 testium,
677 2179 795 2246 nobilis
806 2177 865 2244 riri
877 2177 997 2243 domini
1011 2176 1221 2244 MichaPetri
1237 2175 1278 2244 de
1294 2175 1438 2261 Spalato,

314 2287 436 2354 Sindiei
462 2295 494 2354 et
504 2287 720 2372 procuratoris
745 2284 931 2353 Communis
950 2305 991 2352 ac
1006 2284 1221 2380 singularium
1231 2302 1441 2369 personarum

316 2393 466 2461 Ciuitatis
483 2393 620 2478 Spalati,
637 2399 733 2478 prout
748 2391 791 2460 de
807 2392 876 2459 eius
893 2381 1063 2459 Sindicatu
1079 2399 1169 2478 patet
1185 2411 1243 2478 per
1252 2391 1441 2458 instrumen-

317 2510 385 2569 tum
417 2501 582 2587 publicum
600 2537 1018 2551 -------
1035 2501 1161 2585 Notarij
1194 2498 1376 2566 coniectum
1403 2518 1441 2564 ex
1552 2531 1553 2534 ¹

315 2616 411 2694 parte
426 2628 511 2694 una;
528 2614 560 2674 et
574 2607 693 2676 nobilis
709 2605 771 2676 riri
794 2607 917 2674 domini
931 2607 1038 2675 Dessa
1054 2607 1190 2674 llursize
1207 2605 1248 2672 de
1272 2606 1442 2691 Tragurio,

315 2715 441 2782 Sindici
457 2726 488 2784 et
504 2715 719 2801 procuratoris
735 2714 924 2783 Communis
940 2722 973 2784 et
988 2714 1202 2800 singularium
1233 2733 1443 2802 personarum

314 2820 464 2891 Ciuitatis
479 2825 647 2911 Tragurij,
664 2832 699 2892 vt
716 2822 757 2890 de
774 2825 843 2892 eius
860 2823 1029 2890 Sindioatu
1040 2829 1168 2891 constat
1183 2823 1443 2910 perinstrumen·

311 2933 379 2995 tum
396 2931 559 3014 publicum
577 2934 611 2997 in
626 2951 727 2998 manu
746 2950 806 2998 sna
822 2930 1014 3016 conlectum,
1033 2950 1090 3014 per
1106 2949 1160 2998 me
1176 2932 1349 2998 Nicolaum
1374 2930 1442 2996 Pal·

313 3037 403 3124 merij
420 3036 591 3107 Notarium
607 3041 712 3106 visum
727 3039 893 3106 ellectum
910 3058 949 3105 ex
977 3046 1068 3124 parte
1097 3039 1219 3125 altera;
1247 3037 1444 3106 unanimiter

316 3149 349 3211 et
365 3147 569 3214 concorditer
593 3145 719 3216 Sindici
745 3165 855 3214 earum
882 3145 1057 3216 Ciuitatem
1082 3147 1219 3234 nomine,
1244 3155 1276 3215 et
1289 3147 1345 3222 ¹de
1369 3163 1443 3212 con·

313 3249 421 3337 sensu,
439 3255 610 3320 voluntate
625 3259 658 3321 et
674 3254 812 3321 licencia
827 3256 972 3341 ipsorum
990 3253 1214 3322 Communium
1231 3255 1379 3323 fecerunt
1399 3251 1443 3316 in·

314 3365 415 3448 tersa
451 3366 511 3427 etc.
539 3359 740 3447 societatem,
774 3361 956 3429 amiciciam
993 3370 1025 3428 et
1060 3363 1246 3447 generalem
1271 3367 1444 3448 unitatem,

313 3465 498 3532 habituram
515 3475 546 3566 et
563 3468 751 3536 duraturam
778 3470 865 3535 inter·
890 3469 979 3536 dicta
1004 3471 1196 3537 Communia
1220 3491 1277 3557 per
1302 3473 1445 3557 quinque

313 3591 417 3641 annos
432 3573 578 3658 proxime
595 3583 760 3662 venturos,
778 3575 987 3661 complendos
1006 3584 1038 3642 ct
1054 3577 1233 3662 continuos,
1250 3597 1348 3661 quam
1376 3581 1445 3662 qui·

314 3681 387 3749 dem
404 3681 590 3750 societatem
608 3689 640 3748 et
656 3683 808 3750 amiciam
826 3692 858 3750 et
874 3685 1028 3751 unitatem
1042 3686 1259 3772 promiserunt
1275 3685 1350 3752 dieti
1367 3685 1443 3753 Sin-

315 3789 379 3856 dici
396 3791 439 3858 ad
456 3789 593 3856 inuicem
610 3811 692 3859 snus
708 3792 804 3859 alteri
820 3793 950 3860 nomine
975 3794 1119 3879 ipsorum
1145 3793 1367 3860 Communium
1394 3817 1446 3861 vs·

313 3917 375 3980 que
390 3898 433 3965 ad
448 3897 629 3983 predictum
646 3905 773 3984 tempus
789 3905 899 3966 tenere
917 3907 949 3967 et
965 3901 1140 3968 obseruare
1169 3938 1206 3946 -
1229 3937 1266 3948 —
1290 3938 1326 3948 -
1349 3937 1387 3948 -
1412 3911 1443 3969 et

314 4003 484 4090 illibatam,
503 4025 566 4072 non
586 4007 788 4074 obstantibus
803 4008 965 4090 aliquibus
986 4008 1124 4092 casibus,
1144 4007 1309 4076 factisseu
1331 4011 1444 4078 condi-

313 4110 467 4199 cionibus,
485 4113 539 4196 qni
555 4113 794 4181 interuenerunt
811 4121 843 4180 et
862 4116 1067 4197 contigerunt
1079 4116 1372 4202 interOommnnia,
1393 4121 1445 4186 vel

312 4237 469 4302 personas
485 4221 736 4307 suprascriptas,
752 4241 809 4288 seu
826 4221 1127 4308 alicuiusipsorum.
1146 4223 1378 4303 l’romittentes
1399 4225 1445 4290 ad

312 4324 449 4394 inuicem
467 4326 527 4412 ipsi
544 4326 667 4393 Sindici
682 4347 765 4395 unus
782 4329 885 4413 alteri,
902 4329 1030 4396 nomine
1060 4337 1095 4396 vt
1113 4349 1221 4416 supra,
1247 4330 1382 4398 amicari
1411 4339 1445 4398 et

314 4433 474 4502 inimicari
485 4435 738 4518 quibuscumque
748 4434 980 4503 communibus
997 4439 1193 4525 etpersonis,
1206 4457 1269 4522 que
1286 4445 1318 4504 et
1328 4440 1446 4522 qualia

313 4541 492 4610 emicarent
507 4561 566 4611 seu
590 4542 796 4612 inimicarent
806 4544 902 4614 alteri
918 4545 1142 4614 Communium
1159 4545 1387 4632 predictorum,
1404 4567 1446 4615 ac
