3120 5172
614 305 770 406 EQ*

115 499 288 587 jndioare3
304 499 364 568 sed
381 497 411 566 si
425 495 545 583 aliquis
563 498 707 582 aliquam
719 497 885 567 senionem
903 499 1002 567 babet
1017 480 1133 568 eontra
1149 501 1256 586 ipsum

123 614 157 675 et
171 627 248 676 suos
261 607 404 694 populos
420 625 478 674 seu
490 605 704 693 yobegiones
730 605 938 692 experiantur
954 607 988 675 in
1005 609 1109 674 nostri
1124 625 1256 693 presan·

118 717 175 784 oia
198 717 279 785 iurIs
296 715 411 784 ordine
428 735 501 782 oum
518 714 653 800 eisdem,
671 721 704 781 et
718 734 778 802 per
793 735 854 786 nos
868 715 1032 784 iusticiam
1048 718 1169 801 poterit
1179 736 1255 786 oon·

121 823 214 914 sequi
229 825 424 913 pleniorem.
442 824 481 890 In
497 823 590 892 ouius
622 823 671 891 rei
686 825 876 891 memoriam
893 829 1151 912 perpetuamque
1165 825 1254 894 firmi

122 942 224 1002 tutem
249 939 422 1022 presentes
447 932 666 1002 eonoessimus
697 931 826 1000 litteras
857 930 1000 1018 dupliois
1030 931 1136 1017 sigilli
1152 933 1255 1001 nostri

122 1040 302 1108 munimine
318 1040 498 1108 roboratas.
513 1041 635 1107 Datum
645 1058 703 1125 per
713 1037 1037 1107 manusvenerabilis
1053 1039 1113 1107 riri
1132 1038 1255 1106 domini

122 1147 281 1234 Antbonij
298 1145 450 1234 Episeopi
468 1144 707 1216 Obanadiensis
733 1148 809 1216 aule
827 1153 938 1214 nostro
963 1146 1252 1232 Vise-Ganuellarij

121 1255 235 1324 dileeti
252 1262 285 1322 et
299 1253 408 1322 fideIIs
421 1256 525 1324 nostri
549 1276 637 1324 anno
657 1253 789 1322 Domini
804 1255 924 1323 wod
948 1254 1170 1340 ootuagesimo
1187 1251 1253 1341 (he

120 1361 301 1449 Iyesebben
317 1361 547 1449 nonagesimo)
567 1361 657 1432 VIII.
667 1361 771 1448 Regni
781 1367 889 1431 autern
900 1360 1003 1431 nostri
1024 1381 1112 1431 anno
1128 1369 1252 1430 ootauo.

121 1561 154 1626 (I.
167 1557 271 1627 Kkroly
282 1556 434 1626 kirtlynak
447 1561 527 1612 1819.
540 1561 618 1634 ffl-
631 1561 764 1614 kslendas
782 1559 852 1626 Julij
871 1558 1018 1627 „Magister
1037 1559 1157 1611 Miebael
1181 1561 1254 1612 filins

118 1649 250 1718 Stephni
274 1651 308 1702 de
333 1649 461 1702 Moroutb
485 1649 651 1702 aulenortre
669 1651 795 1718 juuenis‘
815 1649 937 1702 kbrbsdre
951 1649 1057 1704 Iriadott
1083 1650 1247 1717 megarbsitb

336 1734 520 1804 okmdnybbbl
531 1757 537 1798 ;
550 1755 567 1791 s
579 1739 661 1792 budai
674 1742 726 1792 kir.
741 1742 866 1794 Ismarai
884 1736 1075 1805 Isrdltdrban.)

646 2466 723 2534 loo.

114 2662 1251 2752 illitteratorumseposueram1293-kien90dotysc,meptetfoq-

114 2796 159 2840 oo
169 2775 264 2862 Moys
288 2771 461 2839 mesteraeb
477 2773 762 2858 o'sospysbs'sonyos
779 2769 1048 2859 Bikdsmeyy'eren
1064 2778 1095 2838 ds
1111 2797 1133 2837 a
1149 2773 1254 2839 dunat

112 2884 255 2967 uzipetes
270 2883 339 2947 laud
353 2879 495 2948 birtolrcit
511 2902 533 2944 a
542 2877 643 2946 dadai
649 2879 878 2966 senescerende'
892 2879 1181 2965 apdceazdrdciuak
1196 2880 1251 2946 bu·

512 2992 751 3074 pyoneouyozta.
767 2985 865 3052 1298.

227 3181 379 3250 Andreae
395 3183 458 3251 Dei
474 3181 954 3267 grauiaHnngurieDalmeoie,
973 3177 1119 3265 cronois,
1136 3180 1251 3267 Reme,

113 3289 243 3372 Seruio,
259 3287 408 3374 dalboia
424 3288 619 3356 Lodomerie
628 3338 638 3373 ,
657 3287 817 3357 Cumanis
832 3287 1051 3373 Bnlgarieque
1064 3288 1136 3353 Rex
1151 3287 1251 3353 omni·

114 3398 179 3464 bus
195 3393 316 3464 Christi
342 3395 494 3464 fidelibus
525 3403 593 3464 tam
626 3395 829 3483 presentibus
859 3415 958 3479 quarn
983 3394 1101 3462 futuris
1117 3413 1251 3479 presens

114 3505 275 3589 seriptum
289 3503 484 3590 inspeotnris
502 3505 642 3571 salutern
658 3505 694 3570 in
711 3524 771 3588 eo,
802 3503 855 3571 oni
869 3501 1011 3570 fleetitnr
1032 3521 1128 3570 omne
1153 3520 1250 3586 genu.

109 3610 269 3679 Altitudo
284 3609 399 3678 Diuini
417 3610 557 3699 consilii,
578 3630 642 3694 que
657 3611 691 3677 in
712 3631 772 3678 sua
791 3611 1012 3696 disposicione
1027 3631 1094 3677 non
1111 3609 1248 3690 fallitur,

113 3719 161 3788 ad
180 3719 241 3786 boe
255 3717 346 3785 Deus
364 3738 425 3786 nos
440 3721 691 3803 gubernatorem
717 3738 814 3804 snper
830 3723 944 3802 gentes
961 3725 994 3786 et
1008 3719 1124 3803 Regna
1139 3716 1248 3802 dispo·

111 3827 194 3912 suit,
211 3843 252 3892 ao
269 3843 343 3893 esse
359 3826 464 3893 uoluit
481 3827 660 3914 prinoipem
676 3828 909 3914 pturImorum,
928 3833 964 3893 ut
980 3825 1251 3912 oppressionibus

111 3932 371 4003 remediaremus
387 3932 587 4017 singulorum
608 3940 640 4001 et
659 3973 703 3983 -
714 3973 758 3983 -
770 3970 814 3984 -
837 3934 928 4001 oeulo
938 3933 1071 4019 pietatis
1087 3933 1251 4018 respicere

111 4043 273 4111 debemus
283 4058 441 4124 personas
453 4041 573 4108 Diuino
584 4041 684 4109 eultui
701 4042 899 4126 insistentes,
911 4060 951 4108 ae
961 4040 1027 4108 illis
1043 4042 1078 4108 in
1088 4047 1251 4127 tempora·

108 4150 280 4218 libustam
290 4145 528 4233 pieprouidere
538 4185 638 4200 -—-
649 4185 693 4198 -
703 4149 797 4218 nobis
809 4156 842 4215 et
850 4147 956 4234 Regni
967 4148 1125 4216 tutamine
1135 4168 1248 4235 preses

109 4258 254 4326 valeant
268 4254 406 4342 fundere
422 4255 579 4324 saluatori
588 4307 599 4342 ,
617 4276 689 4324 oum
705 4277 770 4324 non
796 4257 903 4324 solum
919 4276 1033 4341 arma,
1052 4257 1111 4326 sed
1128 4267 1161 4325 et
1176 4279 1249 4344 pre-

108 4387 169 4435 ses
188 4365 272 4433 iuste
288 4363 476 4432 uiueneium
492 4371 646 4434 tueantur
665 4367 812 4451 Regnum
838 4373 870 4433 et
894 4365 1021 4451 Regum
1039 4364 1249 4452 dyademate.

108 4469 260 4544 Proinde
286 4471 330 4540 sd
360 4471 588 4542 uniuersorum
619 4478 688 4542 tam
703 4473 911 4560 preseneium
944 4492 1044 4559 quarn
1068 4474 1250 4554 futurorum

104 4578 275 4650 nofieiam
291 4577 409 4671 berum
424 4581 510 4649 serIe
526 4579 676 4652 uolumus
691 4579 884 4668 peruenire,
916 4581 1002 4667 qnod
1023 4579 1178 4666 religiose
1193 4580 1250 4653 do·
