3112 5158
822 201 986 302 -ρρρ-

338 393 541 480 progreditur
557 403 589 462 et
604 395 721 463 transit
737 399 901 480 quandam
917 396 1085 478 sibullam,
1102 391 1273 461 deseendit
1287 395 1321 460 in
1337 392 1452 479 vallon,

338 523 434 587 quam
451 503 625 588 pertransit
642 503 749 571 adhue
765 505 807 572 ad
824 503 1001 592 meridiem,
1019 511 1051 570 ot
1068 502 1158 570 vadit
1174 521 1275 586 nsque
1300 499 1345 568 ad
1370 521 1453 567 vnan

338 613 486 678 arborem
502 610 612 698 bytfa,
628 610 661 676 in
677 631 742 696 qua
758 619 808 679 est
823 633 902 680 ornx
917 613 1042 698 posita;
1069 609 1280 678 ascendendo
1305 612 1338 674 in
1365 609 1450 676 berei
1531 613 1532 624 ’

338 720 437 786 enrrit
454 739 555 804 vsqne
571 717 614 784 ad
628 727 756 806 pratum
788 720 972 788 Tomalnka
988 727 1136 788 vocatum
1153 717 1197 784 ad
1212 717 1345 804 iontem,
1366 735 1451 803 snpra

339 847 435 912 quem
453 834 503 894 est
518 831 614 896 arbor
633 828 720 914 pomi
737 828 863 914 posita;
890 829 1007 896 dehine
1031 825 1179 894 aseendit
1195 825 1385 909 inqnodam
1410 847 1450 910 po·

339 933 407 1023 tols,
423 955 482 1020 per
497 955 591 1019 quem
608 937 709 1023 potok
725 937 829 1003 tendit
844 936 993 1022 superius
1009 955 1110 1019 osque
1125 933 1168 1001 ad
1184 941 1284 1019 eaput
1300 933 1452 1019 eiusdem

336 1041 376 1109 de
393 1043 482 1110 onius
509 1047 615 1132 eapite
640 1067 768 1133 semper
792 1046 836 1112 ad
861 1045 1029 1114 meridiem
1055 1046 1157 1114 tendit
1180 1066 1282 1130 vsqne
1306 1047 1348 1111 ad
1377 1049 1454 1130 alpes

336 1171 484 1236 magnas,
501 1153 542 1218 de
560 1153 674 1234 quibus
691 1153 822 1238 alpibus
838 1155 975 1222 reflectit
991 1175 1028 1221 se
1043 1153 1087 1221 ad
1113 1153 1322 1234 omittentem,
1350 1162 1383 1220 et
1406 1153 1448 1218 de·

336 1259 464 1325 stendit
480 1259 514 1324 in
531 1267 627 1345 eaput
642 1261 732 1346 flnnij
757 1261 910 1346 Lubelle,
942 1281 998 1345 per
1024 1281 1119 1345 quem
1138 1259 1270 1326 fluuium
1296 1259 1452 1327 deseendit

337 1365 471 1433 inferius
496 1387 597 1451 usqne
609 1368 797 1453 adprimnm
815 1369 931 1456 looum,
948 1377 980 1434 et
995 1369 1040 1434 ibi
1052 1368 1253 1434 terminatur.
1274 1369 1343 1434 Nos
1367 1368 1452 1450 igitur
1531 1433 1532 1440 ρ

336 1473 579 1542 considerantes
590 1475 746 1560 obsequia
770 1475 880 1543 fidelia
897 1477 1040 1544 eiusdem
1061 1476 1204 1560 Petri‚in
1221 1476 1340 1559 quibus
1358 1493 1449 1540 noran
1531 1481 1532 1540 3

336 1580 436 1648 oeulis
446 1589 555 1647 nostro
566 1581 745 1648 Maiestatis
757 1582 982 1668 multiplieiter
996 1583 1110 1648 meruit
1121 1581 1333 1666 eomplaoere,
1343 1580 1448 1646 dietam
1531 1609 1532 1650 r

333 1697 450 1756 terram
468 1709 525 1756 seu
536 1689 645 1754 villam
658 1687 839 1756 Chermoira
850 1697 1001 1756 vocatam
1013 1691 1046 1755 in
1057 1691 1190 1774 prefixis
1200 1691 1294 1756 metis
1305 1697 1338 1754 et
1350 1689 1450 1755 limitat
1531 1669 1532 1764 i

332 1793 645 1878 olonibusdedimns‚
662 1794 854 1863 donauimos
872 1806 904 1863 et
928 1797 1119 1880 reliquimus
1135 1817 1175 1863 ao
1199 1783 1392 1862 contulimus
1415 1795 1448 1858 ei·

276 1945 279 1952 ,
333 1903 1449 1987 deniPetro,etpereumsuisheredibusheredumquesnoeessorihns
1531 1915 1532 1990 ῖ

331 2015 399 2079 iure
410 2019 565 2098 perpetuo
577 2019 609 2078 et
617 2012 875 2079 irreuooabiliter
888 2011 1151 2097 possidendamet
1161 2011 1448 2078 habendamlnen-
1531 2061 1532 2140 ἢ

333 2123 382 2188 ins
392 2118 438 2186 rei
455 2121 640 2185 memoriam
656 2121 903 2202 firmitatemque
913 2127 1099 2205 perpetuam
1111 2118 1153 2185 ad
1163 2118 1358 2184 instanciam
1377 2118 1449 2182 eius·
1531 2157 1532 2198 ρ

330 2229 402 2292 nem
418 2227 506 2314 Patri
517 2233 683 2312 presentes
699 2227 917 2294 oonoessimus
927 2227 1054 2293 litteras
1067 2225 1234 2312 duppliois
1246 2225 1344 2309 sigilli
1355 2223 1445 2290 nostri

330 2332 506 2397 munimine
524 2335 702 2402 roboratas.
719 2336 838 2399 Datum
855 2355 912 2419 per
929 2353 1044 2400 manns
1061 2334 1259 2400 venerabilis
1276 2333 1336 2398 viri
1354 2338 1383 2397 et
1407 2330 1447 2396 di·

332 2439 427 2508 soreti
459 2440 606 2524 Magistri
637 2440 800 2508 Theodori
829 2443 989 2526 Propositi
1014 2441 1167 2508 Albensis
1199 2439 1348 2506 Eoolesio
1378 2440 1447 2503 aule
1531 2489 1532 2504 ,

329 2559 435 2616 nostre
453 2548 742 2634 Viae-Canoellarij
759 2549 864 2616 fidelis
882 2557 916 2616 et
931 2550 1043 2616 dileoti
1069 2551 1181 2634 nostri,
1208 2567 1294 2614 anno
1324 2545 1446 2612 Domini

328 2657 499 2722 millesimo
515 2656 735 2723 ducentesimo
751 2658 961 2738 nonagesimo
978 2657 1088 2743 tercio,
1107 2655 1210 2737 Regni
1226 2661 1334 2722 autern
1351 2652 1446 2720 nostri
1531 2681 1532 2692 ρ

330 2785 415 2830 anno
430 2763 539 2830 toreio.

326 2961 463 3026 (Eredetie
476 2976 508 3013 az
521 2959 687 3026 Okolesrlnyi
703 2958 798 3012 nsalid
813 2959 1008 3015 lovelrtntbnn.
1023 2966 1046 3013 N
1049 2961 1109 3013 ahai
1124 2962 1263 3026 Szontagir
1278 2959 1376 3012 Daniel
1388 2963 1447 3012 lens·

820 3052 963 3118 lenitum)

783 3339 987 3346 w-
