3098 5172
126 544 254 603 tnatam
271 537 368 604 certis
384 538 479 604 motis
497 544 530 602 et
543 535 688 603 terminis
707 535 848 620 undique
880 537 1116 606 circumdatam
1134 547 1166 606 et
1191 543 1260 609 ual-

126 642 232 709 latam
248 641 479 728 Gueredystha
497 643 550 709 nel
567 641 745 730 Hydwygb
761 648 912 710 uocatam
929 651 987 712 aut
1012 652 1160 734 uocatas,
1187 665 1260 716 eum

126 749 279 817 omnibus
309 749 377 817 suis
401 749 617 837 utilitatibus,
644 749 761 815 Gemiti
787 749 910 816 Tbeme
935 750 1005 818 filie
1029 751 1198 823 Benedicti
1222 754 1265 824 de

126 857 251 946 Beend,
267 864 299 924 et
315 855 445 924 demine
460 858 553 925 rxeri
570 855 724 942 eiusdem,
749 860 852 924 seueri
865 854 1014 926 videlieet
1038 879 1096 927 sue
1121 862 1261 950 carnali,

127 985 305 1050 eorumque
319 964 495 1034 heredibus
511 964 711 1053 contulisset,
729 964 918 1035 tradidisset
933 967 969 1033 in
995 975 1198 1055 perpetuum,
1229 976 1260 1037 et

127 1072 284 1156 dedisset,
302 1081 397 1160 prout
413 1073 446 1140 in
458 1074 560 1141 altere
571 1073 745 1160 priuilegio
771 1081 884 1142 nestro
910 1075 1051 1143 uidimus
1082 1077 1261 1146 contineri:

127 1181 241 1265 itaque
262 1181 335 1267 ipse
351 1181 476 1248 Gemite
491 1183 617 1248 Thema
628 1181 770 1268 ¹populos
787 1201 886 1268 supra
909 1182 996 1249 hane
1020 1191 1140 1252 terram
1167 1205 1260 1253 suam

126 1296 371 1376 congregante,
398 1309 473 1356 eece
498 1290 585 1357 idem
611 1289 769 1374 Magister
792 1289 986 1358 Benedictus
1012 1292 1150 1364 eundem
1174 1291 1257 1359 The·

124 1414 215 1460 mam
233 1401 266 1461 et
282 1415 392 1464 omnes
409 1395 597 1479 iebagienes
614 1417 698 1478 sues,
716 1415 797 1480 ques
813 1395 928 1465 habuit
944 1417 1043 1484 snper
1066 1397 1129 1466 hae
1154 1407 1252 1488 terra,

128 1504 385 1586 consequeneius
401 1504 511 1590 sepius
526 1501 727 1571 destruendo
743 1503 925 1593 aufugerit,
952 1507 1156 1591 eandemque
1182 1527 1255 1593 pes·
1327 1555 1330 1562 .

127 1611 310 1679 sessionem
327 1611 558 1700 (ineredystba
573 1612 626 1679 uel
650 1611 829 1699 Hydwygh
853 1621 1003 1680 uocatam
1028 1615 1258 1701 potencialiter

128 1720 316 1808 occupauit,
331 1719 538 1807 percipiendo
555 1720 702 1789 redditus
718 1721 789 1788 siue
813 1719 934 1789 fruetus
960 1719 1056 1788 buius
1082 1722 1262 1808 possessio·

126 1825 180 1892 nis
196 1828 318 1894 tetales
335 1828 477 1912 quinque
493 1829 591 1894 aunis
607 1829 660 1896 uel
685 1847 784 1914 supra
811 1827 876 1894 iarn
903 1828 1034 1912 elapsis.
1059 1828 1164 1914 Igitur
1188 1829 1261 1914 ipse

127 1934 246 2002 Comes
255 1935 398 2003 Thomas
407 1935 547 2002 eundem
557 1933 748 2020 Magistrum
760 1935 971 2004 Benedictum
981 1943 1014 2002 et
1024 1935 1184 2021 quosdam
1194 1955 1261 2004 scr·

127 2042 255 2108 nieutes
271 2063 346 2110 suos
363 2063 423 2129 pro
438 2044 506 2110 suis
533 2043 683 2129 dampnis
698 2042 741 2109 ad
768 2044 992 2127 quadraginta
1017 2065 1146 2112 marcas
1167 2044 1256 2135 judi·

125 2148 225 2216 ciarie
238 2149 433 2236 computatis
450 2149 494 2217 ad
509 2150 720 2218 Presenoiam
736 2151 881 2236 Regiam·
894 2157 1075 2238 auecasset,
1091 2151 1253 2236 siquidem

126 2265 196 2324 tam
213 2277 315 2342 super
330 2257 482 2344 dampnis
498 2259 576 2343 suis,
592 2275 756 2342 quamque
772 2277 869 2344 super
894 2258 983 2324 laete
1009 2259 1106 2326 huius
1131 2279 1257 2345 posses·

125 2363 228 2432 sienis
245 2365 289 2432 ab
304 2364 450 2450 utrisque
464 2353 610 2451 partibus
625 2364 742 2432 fuisset
758 2366 889 2449 longius
916 2367 1129 2452 disceptatum
1155 2367 1260 2450 Regio

125 2475 161 2540 in
179 2480 367 2560 conspeetu.
383 2471 622 2541 Niebilemiuus
637 2473 710 2560 ipse
725 2475 882 2558 Magistro
899 2473 1076 2542 Benediete
1092 2493 1164 2541 cum
1189 2474 1256 2542 suis

124 2581 349 2649 seruientibus
365 2589 480 2648 centra
497 2580 656 2649 Comitem
672 2582 832 2649 Themam
849 2581 883 2647 in
901 2581 1047 2666 pluribus
1059 2581 1196 2668 judicijs
1215 2582 1259 2650 le·

124 2689 244 2772 gitime
260 2689 420 2772 eenuiete,
437 2690 521 2756 sieut
535 2689 569 2755 iu
585 2689 724 2757 diuersis
740 2690 874 2777 paribus
902 2689 1082 2758 litterarum
1105 2689 1258 2757 Judieum

126 2795 227 2862 Gurie
245 2795 367 2862 demini
383 2797 480 2882 Regis
497 2804 529 2863 et
544 2803 729 2864 uestrarum
755 2796 895 2865 uidimus
919 2797 1088 2881 contineri,
1111 2817 1252 2880 namque

125 2903 278 2990 partibus
296 2903 422 2969 diucius
450 2903 720 2992 alterquantibns,
747 2911 779 2971 et
804 2905 936 2970 tandem
964 2904 1005 2971 de
1031 2904 1200 2971 uoluntate
1225 2911 1259 2970 et

124 3012 346 3098 permissione
361 3011 518 3095 Regiase
543 3012 879 3098 compromittentibus
905 3011 938 3076 in
963 3001 1113 3094 arbitres,
1140 3029 1254 3076 secun·

125 3119 204 3184 dum
221 3137 358 3202 querum
374 3117 552 3207 arbitrium,
569 3115 724 3185 videlicet
740 3117 874 3184 Comitis
898 3117 1027 3202 Kemyn
1053 3116 1188 3184 Comitis
1220 3115 1261 3182 de

123 3226 260 3293 Berena
276 3224 333 3310 filij
353 3224 489 3292 Comitis
514 3225 689 3310 Laurencij
716 3223 879 3310 quendam
910 3223 1074 3310 Palatini;
1104 3227 1180 3291 item
1198 3225 1256 3290 Ce-

123 3331 218 3399 mitis
235 3332 347 3399 Andre
372 3332 429 3420 filij
447 3333 554 3420 Petri,
585 3334 758 3400 Benceuoh
786 3332 846 3418 filij
873 3329 1013 3418 Martini,
1045 3331 1200 3398 nobilium
1218 3331 1259 3396 de

124 3463 251 3528 genere
283 3439 449 3526 Budmyr;
481 3441 558 3509 item
583 3441 717 3508 Comitis
743 3439 880 3507 Ornelth
904 3439 963 3524 filij
991 3439 1096 3524 Ylarij
1129 3437 1170 3504 dc
1202 3457 1258 3522 ge·

122 3571 208 3618 nere
224 3549 408 3637 Mempthy;
437 3550 516 3616 item
543 3549 706 3636 Mykaelis
721 3547 777 3632 filij
808 3548 974 3635 Mykaclis
999 3547 1040 3614 de
1070 3546 1161 3614 iuxta
1191 3547 1259 3613 Ka·

121 3679 225 3744 rasu5
244 3658 322 3724 item
353 3658 469 3724 Beeka
497 3656 555 3734 filii
583 3657 731 3723 Marcelli
758 3653 892 3723 Oemitis
924 3655 963 3721 de
983 3653 1154 3743 Chytbou;
1180 3654 1258 3721 item

121 3765 267 3833 Comitis
282 3764 371 3832 Petri
388 3765 447 3853 diij
465 3763 580 3831 Buehk
599 3765 640 3831 de
665 3765 813 3851 Bermen,
841 3772 872 3830 et
899 3760 1032 3830 Comitis
1057 3763 1169 3846 Buryn
1193 3760 1256 3848 filij

120 3877 242 3961 Bnryn
258 3872 299 3940 de
314 3871 490 3958 Heresthy,
507 3873 654 3940 Mereeth
670 3873 765 3958 Nigri
782 3874 823 3940 de
838 3873 956 3959 Peray,
973 3873 1086 3942 Jacebi
1114 3870 1170 3956 filij
1197 3871 1259 3937 Pe·

120 3985 253 4067 rualeu,
270 3981 428 4048 nobilium
455 3981 635 4049 Comitatus
659 3981 701 4048 de
725 3981 866 4066 Barana,
893 3979 1093 4064 aliorumque
1116 3981 1259 4047 virerum

119 4089 288 4159 nobilium
305 4089 641 4177 compreuineialium,
657 4097 768 4177 partes
785 4087 1021 4157 concordarunt
1036 4089 1070 4154 in
1090 4088 1175 4153 hunc
1191 4105 1259 4154 me·

119 4200 205 4266 dum
222 4217 333 4264 ceram
350 4197 462 4264 uobis:
478 4197 611 4266 Scilicet
627 4199 697 4286 ipse
713 4196 829 4265 Cernes
846 4197 986 4264 Thomas
1013 4202 1144 4281 propter
1160 4195 1257 4282 piem

118 4303 343 4390 cegnacienis
359 4305 512 4374 affectum
529 4312 562 4373 et
573 4325 717 4374 amorem
727 4305 866 4392 benigne
877 4303 1152 4388 condescendens,
1163 4322 1257 4370 snum

117 4421 230 4482 tetum
248 4411 428 4498 dampnum
444 4419 655 4480 memoratum
671 4414 715 4482 ad
731 4411 949 4498 quadraginta
964 4430 1092 4478 mareas
1108 4429 1166 4496 per
1191 4428 1260 4476 ees·

117 4527 202 4592 dem
217 4519 433 4588 arbitrateres
448 4521 647 4588 numerando
663 4528 903 4609 eemputatum;
918 4523 995 4588 item
1011 4525 1115 4587 tetam
1135 4517 1254 4604 percie-

116 4648 201 4698 nem
217 4647 312 4696 snam
328 4627 362 4692 in
379 4625 573 4712 supradictis
584 4626 722 4714 judieijs
738 4628 800 4697 sibi
817 4628 960 4700 debitam
977 4633 1010 4698 et
1026 4625 1197 4696 debentem
1213 4629 1259 4695 ad
