3112 5158
148 1119 177 1181 A
201 1119 484 1204 gyalafebdrcdri
498 1120 725 1204 bdptolaoaolt
742 1121 1012 1208 bizonyadgleoelc,
1030 1124 1114 1210 bogy
1129 1126 1273 1192 crolnoki

148 1225 347 1312 vdrjobbdgy
362 1227 466 1292 Jtaoa
482 1227 626 1291 Marozel
634 1227 687 1309 fio
720 1228 838 1292 Pc‘ntelt
852 1225 1052 1314 belysdgddco
1067 1230 1136 1297 leod
1151 1234 1274 1299 motolo
1393 1229 1396 1234 ’

278 1333 423 1400 birtoltdt
438 1335 554 1398 Losalc
568 1333 690 1417 adalgi
709 1325 879 1420 oojddaale
892 1335 1008 1400 eladta.
1026 1337 1122 1405 1292.

256 1527 440 1614 Capitulum
455 1529 603 1596 Ecclesia
619 1530 714 1596 Beati
730 1530 898 1598 llioabelis
919 1531 1094 1615 Arcangeli
1109 1533 1270 1601 Transsil·
1372 1577 1374 1582 -

148 1656 232 1703 nane
247 1637 408 1704 uniuersis
424 1636 545 1702 Christi
561 1635 710 1706 fidelibus
726 1645 793 1704 tam
809 1641 1016 1725 presentibus
1033 1659 1130 1722 quam
1156 1639 1273 1710 futuris

145 1763 282 1828 presens
296 1744 451 1829 scriptum
467 1745 664 1832 inspecturis
680 1745 819 1812 salutem
834 1746 867 1810 in
877 1746 993 1812 salutis
1011 1747 1178 1830 largitore.
1196 1748 1273 1815 Vni·

147 1872 312 1920 uersorum
340 1853 459 1920 notioie
483 1853 597 1919 harum
624 1854 708 1920 serie
736 1853 958 1922 declaramus:
984 1854 1079 1932 Quod
1104 1857 1273 1926 Johannes

146 1961 230 2027 filins
246 1961 404 2044 Marcelli,
421 1981 521 2046 nepos
538 1962 672 2027 Martini
689 1961 747 2046 filij
765 1959 865 2049 Vasa,
885 1961 1014 2044 iobagio
1031 1960 1137 2030 castri
1155 1963 1197 2030 de
1213 1964 1273 2031 Zo-

146 2070 222 2154 nuk,
240 2069 455 2153 personaliter
471 2090 579 2136 coram
596 2071 690 2138 nobis
708 2069 1068 2156 comparendo,te1·ram
1095 2092 1187 2138 suam
1220 2073 1272 2140 he-

145 2176 341 2263 reditariam,
358 2184 393 2243 ut
408 2177 495 2245 idem
523 2178 615 2263 dixit,
631 2177 676 2246 ad
693 2179 880 2264 porcionem
896 2178 965 2244 eius
983 2179 1016 2242 in
1033 2179 1173 2262 quadam
1185 2187 1272 2247 terra

144 2285 271 2352 Pentek
288 2287 455 2352 nominata
470 2287 647 2372 cedentem,
673 2286 763 2354 Baba
780 2291 811 2351 et
835 2284 918 2368 Ood,
942 2286 1170 2368 iobagionibus
1195 2288 1272 2354 dicti
1374 2275 1376 2282 ’

144 2393 259 2480 Castri,
275 2413 335 2477 pro
352 2413 398 2479 se,
416 2400 449 2458 et
464 2393 539 2478 alijs
564 2393 794 2478 iobagionibus
820 2393 964 2460 eiusdem
991 2394 1097 2460 Casiri
1122 2396 1272 2462 similiter

141 2501 354 2587 personaliter
369 2495 549 2567 astantibus
565 2507 597 2567 et
621 2521 813 2568 eonsensum
839 2500 1078 2586 exhibentibus,
1106 2523 1179 2570 cum
1206 2524 1270 2570 om·

139 2610 233 2675 nibus
259 2609 456 2676 utilitatibus
482 2609 550 2674 suis
575 2615 608 2674 ct
632 2609 852 2694 pertinencijs,
870 2609 963 2675 siluis
989 2607 1125 2695 scilicet,
1151 2613 1264 2696 pratis,

142 2714 268 2801 tenetis,
284 2723 317 2781 et
333 2714 460 2801 rynulo,
477 2716 537 2782 sub
555 2715 676 2783 eisdem
692 2715 835 2800 antiquis
862 2716 967 2802 metis,
984 2717 1097 2801 signis,
1125 2737 1183 2782 seu
1209 2725 1269 2784 ter-

141 2825 248 2911 minis,
266 2823 473 2908 quibusoam
499 2821 584 2889 idem
610 2823 777 2890 Johannes
802 2823 917 2891 habuit
943 2830 974 2890 et
999 2826 1154 2913 possedit,
1181 2827 1270 2894 dedit

138 2933 275 2999 tradidit
290 2939 323 2998 ct
338 2932 595 2999 irreuocabiliter
611 2929 759 2999 vendidit
775 2930 931 2999 Ladizlao
947 2930 1127 3017 Woyuode,
1154 2938 1186 2997 et
1211 2951 1269 3015 per

138 3058 208 3104 eum
224 3040 297 3106 suis
313 3040 554 3107 successoribus
574 3038 643 3107 iure
659 3045 817 3125 perpetuo
835 3037 1065 3125 possidendam
1082 3045 1114 3104 et
1148 3037 1265 3104 haben-

139 3143 222 3230 dam,
239 3166 299 3232 pro
317 3146 430 3230 viginti
446 3148 566 3214 marcis
577 3146 721 3232 argenti,
738 3148 779 3213 ab
792 3145 905 3214 eodem
915 3144 1067 3210 Ladizlao
1079 3143 1261 3229 Woyuode,

112 3253 115 3256 ’
137 3253 218 3320 sicut
234 3253 324 3319 idem
340 3252 509 3322 lohannes
526 3254 618 3338 dixit,
636 3274 693 3338 per
710 3253 847 3319 eundem
863 3252 960 3338 plene
985 3251 1108 3317 habitis
1133 3259 1165 3316 et
1190 3271 1264 3334 per·

137 3362 253 3446 ceptis,
271 3361 461 3428 condicione
477 3361 704 3428 nichilominus
722 3359 904 3426 huiusmodi
930 3359 1104 3445 mediante,
1121 3357 1207 3442 quod
1223 3361 1266 3425 ab

137 3469 285 3536 omnibus
300 3469 415 3535 litibus
433 3475 464 3534 et
480 3468 702 3552 questionibus
718 3469 787 3534 ullo
803 3485 957 3548 umquam
968 3473 1112 3551 tempore
1132 3465 1262 3532 racione

136 3575 217 3642 dicte
235 3583 323 3642 terre
340 3595 398 3660 per
415 3573 600 3658 quempiam
612 3573 863 3660 emergentibus,
881 3581 1062 3658 protectum
1071 3572 1264 3638 Ladizlaum

138 3683 338 3768 Woyuodam
365 3682 451 3748 idem
468 3681 636 3749 lohannes
653 3683 794 3768 proprijs
810 3681 974 3750 laboribus
991 3690 1022 3748 et
1039 3681 1191 3766 expensis
1219 3687 1263 3746 te-

136 3789 262 3857 nebitur
279 3789 444 3876 expedire.
461 3791 498 3856 In
515 3790 607 3856 cuius
623 3791 670 3856 rei
686 3791 906 3858 testimonium
934 3796 1190 3876 perpetuamque
1214 3788 1263 3852 lir-

137 3897 291 3983 mitatcm,
308 3898 352 3964 ad
367 3899 561 3984 peticionem
580 3905 612 3965 et
627 3897 822 3964 instanciam
840 3895 1065 3982 predictorum,
1096 3903 1261 3980 presentes

136 4007 356 4073 concessimus
373 4006 499 4072 litteras
517 4007 694 4073 munimine
710 4005 811 4072 nostri
829 4004 931 4087 sigilli
948 4004 1125 4092 robotatas.
1143 4005 1263 4069 Datum

132 4115 291 4198 Magistro
306 4113 469 4180 Michaele
494 4114 684 4200 Preposito,
711 4112 869 4195 Gregorio
895 4109 1044 4192 (lentore,
1068 4111 1174 4176 Paulo
1200 4111 1260 4176 Cu-

128 4220 235 4304 stode,
249 4219 351 4286 Saule
367 4219 499 4286 Decano
528 4220 675 4288 lleclesie
704 4225 814 4286 nostre
840 4215 1063 4304 existentibus,
1091 4236 1177 4282 anno
1203 4217 1264 4283 Do·

127 4327 212 4394 mini
227 4323 351 4392 ΜῡΟΟ0
366 4328 578 4411 nonagesimo
603 4324 753 4394 secundo.
999 4333 1002 4340 ’

123 4525 270 4594 (Ersdetie
283 4518 462 4591 borhtrtytn,
475 4522 570 4593 pscsdt
593 4521 698 4587 ntlkut,
724 4537 741 4575 e
766 4521 830 4589 grdl
852 4519 930 4575 stus
953 4520 1045 4576 esaldd
1072 4519 1261 4578 levdltirdban

488 4613 671 4670 soloasvtrtt.
686 4611 774 4669 eraut
787 4609 903 4680 xtxoty)

1114 4701 1155 4769 60
