3170 5166
658 945 734 1011 296.

143 1137 180 1203 A
192 1141 289 1226 pdccc'
303 1140 532 1225 lcdptulaunclc
540 1141 688 1226 jetecrue
704 1144 767 1210 ΙΙΙ.
783 1144 892 1210 Endrc
906 1145 1086 1254 kirdlybpz,
1096 1113 1178 1234 bogy
1195 1149 1281 1214 Kou-

225 1247 292 1311 rcid
307 1257 416 1312 meato·
430 1246 560 1332 Kopcics
575 1247 764 1315 dirtclcctbau
780 1253 1003 1318 ctutudltatott.
1021 1255 1071 1320 Eu
1087 1256 1202 1320 ueluti.

258 1440 535 1508 Excellentissimc
551 1443 680 1510 domino
705 1465 764 1513 suo
788 1445 927 1532 Andree,
959 1447 1023 1513 Dei
1052 1448 1167 1532 gracia
1197 1447 1279 1534 Regi

144 1547 327 1634 Hungaric,
345 1547 530 1634 Capitulum
547 1547 895 1644 Quinqucecclesiensc
905 1553 1074 1622 oraciones
1084 1555 1118 1618 in
1128 1555 1279 1621 Domino.

148 1653 303 1742 Receptis
319 1655 438 1723 litteris
453 1653 587 1724 Comitis
605 1657 728 1746 Thomu
760 1659 910 1745 Magistri
941 1661 1038 1728 Curis
1070 1667 1176 1728 uestre
1208 1681 1280 1728 cum

156 1761 282 1830 Thoma
297 1763 363 1830 filio
378 1763 549 1850 Laurencij
568 1763 608 1830 de
624 1765 808 1852 Gueresthy
823 1769 956 1836 homine
986 1775 1103 1853 uestro,
1136 1775 1281 1835 nostrum

143 1869 313 1937 :hominem
331 1869 479 1937 Cosmam
497 1871 752 1954 prebendarium
779 1874 926 1941 Ecclesia
957 1881 1069 1942 nostre
1102 1875 1281 1942 transmisi-

151 1997 233 2065 mus,
249 1983 284 2043 ut
301 1996 410 2044 coram
427 1997 466 2045 eo
482 1975 577 2045 homo
593 1985 701 2046 uester
716 2000 775 2065 pro
791 1980 879 2047 lactc
895 1981 1115 2069 principali,et
1131 2000 1189 2064 pro
1207 1989 1279 2046 octo

151 2085 295 2173 iudicijs,
312 2085 480 2170 inquibus
497 2084 651 2152 Nicolaus
682 2085 767 2152 filius
785 2087 957 2173 Laureucij
990 2087 1135 2154 Palatini
1167 2095 1280 2155 contra

140 2193 340 2276 ‚Magistrum
358 2191 552 2259 (iuuandum
567 2191 770 2277 dignoscitur
800 2195 1008 2286 remansisse,
1041 2193 1179 2262 eundem
1209 2193 1278 2259 Ma·

144 2297 286 2383 gistrum
303 2299 489 2366 introducat
503 2299 537 2365 in
553 2299 790 2384 possessionem
817 2301 954 2386 Kopach
985 2309 1147 2386 uocatam,
1181 2319 1278 2384 quam

150 2406 236 2473 idem
252 2407 410 2489 Magister
429 2407 609 2475 Corrardus
625 2407 705 2474 dicit
721 2428 794 2476 esse
819 2427 921 2496 suam,
953 2415 985 2476 et
1016 2429 1075 2495 per
1104 2407 1277 2474 Nicolaum

36 2511 39 2526 '
147 2513 376 2600 potencialiter
392 2501 593 2599 occupatam,
611 2535 632 2580 a
648 2513 700 2580 die
716 2515 969 2584 introduccicnis
985 2517 1100 2600 lusque
1126 2517 1273 2600 quintum

151 2622 314 2689 decimum
342 2619 429 2686 diem
461 2622 585 2704 absque
616 2620 759 2707 dampno
791 2623 935 2690 eiusdem
969 2641 1217 2706 permansurum
1248 2625 1281 2688 in

140 2729 276 2815 eadem,
292 2727 320 2796 si
335 2747 403 2794 non
418 2729 511 2794 tieret
520 2728 765 2809 contradictum,
776 2729 1069 2796 contradictoribus
1086 2731 1120 2796 in
1137 2735 1281 2796 uestram

150 2837 352 2921 presenciam
368 2835 525 2921 euocatis,
541 2835 658 2904 scriem
683 2835 762 2902 facti
797 2842 904 2904 cestre
936 2837 1039 2921 Regis
1070 2837 1281 2904 Excellencie

140 2943 409 3012 rescriberemus.
425 2941 581 3028 Idemque
598 2943 742 3010 Thomas
759 2943 853 3009 homo
870 2947 978 3010 uester
1003 2961 1075 3009 curn
1090 2941 1205 3009 eodem
1225 2942 1279 3010 bc-

139 3053 236 3118 mine
251 3057 361 3119 nostro
378 3049 421 3117 ad
436 3071 496 3118 nos
512 3049 639 3119 rediens
655 3050 748 3118 nobis
765 3047 874 3118 retulit
889 3049 967 3118 uiua
983 3069 1081 3135 uoce;
1098 3048 1185 3133 quod
1201 3049 1272 3133 ipse

150 3165 301 3244 presente
316 3156 446 3224 bomine
462 3165 573 3226 nostro
590 3158 623 3223 in
640 3157 724 3225 festo
734 3157 944 3226 Ascensicnis
956 3155 1086 3224 Domini
1096 3151 1281 3222 accedendo

138 3265 289 3335 eundem
320 3265 514 3352 Magistrum
530 3265 726 3334 Corrardum
743 3265 921 3334 introduxit
946 3267 982 3332 in
1013 3265 1173 3352 prefatam
1204 3280 1281 3347 pos·

136 3374 328 3442 sessionem
344 3373 485 3460 Kopach
500 3380 651 3440 uocatam
667 3393 725 3457 pro
742 3371 830 3440 lacto
845 3373 1034 3458 principali,
1051 3379 1083 3438 et
1108 3391 1167 3458 pro
1199 3367 1280 3435 iudi-

149 3481 213 3566 cijs
229 3479 437 3566 supradictis,
454 3479 586 3547 citando
602 3479 740 3548 eundem
771 3478 944 3546 Nicolaum
974 3479 1076 3546 filium
1106 3474 1279 3559 Laurencij

141 3587 294 3656 ‹I’alatini
310 3593 423 3654 contra
437 3587 631 3672 Magistrum
648 3585 843 3653 Oorrardum
859 3587 901 3654 ad
912 3593 1056 3655 uestram
1067 3585 1281 3672 presenciam,

148 3695 324 3763 terminum
339 3693 494 3762 videlicet
523 3693 685 3778 quindene
715 3691 896 3760 residencie
926 3693 1090 3779 presentis
1122 3691 1283 3759 exercitus

149 3799 359 3888 assignando.
376 3799 441 3868 Sed
458 3801 535 3887 quia
551 3799 666 3868 eadem
682 3806 768 3867 terra
784 3799 924 3886 Kupach
940 3803 991 3865 est
1006 3817 1111 3864 vacua
1127 3803 1160 3864 et
1191 3797 1282 3864 habi-

149 3909 310 3979 tatoribus
325 3909 494 3994 destituta,
511 3929 553 3977 ex
569 3927 607 3976 eo
622 3909 717 3976 homo
734 3913 843 3976 uester
867 3909 901 3974 in
926 3905 1084 3974 conicinis
1115 3903 1203 3972 villis
1235 3904 1281 3970 di·
1366 3975 1371 3988 ,

148 4018 208 4104 xit,
228 4017 316 4104 quod
331 4018 366 4084 in
382 4018 526 4105 predicto
543 4017 680 4084 termino
696 4015 784 4084 idem
799 4015 956 4083 Nicolaus
982 4011 1199 4098 personaliter
1229 4009 1283 4076 de

136 4125 228 4194 ‘ineu
243 4143 431 4212 comparere
447 4145 555 4192 coram
571 4123 663 4192 uobis
680 4143 778 4210 super
787 4123 874 4191 lacto
884 4119 1054 4210 principali
1064 4118 1282 4205 peremptorie

150 4251 379 4321 responsurus,
397 4235 521 4300 stante
537 4231 781 4317 responsionem
797 4249 888 4298 suam
906 4233 1020 4298 contm
1046 4223 1183 4293 eundem
1214 4224 1295 4292 Ma·¹

145 4341 289 4429 gistrum
305 4337 500 4408 (lorrardum
514 4333 700 4408 satisfaciat
715 4337 749 4404 in
764 4336 894 4425 iudicijs
911 4333 1117 4423 supradictis,
1134 4333 1281 4417 alioquin

140 4449 229 4520 nuic
245 4446 384 4533 negocio
399 4447 496 4514 linem
511 4445 657 4514 debitum
674 4445 857 4532 imponetis.
872 4443 914 4510 llt
930 4443 991 4510 bec
1016 4439 1059 4508 ad
1087 4439 1281 4526 peticionem

136 4554 287 4627 tComitis
303 4553 426 4624 'lhcme
441 4554 566 4625 iudicis
582 4553 677 4623 Curis
693 4557 802 4621 uestro
818 4548 1024 4619 Excellencic
1051 4553 1160 4692 caspe
1190 4546 1282 4615 duxi-

1068 4657 1110 4725 28
