3112 5158
580 249 737 350 Ab.

85 437 222 504 Domino
237 437 479 524 sempiternam.
496 441 547 508 Ad
573 445 796 511 rniuersorum
822 445 976 513 noticiam
1002 453 1113 516 tencre
1142 470 1214 536 pra·

86 544 227 611 sensium
245 548 394 614 volumus
410 549 591 633 peruenire,
619 550 704 635 quod
729 553 844 618 Petrus
869 553 953 620 filius
978 553 1151 640 Seraphini
1175 559 1216 626 de

86 649 269 722 Okelichna
284 655 325 722 dc
351 655 458 742 Lypto
483 657 526 722 ad
552 664 696 726 nostram
722 660 936 742 personaliter
961 663 1121 732 accedens
1147 687 1216 750 prc-

84 763 227 828 senciam
243 765 344 849 peciit
366 784 425 830 nos
441 785 513 830 cum
530 764 704 853 instancia,
721 773 755 832 vt
771 775 915 835 nostrum
942 771 1141 838 mitteremus
1159 770 1215 838 ho·

85 869 214 951 minem,
231 889 341 938 eoram
359 891 422 953 quo
438 879 542 954 metas
570 879 654 939 terre
679 893 748 957 suc,
775 873 855 941 ville
880 877 1006 945 scilicet
1032 878 1213 947 Ohermona

83 986 199 1046 vocate
217 980 247 1047 in
266 981 372 1064 Lypto
389 981 566 1069 existentis,
584 1003 681 1065 quam
698 1003 737 1050 ex
755 983 930 1052 collacione
947 983 1069 1052 domini
1095 987 1217 1054 Ladiz·

82 1087 127 1154 lai
143 1087 283 1154 illustris
300 1089 400 1172 Regis
416 1088 585 1172 Hungarie
602 1089 711 1159 fratris
728 1093 830 1160 nostri
861 1093 1028 1160 karissimi
1056 1097 1212 1180 patruelis

85 1195 167 1260 bone
197 1197 352 1263 memorie
384 1196 585 1279 dignoscitur
611 1197 788 1284 possidere,
825 1199 924 1266 vellet
950 1221 1120 1269 renouare.
1146 1203 1214 1269 Nos

84 1303 184 1386 igitur
208 1305 303 1371 iustis
319 1312 352 1371 et
378 1305 550 1387 legittimis
575 1306 792 1391 peticionibus
819 1307 963 1376 ciusdem
989 1308 1213 1376 fauorabiliter

82 1409 231 1478 inclinati
248 1410 399 1479 fidelibus
415 1412 534 1478 nostris
549 1411 719 1499 Proposito
735 1421 767 1479 et
783 1412 965 1482 concentui
996 1417 1039 1483 de
1055 1415 1206 1483 Tburucb

82 1519 228 1585 dedimus
259 1519 379 1586 nostris
402 1519 517 1586 litteris
544 1520 577 1586 in
603 1520 786 1610 mandatis,
815 1529 850 1588 rt
875 1523 1036 1590 mitterent
1066 1541 1107 1589 ex
1124 1523 1207 1608 ipsis

85 1645 181 1690 vnum
197 1624 300 1692 virum
334 1625 484 1694 idoneum
501 1649 559 1713 pro
576 1626 762 1694 testimonio
788 1628 996 1713 fidedignum,
1023 1649 1130 1696 coram
1147 1651 1209 1712 quo

88 1731 201 1798 Comes
218 1731 385 1800 Jobannes
402 1734 489 1802 iilius
506 1737 678 1804 Mossonza
702 1735 854 1804 officialis
880 1738 919 1803 de
934 1737 1030 1823 Lipto
1058 1739 1208 1821 Magistri

88 1841 243 1924 Demetrij
262 1841 398 1908 Comitis
414 1842 455 1908 de
471 1843 584 1908 Zolum
604 1841 712 1908 dilecti
729 1849 760 1908 et
785 1842 889 1910 tidelis
906 1847 1009 1910 nostri
1034 1843 1130 1911 bomo
1158 1865 1211 1912 no·

82 1955 154 2032 ster,
173 1949 378 2032 presentibus
395 1950 545 2016 omnibus
562 1951 794 2016 commetaneis
812 1956 843 2016 et
868 1949 985 2017 vicinis
1011 1951 1098 2018 dicte
1123 1959 1208 2018 torre

87 2054 265 2121 Chermcna
280 2063 405 2142 vocate,
416 2057 554 2122 eandem
565 2059 792 2142 r·eambulet,et
803 2059 894 2123 iuxta
910 2063 1034 2125 veteres
1052 2066 1156 2125 metas
1173 2067 1205 2122 ct

85 2162 230 2245 antiquos
246 2182 349 2230 nouas
367 2164 521 2247 erigendo
537 2168 693 2231 statueret
707 2165 804 2230 Patro
819 2163 991 2246 antedicto,
1018 2162 1046 2230 si
1062 2184 1126 2230 non
1154 2165 1206 2231 tic·

86 2278 130 2336 ret
147 2269 394 2358 contradictum,
421 2271 714 2338 contradictoribus
740 2271 966 2338 nichilominus
992 2271 1034 2336 ad
1059 2280 1204 2338 nostram

89 2380 287 2460 presenciam
315 2381 470 2446 euocatis.
498 2378 559 2456 Qui
587 2379 720 2462 quidem
746 2379 937 2464 Propositus
964 2387 996 2444 et
1021 2377 1208 2446 conuentus

86 2485 211 2552 demum
228 2487 321 2553 nobis
339 2488 572 2572 rescripserunt
588 2487 621 2553 in
637 2489 698 2553 hec
714 2491 830 2554 verba:
855 2485 948 2563 Quod
973 2487 1139 2554 misissent
1166 2507 1206 2552 cx

82 2592 159 2674 ipsis
175 2595 307 2662 fratrem
326 2595 473 2662 lilerium
490 2617 548 2679 pro
566 2595 751 2663 testimonio
783 2595 994 2682 fidedignnm,
1011 2595 1064 2678 qui
1091 2603 1206 2679 postea

81 2719 149 2768 cum
167 2704 281 2770 eodem
299 2705 423 2770 Comite
442 2703 594 2770 Johanne
611 2704 742 2770 bomine
758 2710 865 2770 nostro
882 2702 925 2768 ad
943 2703 1071 2771 eosdem
1083 2705 1205 2770 reuersi

81 2811 281 2878 crrnmrditcr
295 2811 490 2898 retulissent,
509 2810 594 2893 quod
610 2811 825 2877 accessissent
840 2807 884 2874 ad
900 2808 1017 2876 faciem
1035 2817 1118 2876 tcrre
1134 2810 1204 2877 siue

86 2917 159 2984 uille
175 2924 361 3004 memorate,
379 2927 410 2984 et
428 2916 615 2984 conuocatis
632 2917 779 2986 omnibus
796 2919 1023 2985 commetaueis
1039 2925 1071 2983 et
1086 2916 1202 2983 ricinis

53 3043 59 3054 ·
82 3023 218 3092 eandem
234 3027 606 3112 reambulassent,iuxta
622 3031 746 3092 veteres
765 3034 869 3093 metas
890 3025 1199 3107 etantiquasnouas

87 3133 247 3216 erigendo,
258 3135 510 3218 statuissemque
520 3134 586 3220 ipsi
600 3134 696 3200 Petro
707 3133 776 3199 iure
792 3139 949 3217 perpetuo
960 3131 1202 3216 possidendam,

85 3240 169 3310 nulio
193 3243 323 3326 ponitus
354 3241 597 3311 contradictore
620 3241 789 3308 existente.
815 3241 899 3306 Mete
923 3245 1032 3305 autem
1057 3237 1201 3305 eiusdem

79 3355 163 3414 terre
179 3367 235 3414 seu
261 3349 351 3436 ville,
368 3355 465 3435 prout
489 3372 549 3418 nos
574 3351 606 3415 in
632 3350 751 3417 litteris
779 3347 954 3416 eorundem
980 3346 1139 3433 Propositi
1170 3352 1202 3411 ot

78 3453 261 3524 Contentus
278 3458 407 3544 plenius
432 3459 572 3524 vidimus
598 3458 767 3544 contineri,
794 3458 854 3522 boc
880 3455 994 3522 ordine
1019 3453 1198 3539 distingun-

79 3568 146 3627 tur:
162 3564 270 3632 Prima
287 3572 375 3632 meta
389 3565 503 3652 incipit
529 3567 561 3632 in
578 3567 675 3634 fluuio
691 3565 828 3633 Lubclla
843 3570 959 3632 vocato
990 3563 1120 3645 inloto,
1145 3561 1199 3628 vbi

75 3669 205 3750 quidam
224 3671 349 3738 riuulus
366 3671 452 3738 cadit
468 3675 502 3738 in
518 3672 625 3758 ipsum
641 3673 784 3755 fluuium,
802 3690 860 3756 per
877 3691 970 3755 quem
988 3667 1118 3736 fluuium
1146 3687 1195 3734 as·

75 3774 181 3842 cendit
196 3779 240 3843 ad
256 3785 382 3864 partem
399 3780 591 3847 orientalem
609 3800 709 3864 usque
725 3778 768 3846 ad
786 3778 908 3844 fontem
926 3797 983 3846 seu
1001 3783 1099 3860 caput
1115 3773 1196 3841 eius·

73 3880 144 3949 dem
160 3885 266 3971 riuuli,
299 3888 340 3954 de
356 3907 419 3970 quo
435 3889 544 3972 capite
559 3873 664 3955 tendit
680 3905 782 3972 usque
799 3907 841 3952 au
858 3886 1006 3954 arborem
1031 3887 1125 3964 amat,
1157 3882 1197 3949 do

70 4013 136 4073 qua
152 3996 265 4060 arbore
282 3995 375 4063 uadit
390 4015 491 4078 usque
508 3995 551 4060 ad
568 3997 670 4063 aliam
686 3997 833 4062 arborem
851 3996 948 4080 aulfo,
980 4013 1081 4078 supra
1099 4013 1194 4077 quarn

70 4098 173 4168 affixa
187 4107 236 4168 est
253 4121 331 4168 crux
347 4103 381 4168 in
398 4103 565 4170 cacumine
591 4104 727 4188 montis;
754 4102 874 4191 dehinc
899 4102 997 4167 currit
1022 4106 1054 4166 et
1078 4101 1195 4168 transit

71 4207 230 4274 modicam
246 4209 373 4296 siluam,
392 4210 541 4294 peruenit
556 4207 599 4278 ad
615 4227 711 4276 vnum
727 4208 859 4293 fontem,
875 4207 915 4274 de
941 4227 1005 4290 quo
1031 4207 1135 4276 flectit
1159 4229 1195 4275 sc

68 4315 109 4379 ad
141 4317 308 4384 meridiem
324 4338 425 4402 nsque
441 4319 485 4384 ad
500 4339 598 4386 rnam
614 4317 761 4385 arborem
786 4303 909 4400 smeret,
938 4335 1001 4400 que
1026 4335 1124 4402 super
1151 4337 1186 4382 so

64 4424 207 4492 continet
223 4445 359 4514 crucem,
376 4427 583 4496 ascendendo
602 4425 749 4512 posthoc
765 4425 873 4493 adbuc
898 4443 1001 4509 voque
1025 4423 1126 4492 ad-
1147 4467 1184 4476 -

66 4569 108 4583 --
127 4533 296 4603 urendiem
323 4554 436 4606 versus
461 4533 630 4605 descendit
654 4534 689 4602 in
704 4531 866 4617 quoddam
892 4537 1042 4618 muciani-3
1073 4531 1192 4600 abhinc
