3098 5172
746 207 901 346 ...m

260 465 327 529 pan
343 444 507 526 predictus
524 441 644 506 iurabit
660 460 756 526 super
773 461 823 527 eo,
840 443 927 524 quod
944 443 1014 526 ipse
1025 463 1090 510 non
1106 444 1264 528 receperit
1274 464 1387 526 equam

260 551 426 636 Hcydrich
443 551 484 616 de
500 549 651 616 Soklous'.
680 551 759 615 Item
779 549 899 617 iurabit
917 550 1031 617 Comes
1057 553 1196 637 Koppan
1224 573 1321 636 srrpcr
1345 573 1392 639 eo,

261 658 349 742 quod
367 660 400 722 in
418 657 608 741 recepoione
625 676 731 722 rerum
749 657 835 722 Dees
862 676 981 740 expers
999 658 1040 722 sit
1068 667 1100 723 et
1126 657 1288 725 immunis.
1313 659 1391 726 Item

261 764 374 830 eodem
394 764 447 830 die
465 770 496 828 et
513 763 585 829 loco
603 763 716 830 Comes
733 763 849 829 Omoin
867 765 990 829 iurabit
1007 783 1108 848 super
1133 786 1182 848 eo,
1211 766 1297 848 quod
1324 767 1393 850 ipsc

261 872 377 937 Comes
393 873 532 956 Koppnn
549 867 655 934 0000
672 871 797 936 cubitos
823 872 963 936 telarum
996 879 1028 936 ct
1054 893 1152 936 unam
1180 892 1323 939 marcam
1349 875 1393 938 ab

263 977 451 1044 Andornico
484 978 524 1042 de
558 975 702 1043 Soklous
730 979 889 1061 receperit
919 978 993 1044 sine
1033 998 1148 1061 causa,
1191 987 1309 1045 extunc
1339 978 1394 1046 Co-

263 1103 332 1150 mes
368 1087 504 1168 tioppau
538 1081 654 1148 reddet
686 1084 809 1149 ablata.
842 1087 923 1150 Item
957 1086 1068 1151 eodem
1101 1086 1154 1152 dic
1185 1093 1218 1152 ct
1248 1087 1393 1153 locoCo·

262 1210 331 1256 mcs
348 1192 489 1276 Koppan
504 1192 626 1258 iurabit
642 1211 739 1274 super
756 1211 805 1270 eo,
836 1193 923 1275 quod
951 1195 1022 1277 ipsc
1047 1216 1067 1257 a
1092 1195 1194 1260 Paulo
1219 1195 1286 1258 titio
1314 1193 1394 1259 Gur·

263 1317 324 1379 gus
342 1298 382 1363 dc
407 1297 547 1364 Sokious
566 1296 669 1364 CCCC
701 1301 788 1365 sales
817 1319 882 1365 non
909 1301 1076 1385 receperit.
1104 1300 1183 1366 Item
1211 1307 1281 1384 ipse
1307 1301 1393 1383 Kop·

261 1422 327 1486 pan
358 1404 481 1468 iurabit
511 1425 608 1488 super
633 1426 690 1490 eo,
709 1405 795 1488 quod
821 1407 893 1490 ipse
910 1407 1073 1490 quendam
1097 1407 1304 1490 iobagionem
1324 1409 1390 1472 Ma-

261 1509 355 1592 gistri
370 1511 447 1576 Jula
463 1511 683 1593 insequentem
716 1515 769 1577 vel
800 1513 1017 1594 requirentem
1049 1521 1187 1598 quatuor
1219 1533 1297 1580 oues
1316 1535 1391 1581 suas

263 1621 449 1685 subtractas
476 1621 693 1703 oaptiuauerit
718 1629 884 1704 repertum
911 1629 1065 1702 tanquam
1091 1621 1193 1686 furari
1220 1622 1391 1687 uolentem.

262 1725 345 1791 Item
362 1727 472 1792 eodem
500 1729 553 1792 die
579 1735 611 1792 et
637 1729 709 1794 loeo
736 1727 893 1810 Magister
919 1729 1046 1813 Kemyn
1074 1729 1197 1793 iurabit
1221 1748 1319 1811 super
1344 1750 1390 1814 eo,

262 1833 350 1914 quod
367 1833 438 1917 ipsc
456 1835 509 1900 uel
528 1833 676 1901 homines
693 1835 742 1900 sui
759 1838 791 1898 in
810 1836 912 1918 equis,
928 1835 960 1900 in
987 1835 1177 1922 pecudibus,
1205 1837 1238 1900 in
1266 1837 1389 1901 salibus

261 1959 282 2004 a
299 1939 454 2024 Gregorio
472 1951 504 2007 et
520 1941 695 2006 Salomone
711 1941 941 2023 iobagionibus
961 1943 1106 2023 Magistri
1117 1942 1193 2008 Jnla
1204 1941 1390 2025 recipiendo

262 2067 315 2112 res
331 2048 506 2133 dampnum
524 2048 566 2112 ad
585 2047 727 2115 ualorem
746 2049 918 2114 duodecim
936 2069 1118 2115 uraroarnm
1146 2069 1208 2114 non
1236 2051 1391 2132 intulerit,

261 2155 296 2218 in
312 2154 372 2220 hoc
389 2157 461 2239 ipsc
479 2164 511 2220 et
537 2156 683 2222 tromiucs
710 2158 760 2222 sni
786 2157 851 2221 sint
878 2163 1028 2241 expertos
1056 2163 1088 2221 ct
1113 2157 1281 2221 immunes.
1310 2159 1388 2220 Item

261 2269 377 2334 Comes
394 2265 510 2331 Omoin
527 2265 646 2330 iurabit
663 2285 823 2350 supereo,
841 2265 926 2348 quod
952 2267 1061 2348 Matoy
1085 2266 1215 2348 iobagio
1242 2265 1390 2348 Magistri

262 2375 341 2441 Jula
358 2393 398 2437 ex
414 2373 472 2437 illo
490 2373 623 2436 uulnere
640 2371 742 2437 eidem
760 2392 816 2456 per
832 2371 978 2438 homiues
997 2372 1145 2454 Magistri
1157 2373 1283 2456 Memyn
1294 2372 1386 2436 illato

261 2489 406 2548 mortuus
425 2481 540 2562 t'uerit3
568 2487 685 2544 extunc
711 2481 869 2559 Magister
895 2479 1023 2564 Kemyn
1049 2480 1154 2544 soluet
1183 2479 1389 2544 homicidium

263 2587 417 2670 ciusdem,
434 2587 518 2650 sicut
534 2587 779 2651 consuetudinis
797 2586 897 2650 estin
916 2588 1035 2668 Itcgno.
1054 2589 1133 2651 Item
1160 2585 1316 2666 Magister
1331 2588 1390 2650 Kc·

261 2717 339 2781 myn
355 2716 413 2780 pro
446 2697 581 2786 qulncre
599 2695 728 2760 Nicolai
762 2693 872 2758 fratris
908 2694 1052 2759 ciusdem
1081 2696 1190 2778 Matey
1216 2695 1309 2782 dabit
1337 2695 1387 2759 de·

262 2823 332 2869 cem
348 2803 493 2888 pondera
510 2804 713 2868 denariorum
729 2805 938 2880 Budensium..
958 2805 1036 2868 Item
1054 2803 1125 2884 ipsc
1150 2802 1306 2882 Magister
1331 2801 1390 2866 Ke-

262 2931 415 2995 mynpro
447 2910 569 2995 pecude
594 2909 736 2992 quadam
771 2909 863 2974 dabit
903 2930 1001 2976 unum
1029 2910 1194 2974 fertonem.
1220 2907 1302 2972 Item
1335 2929 1389 2993 pro

262 3021 369 3084 altera
401 3020 522 3106 pecude
556 3021 637 3083 sciet
668 3019 839 3085 ueritatem
871 3019 942 3102 ipse
975 3019 1132 3100 Magister
1150 3019 1296 3102 Kemyn3
1315 3024 1347 3083 ct
1362 3017 1389 3083 si

260 3128 391 3192 sciuerit
407 3125 552 3192 homiues
569 3146 644 3191 suos
661 3126 831 3209 recepisse,
849 3126 950 3191 ceiam
967 3126 1056 3190 dabIt
1074 3126 1228 3189 fertonem
1256 3144 1314 3208 pro
1342 3145 1389 3189 ea.

260 3236 341 3300 Item
359 3235 391 3299 in
409 3235 532 3300 eisdem
551 3235 675 3298 octauis
692 3233 801 3297 Sancti
820 3233 951 3297 Nicolai
967 3234 1110 3297 Thomas
1129 3231 1169 3295 dc
1188 3231 1279 3296 chd
1308 3233 1390 3296 iura·

262 3341 310 3406 Irit
327 3363 422 3426 super
439 3364 486 3428 eo,
505 3343 589 3424 rprrod
606 3341 698 3423 Moys
717 3339 796 3405 duos
814 3342 912 3405 boues
931 3340 1059 3404 Vasard
1077 3338 1262 3420 iobagionis
1290 3339 1389 3428 Magi·

262 3429 320 3515 stri
338 3450 414 3515 Jula
432 3471 496 3513 uon
513 3449 681 3530 receperit.
698 3451 779 3512 Item
796 3447 963 3512 Iohannes
982 3445 1023 3509 dc
1035 3446 1211 3511 Touthfolu
1224 3448 1251 3510 si
1262 3447 1390 3511 iuraue-

264 3555 315 3641 rit,
341 3555 424 3636 quod
458 3556 600 3638 Koppan
626 3555 690 3618 trin
715 3556 808 3637 paria
834 3573 1001 3618 ocrearum
1028 3554 1210 3633 iobagionis
1236 3552 1387 3634 Magistri

261 3661 530 3746 Julareceperit3
547 3668 663 3725 cxtnno
689 3679 746 3741 pro
774 3661 820 3724 eis
847 3661 960 3725 Comes
985 3659 1126 3742 Koppan
1154 3659 1245 3722 dabit
1273 3677 1390 3723 nouem

263 3770 416 3854 pondera.
435 3771 516 3835 Item
542 3769 698 3850 Magister
724 3769 851 3852 Iiemyn
878 3787 975 3849 super
1000 3767 1165 3832 abcisione
1186 3767 1283 3830 trium
1310 3765 1390 3848 digi-

262 3886 365 3942 torum
382 3877 495 3941 relicte
511 3875 692 3956 iobagionis
711 3873 859 3958 Magistri
876 3873 951 3939 Jule
968 3873 1209 3940 satisfacturum
1220 3893 1256 3938 se
1268 3875 1388 3955 ascrip-

262 3985 313 4051 sit.
330 3987 413 4050 Item
430 4004 526 4069 super
542 3981 627 4048 facto
642 3981 791 4048 rndchm
808 3984 905 4048 boum
923 3981 1055 4046 Comitis
1082 3983 1190 4066 Botyn
1219 3989 1251 4046 ct
1278 3981 1384 4047 fratris

263 4095 315 4157 sui
332 4091 464 4157 Andrec
481 4091 734 4172 interrogabitur
749 4091 905 4173 Magister
925 4090 1093 4156 Johanues
1118 4089 1205 4154 filius
1222 4087 1387 4173 Ladynlai,

262 4201 291 4268 si
307 4197 444 4285 predicti
461 4198 561 4263 boues
576 4198 698 4282 recepti
714 4197 748 4263 in
776 4197 858 4262 uilla
884 4217 943 4263 sua
969 4199 1034 4264 sint
1059 4195 1194 4261 (inmitis
1221 4197 1328 4282 Botyn
1354 4203 1385 4261 et

261 4308 373 4374 fratris
390 4307 458 4391 sui;
476 4315 507 4373 et
525 4308 552 4371 si
571 4305 746 4373 eorundem
773 4304 902 4387 fuerint,
929 4311 1046 4372 extunc
1073 4305 1231 4388 Magister
1256 4306 1385 4388 Kcmyn
1481 4311 1483 4315 ‘

261 4415 377 4483 reddet
393 4413 515 4482 eisdem
533 4415 586 4479 uei
601 4411 700 4479 factet
716 4411 804 4480 reddi
823 4432 883 4497 per
909 4412 1064 4478 Comitem
1091 4411 1242 4496 Kappan‚
1268 4412 1387 4478 Johan·

261 4544 334 4592 nem
350 4521 568 4603 Cumanicum,
587 4521 689 4606 syro,
708 4523 916 4605 lampertum
934 4529 965 4587 et
982 4513 1192 4606 Lodyziaum,
1213 4519 1266 4584 uel
1285 4520 1390 4584 refun-
