3120 5172
830 349 989 449 *erc

331 543 496 630 proxima
521 551 595 629 post
625 543 743 610 festum
773 543 868 610 Beati
895 543 1026 629 Georgij
1059 545 1201 612 martiris
1226 565 1313 614 anuo
1344 547 1476 614 Domini

333 651 381 718 ..ut
389 651 468 718 ⁰00⁰
482 650 696 735 nonagesimo
712 656 837 718 octauo.

386 845 420 912 (Α
433 848 563 914 pozsonyi
575 843 764 914 iriptalaunalr
777 847 889 898 leti-ki
902 843 1066 910 tmntib613
1079 863 1095 900 a
1108 849 1191 899 budai
1204 847 1256 902 kir.
1270 851 1397 902 kamarai
1408 852 1442 902 le·

739 929 742 938 ’
863 933 1029 1004 veltdrbau.)

340 1953 384 2020 ..A
401 1955 519 2041 schcsc'
549 1954 778 2038 kdptclaacalc
809 1955 1088 2041 bizccpadplccelc,
1119 1957 1202 2044 kopp
1228 1955 1360 2020 Jordda
1384 1976 1480 2022 wacca

339 2061 484 2130 ..Nadast
506 2059 696 2126 timescat
713 2064 886 2147 oppressit
903 2063 1012 2128 eludia
1043 2061 1158 2128 Hence
1190 2063 1355 2128 ccmccadc
1387 2064 1480 2127 1198.
1552 2059 1553 2132 l

461 2254 645 2340 Capitulum
661 2255 808 2322 Ecclesie
823 2257 936 2322 Sancti
961 2255 1091 2324 Martini
1117 2255 1159 2326 de
1184 2256 1307 2344 Scepus
1333 2257 1482 2324 omnibus

353 2361 473 2431 Christi
488 2361 639 2429 fidelibus
656 2361 772 2444 quibus
787 2373 955 2448 presentes
972 2362 1184 2432 ostenduntur
1199 2363 1337 2430 salutem
1354 2364 1388 2427 iu
1414 2383 1478 2430 om-
1553 2449 1554 2454 Ἰ

350 2459 444 2538 'nium
455 2469 628 2538 saluatore.
646 2466 805 2546 Quoniam
823 2471 977 2537 memorie
993 2469 1479 2556 nouercaturcbliui03dignnm

354 2588 413 2666 est,
430 2586 464 2646 ut
480 2585 555 2646 aeta
569 2573 792 2664 temporaliter
806 2584 902 2662 gesta
917 2578 1073 2665 scripture
1088 2579 1275 2646 testimonio
1294 2579 1477 2646 fulciantur.

354 2684 494 2754 Proinde
508 2684 553 2750 ad
567 2683 792 2752 uniuersorum
807 2684 961 2754 noticiam
977 2693 1090 2752 tenore
1106 2685 1308 2770 presencium
1334 2686 1481 2752 volumus
1554 2721 1555 2756 1

356 2791 534 2880 peruenire,
565 2791 650 2875 quod
682 2793 878 2860 constitutus
901 2812 1011 2861 coram
1036 2794 1130 2861 nobis
1155 2791 1327 2861 Yordanus
1352 2794 1476 2880 Comes,

343 2901 456 2967 ‚irater
471 2899 605 2967 Arnoldi
620 2898 766 2987 Comitis,
783 2921 856 2968 cnm
871 2899 939 2968 lilio
953 2921 1012 2969 suo
1028 2900 1210 2991 Nychelao,
1226 2922 1285 2988 pro
1311 2919 1346 2969 sc
1356 2907 1387 2967 et
1411 2901 1477 2968 lilio

355 3028 415 3075 suo
430 3005 574 3074 Amcldo
590 3027 631 3073 ex
655 3015 748 3093 parte
774 3027 848 3089 vua,
872 3006 987 3075 Heuch
1015 3009 1128 3077 Comae
1152 3029 1254 3094 gener
1278 3008 1476 3077 venerabilia

355 3103 459 3202 patria
476 3114 597 3182 domini
614 3117 717 3182 nostri
743 3113 775 3180 J.
801 3114 1013 3182 miseracione
1037 3116 1158 3182 Diuiua
1183 3115 1338 3202 Episcopi
1362 3116 1481 3202 Scepu·

356 3223 471 3291 siensis
488 3241 529 3288 ex
545 3223 669 3308 altera3
685 3221 772 3288 idem
789 3221 961 3298 Yordauus
979 3219 1093 3290 Comes
1110 3223 1325 3308 personaliter
1340 3229 1387 3290 est
1404 3243 1478 3289 ccu-

356 3333 481 3398 fessus:
497 3329 584 3413 quod
601 3329 643 3396 de
657 3337 744 3397 terra
759 3349 820 3396 sua
837 3327 879 3395 de
895 3337 984 3396 terra
999 3349 1060 3397 sua
1075 3329 1115 3395 de
1131 3329 1213 3396 villa
1228 3329 1355 3398 Nadost
1380 3350 1483 3413 quan-

357 3438 432 3505 dam
449 3435 643 3524 particulam
659 3435 731 3502 vsui
747 3435 842 3502 vuius
868 3436 969 3502 aratri
994 3435 1207 3503 sufficientem
1233 3455 1306 3503 cum
1332 3457 1484 3505 mensura

357 3547 460 3633 Regia
474 3549 709 3633 prememorato
726 3541 839 3610 Hench
855 3543 972 3611 comiti
988 3565 1046 3630 pro
1071 3544 1208 3628 triginta
1232 3547 1376 3630 quinque
1398 3566 1483 3613 mar·

357 3653 405 3722 cis
421 3652 503 3720 liniti
518 3653 655 3739 argenti,
671 3650 750 3736 filijs
776 3651 846 3718 suis
874 3649 1165 3739 consencientibus,
1192 3651 1309 3718 ceteris
1335 3654 1483 3735 cognatis

358 3769 391 3827 et
417 3759 529 3826 amicis
554 3757 621 3826 suis
646 3757 917 3844 permittentibus,
959 3755 1167 3844 vendidisset,
1193 3758 1374 3844 predictam
1398 3766 1484 3826 terre

357 3868 549 3956 particulam
566 3864 670 3932 eidem
687 3865 801 3934 Hench
818 3865 935 3933 Oemiti
952 3886 1023 3932 cum
1039 3865 1106 3934 suis
1122 3866 1295 3936 heredibus
1321 3863 1487 3934 heredum·

359 3996 422 4059 que
437 3993 568 4042 suorum
584 3974 825 4040 successoribus
852 3973 923 4040 iure
948 3974 1146 4041 hereditario
1171 3981 1340 4060 perpetuo,
1366 3973 1485 4058 quiete,

360 4079 494 4167 pacifice
510 4077 741 4163 possideudem
758 4080 881 4162 pariter
896 4086 928 4146 et
943 4079 1142 4164 habendam
1158 4081 1217 4147 sub
1234 4079 1487 4148 eiusdemliber-

359 4186 438 4252 tatis
470 4185 725 4270 condicionibus,
742 4187 861 4268 quibus
877 4186 1056 4271 predictam
1073 4193 1191 4253 terram
1207 4187 1316 4272 sepius
1333 4206 1488 4254 memora-

359 4305 411 4360 tus
427 4292 601 4359 Yordanus
619 4292 734 4360 Comes
752 4293 901 4378 primitus
922 4292 1098 4360 dinoscitur
1123 4295 1316 4378 possedisse.
1342 4294 1489 4361 Adseruit

361 4406 508 4485 preterea
534 4399 716 4468 antedictus
747 4399 918 4468 Yordanus
946 4397 1072 4483 Comes,
1103 4401 1191 4483 quod
1221 4409 1324 4469 totam
1354 4401 1489 4484 triginta

361 4507 503 4589 quinque
518 4525 700 4573 marcorum
716 4527 875 4574 summam
892 4507 934 4574 ab
950 4507 1061 4574 ecdem
1079 4507 1193 4574 Hench
1210 4509 1335 4576 Gemite
1349 4506 1488 4596 plenari-

355 4615 409 4674 ter
425 4617 457 4675 et
473 4609 599 4694 integre
613 4613 799 4698 recepisset.
818 4611 917 4681 (luins
934 4617 1018 4680 terre
1044 4619 1126 4682 mete
1151 4616 1214 4684 hoc
1237 4616 1350 4684 ordine
1374 4613 1490 4680 distin-
