3132 5162
865 279 1019 384 ...³9-

380 473 512 540 discreti
545 472 604 538 viri
629 471 776 556 Magistri
808 470 969 538 Theodori
1002 470 1155 538 Albensis
1182 471 1494 555 EcclesiePrepositi

380 579 454 646 aule
469 587 580 649 nostre
596 581 675 647 Vico
692 580 887 668 Cancellarij
915 579 1025 646 dilecti
1054 585 1086 645 et
1102 579 1207 646 fidelis
1224 579 1324 645 nostri
1342 599 1427 643 anno
1443 580 1496 642 Do·

376 689 454 753 mini
471 687 581 754 M⁰eu⁰
598 689 808 771 nonagesimo
824 688 938 773 primo,
964 687 1069 771 pridie
1100 687 1263 754 kalendas
1283 686 1439 774 Ianuarii,
1456 686 1495 751 in·
1553 755 1554 788 1

378 795 522 862 diceioue
554 802 681 881 quarta,
697 797 799 878 Regni
815 803 922 862 autem
942 797 1042 864 nostri
1059 814 1144 862 anno
1161 794 1311 862 secundo.
1346 810 1356 822 “

1553 871 1554 912 l

377 1009 602 1074 (Hitclcsittatett
620 1008 735 1062 mesolat
747 1008 823 1073 utln,
843 1012 916 1076 nuely
938 1026 970 1061 az
985 1014 1145 1078 centergami
1171 1008 1248 1061 trech
1263 1007 1290 1062 es
1304 1006 1496 1074 Rosuyobhnya

493 1101 559 1153 kozc
573 1097 706 1154 IIIS-tol
722 1103 834 1168 tuso-ug
844 1103 943 1190 lefolpt
956 1101 1050 1154 urbini
1062 1104 1161 1168 perhez
1175 1100 1370 1168 esstoltatott.)

1553 1295 1554 1338 l

845 1391 1050 1399 wu-

900 1924 955 1992 22.

378 2121 438 2184 III.
455 2120 568 2184 Eudae
584 2121 694 2206 tirclp
710 2123 890 2206 mcqerltsttc'
913 2121 950 2186 V.
969 2121 1081 2186 Istudn
1107 2120 1283 2206 kirtlyuuk
1300 2141 1322 2182 a
1348 2118 1492 2183 scillicet.

372 2230 463 2294 celest
496 2230 655 2314 turpyczo
685 2229 894 2294 intestatum
921 2252 941 2292 a
973 2229 1218 2320 raupyazombutc'
1248 2225 1403 2312 uendtpet
1432 2227 1494 2287 ssci-
1553 2239 1554 2246 ¹

831 2341 935 2404 Μάγα.
952 2336 1052 2402 1291.

480 2529 628 2599 Andreas
641 2530 704 2597 Dei
719 2533 831 2616 gracia
847 2532 1026 2620 Hungarie,
1037 2532 1221 2619 Dalmacie,
1233 2530 1377 2616 Groacie,
1388 2530 1495 2608 Ramc,
1553 2523 1554 2534 ’

372 2639 498 2722 Seruis,
516 2638 664 2727 Gallicie,
680 2639 882 2725 hodomerie,
894 2640 1280 2727 CumanieBulgarieque
1303 2640 1374 2705 Rex
1398 2633 1497 2703 omni-

372 2747 431 2814 hus
448 2747 568 2815 Christi
583 2747 734 2815 fidelibus
750 2769 884 2836 presens
902 2751 1055 2836 scriptum
1081 2749 1275 2837 inspecturis
1300 2747 1437 2816 salutem
1464 2742 1498 2807 in

368 2853 508 2922 Domino
524 2855 764 2940 sempiternam.
780 2855 832 2922 Ad
849 2857 1071 2928 uniuersorum
1086 2857 1241 2924 noticiam
1267 2855 1382 2922 harum
1411 2850 1496 2920 serie

370 2965 519 3032 volumus
534 2963 723 3049 peruenire:
741 2963 827 3047 quod
843 2966 963 3049 Jengul
980 2967 1108 3035 villicus
1124 2965 1166 3032 de
1191 2967 1312 3052 Tynna,
1331 2971 1363 3029 et
1387 2958 1493 3044 hospi·

368 3077 417 3138 tes
433 3070 476 3138 ad
493 3071 629 3138 eandem
646 3071 813 3138 ciuitatem
830 3072 1044 3161 pertinentes,
1070 3072 1197 3140 scilieet
1213 3071 1255 3138 de
1280 3070 1367 3138 villis
1397 3065 1499 3151 Wyh·

369 3177 743 3265 foludeliyuruneher,
762 3179 849 3246 etde
876 3180 1041 3266 Monorod,
1068 3180 1111 3246 ad
1137 3187 1280 3248 nostram
1305 3177 1499 3245 accedentes

369 3286 575 3371 presenciam
602 3285 818 3353 exhibuerunt
843 3287 938 3354 nohis
963 3287 1170 3373 priuilegium
1195 3283 1317 3355 domini
1343 3279 1501 3370 Stephani

369 3393 470 3475 Regis
501 3391 679 3478 Hungarie,
709 3392 815 3460 felicis
847 3392 1085 3463 recordacionis
1117 3393 1362 3481 predecessoris
1393 3389 1500 3458 nostri
1553 3467 1554 3476 ἵ

368 3497 548 3584 karissimi,
569 3519 666 3584 super
692 3499 859 3570 solucione
884 3523 941 3570 seu
963 3501 1051 3570 facto
1077 3504 1267 3588 cybrionum
1293 3500 1497 3580 confectum

368 3608 662 3690 petentesanobis
688 3627 759 3675 cum
785 3609 947 3677 instancia
971 3616 1006 3676 ut
1021 3612 1128 3696 ipsum
1153 3609 1364 3695 priuilegium
1393 3615 1501 3676 ratum
1553 3591 1554 3600 ἵ

367 3713 487 3781 hahere
504 3720 536 3780 et
551 3719 661 3782 nostro
677 3717 847 3802 priuilegio
873 3717 914 3784 de
930 3719 1133 3802 benignitate
1159 3719 1263 3802 Regia
1288 3717 1504 3802 dignaremur
1553 3699 1554 3704 ἵ

367 3821 565 3888 confirmare.
584 3823 683 3890 Cuius
701 3824 830 3907 quidem
846 3826 1009 3912 priuilegij
1027 3833 1122 3893 tenor
1138 3827 1217 3894 talis
1234 3831 1301 3891 est:

474 3927 659 4016 Stephanus
680 3933 720 3996 D.
737 3951 784 4014 gr.
802 3931 969 4016 Hungarie
991 3933 1053 4002 stb.
1064 3935 1135 4001 Rex
1151 3933 1213 4001 stb.
1225 3929 1443 4021 (huvetkezik
1461 3927 1502 3992 V.

365 4037 477 4104 lstvan
507 4038 686 4124 kirtlynalr
720 4041 858 4107 1270-Κί
889 4041 1072 4128 ohmtnya,
1104 4041 1186 4107 mint
1211 4035 1502 4126 gyujtcmenyttnk

366 4145 456 4212 VIII.
482 4147 599 4232 vugyis
616 4165 638 4211 e
653 4146 807 4213 masodik
822 4146 944 4233 folyem
961 4150 1018 4214 III.
1035 4149 1210 4215 klitetchen
1226 4149 1303 4214 305.
1331 4145 1368 4235 l.)

474 4255 542 4321 Nos
558 4255 669 4338 itaque
694 4255 788 4322 iustis
814 4263 847 4323 ct
873 4257 1030 4340 legitimis
1053 4257 1269 4342 peticionibus
1295 4255 1507 4340 prefatorum
1553 4339 1554 4342 Ἴ

364 4362 483 4444 Jengul
501 4361 612 4429 Villioi
627 4369 660 4428 et
684 4361 848 4450 hospitum
875 4361 1102 4431 fauorabilitor
1125 4364 1282 4448 inclinati,
1308 4364 1505 4448 predictum
1553 4403 1554 4450 3

363 4468 569 4554 priuilegium
585 4467 707 4536 domini
723 4470 879 4554 Stephani
895 4473 993 4556 Regis
1010 4493 1076 4538 nou
1093 4475 1255 4558 abrasum,
1288 4493 1354 4536 non
1371 4473 1512 4538 cancel-

364 4577 472 4658 latum,
489 4595 549 4641 uec
564 4577 721 4662 ineliqua
736 4578 785 4650 sui
811 4587 906 4664 parte
936 4580 1099 4662 viciatum,
1129 4588 1236 4648 ratum
1268 4580 1431 4650 habentes
1470 4587 1506 4645 et
