3170 5166
657 308 721 382 aon
832 264 833 268 ‘

122 499 284 580 iohannis
318 510 491 597 porciones
523 531 599 579 suas
632 512 771 598 omnino,
803 531 865 596 que
897 510 1026 578 cosdcm
1059 509 1100 576 de
1131 499 1252 596 porcio·

121 618 216 686 nibus
233 619 382 686 eiusdem
397 617 520 686 domini
544 619 706 704 Prcpositi
732 621 863 688 racione
889 618 1108 704 proximitatis
1132 617 1255 685 contin·

123 732 212 813 gunt,
230 731 297 792 tam
315 725 349 792 in
367 727 482 793 Castro
499 747 595 810 quam
612 728 775 810 interris,
793 726 941 794 similitor
957 746 1029 793 cum
1046 726 1114 792 suis
1131 723 1253 793 utilita-

123 833 210 903 tibus
227 835 378 902 omnibns
394 834 604 918 reliquissent
631 841 661 901 ct
679 853 786 903 coram
812 837 905 902 nobis
931 833 1133 918 reliquerunt
1148 831 1255 920 predi-

122 941 182 1008 ctis
198 941 276 1028 filijs
295 943 429 1012 Comitis
447 943 581 1030 Georgij
608 949 642 1011 ct
666 943 733 1012 suis
746 943 922 1011 heredibus
948 943 1168 1028 heredumque
1184 961 1255 1010 suo-

122 1070 192 1117 rum
208 1052 452 1118 successoribus
468 1057 625 1138 perpetuo
637 1051 712 1137 jure
728 1057 760 1118 ct
770 1051 1025 1120 irrcuocabiliter
1035 1047 1254 1136 possidendas

123 1167 154 1225 et
168 1159 349 1227 habendas.
367 1158 555 1227 Diuisioncs
572 1166 682 1227 autom
698 1160 841 1227 omnium
857 1159 996 1226 aliarum
1011 1159 1255 1246 posscssionum

124 1287 258 1334 sucrum
275 1267 308 1332 in
326 1267 513 1352 priuilegijs
529 1268 649 1336 nostris
663 1267 826 1352 prioribus
842 1268 1040 1336 insertarum
1055 1267 1127 1353 ipso
1143 1265 1255 1333 ordiuc

125 1380 156 1440 ct
172 1381 273 1461 statu,
289 1382 386 1460 prout
416 1376 451 1442 in
466 1376 550 1461 ipsis
566 1376 750 1461 priuilegijs
775 1376 896 1442 nostris
922 1383 998 1442 sunt
1015 1374 1142 1462 diuise,
1169 1375 1257 1441 dioto

125 1490 236 1565 partes
252 1483 286 1548 in
303 1481 387 1550 filios
403 1483 544 1549 filiorum
570 1501 700 1549 suorum
725 1482 960 1550 inuiolabiliter
985 1503 1019 1550 sc
1036 1502 1145 1548 coram
1162 1481 1257 1548 nobis

127 1589 373 1657 conseruandae
390 1590 585 1675 obligarunt.
602 1590 755 1657 Preterea
773 1589 850 1655 dicti
867 1591 924 1675 filij
943 1589 1102 1656 Johannis
1118 1586 1257 1655 confossi

128 1700 202 1761 sunt
219 1715 328 1762 coram
344 1696 457 1782 nobis,
484 1697 570 1781 quod
589 1697 673 1763 sicut
696 1697 864 1782 predictus
889 1700 982 1783 pater
1008 1714 1117 1762 eornm
1134 1695 1259 1760 nullam

128 1805 161 1869 in
179 1802 294 1871 Castro
311 1804 461 1872 habuerit
476 1805 678 1891 porcionem,
705 1807 753 1871 ita
769 1812 801 1872 ct
826 1803 888 1888 ipsi
904 1803 1056 1889 porcione
1072 1802 1178 1869 Casiri
1194 1821 1259 1866 om·

129 1909 206 1976 nino
223 1919 382 1978 carerent.
399 1913 535 1996 Insuper
550 1913 741 1980 adiecerunt
758 1910 861 1978 eciam
878 1910 1156 1996 predictcpartcs,
1173 1907 1259 1992 quod

131 2035 243 2083 omnes
260 2017 346 2084 alias
363 2038 479 2086 causas
497 2040 574 2088 suas
583 2073 593 2107 ,
626 2039 687 2105 quc
718 2019 794 2084 hinc
821 2025 855 2084 et
870 2017 947 2084 inde
974 2023 1040 2083 tam
1060 2036 1157 2103 supcr
1171 2015 1259 2083 facto

131 2121 404 2212 destruccionum,
421 2125 651 2210 incendiorum,
677 2125 900 2208 dampnorum,
923 2125 1047 2210 mortis,
1064 2123 1260 2210 captiuacio-

130 2231 189 2315 nis,
208 2252 307 2315 quam
324 2233 461 2300 aliarum
473 2235 689 2317 quarumlibet
704 2233 896 2300 iniuriarum
913 2237 998 2298 motc
1014 2233 1143 2298 luerunt
1158 2251 1260 2314 usqne

131 2337 226 2406 modo
243 2339 328 2406 inter
342 2339 443 2428 ipsos,
460 2341 524 2408 sibi
541 2341 678 2408 inuicem
704 2362 763 2429 per
778 2340 888 2407 omnia
904 2339 1103 2432 remisissent
1118 2347 1150 2406 et
1168 2340 1260 2407 remi-

133 2455 246 2513 serunt
262 2468 371 2514 coram
392 2448 498 2516 nobis.
514 2449 552 2516 In
573 2450 665 2518 cuius
691 2470 750 2536 rey
775 2448 995 2518 testimonium
1011 2447 1053 2514 cd
1069 2448 1263 2516 instanciam

130 2556 278 2638 parcium
293 2563 462 2641 presentes
479 2559 671 2624 contulimus
697 2559 799 2643 sigilli
814 2559 918 2627 nostri
944 2557 1121 2625 munimine
1137 2558 1263 2625 robora·

131 2665 431 2753 taspprcsentibus
457 2672 567 2732 tamen
592 2667 747 2751 Magistro
773 2665 924 2735 Jobanne
955 2670 1110 2754 Lectorc,
1143 2665 1264 2752 Mykou

131 2770 288 2857 Custode,
305 2772 444 2839 Martino
461 2773 501 2838 dc
516 2774 647 2859 Pacta,
662 2774 760 2842 Petro
776 2775 818 2841 dc
833 2777 958 2859 Kcmey
967 2826 976 2863 ,
1003 2775 1130 2840 Briccio
1147 2773 1188 2839 dc
1203 2773 1264 2838 Zo-

131 2877 242 2964 bolch,
258 2878 409 2945 iohanne
425 2879 466 2946 de
481 2879 588 2948 Heues
598 2931 607 2966 ,
624 2881 759 2949 Alberto
776 2883 817 2947 dc
846 2883 972 2948 Borsua
981 2929 990 2963 ,
1022 2882 1164 2964 Symone
1178 2879 1265 2946 Noui

131 2983 242 3052 Gcstri
257 2985 527 3074 Archidiaconis‚
553 2993 585 3054 et
601 2989 678 3073 clijs
694 2990 814 3056 multis.
840 2989 934 3054 Anno
949 2987 1081 3053 Domini
1097 2983 1263 3068 M⁰GOO⁰;

130 3100 294 3176 regnante
311 3092 442 3161 Andrea
458 3095 580 3162 illustri
595 3097 683 3181 Rege
700 3097 878 3182 Hungarie,
890 3094 1047 3178 Gregorio
1064 3095 1176 3160 Eleoto
1187 3091 1264 3160 Stri-

130 3201 301 3290 gcnicnd,
317 3200 467 3269 Johannc
483 3203 738 3290 Archiepiseopo
755 3203 944 3292 Goloccnsi,
966 3209 999 3269 et
1014 3202 1142 3269 domino
1157 3207 1266 3268 nostro

127 3307 319 3376 venerabili
336 3315 428 3396 patre
444 3309 576 3380 Andrea
591 3310 653 3378 Dei
665 3311 777 3394 gracia
786 3311 948 3398 Episcopo
964 3308 1119 3396 Agricnsi
1130 3309 1267 3377 existen·

126 3417 232 3486 tibus.

451 3518 1014 3632 nco

126 3722 281 3793 (Eredetic
294 3721 469 3790 bbrbbrtybm
483 3726 600 3792 melyrdl
623 3723 743 3792 cpccsdt
761 3723 917 3793 sdrga-nbld
943 3723 1173 3792 selycmzsiubron
1185 3727 1268 3792 idgg3

445 3831 463 3866 a
480 3815 565 3870 budai
576 3817 627 3869 kir.
643 3817 766 3870 kamarai
780 3815 971 3882 lovtlrtrban.)

601 4080 811 4096 W
