3098 5172
718 274 878 374 *aus-

233 470 375 534 tulerunt
390 466 533 534 Jobanni
557 465 624 533 filio
649 467 760 536 Beoba
788 475 820 534 et
845 471 914 536 suis
939 467 1118 536 heredibus
1143 466 1366 551 heredumque

233 593 365 642 suorum
382 575 624 642 suecessoribus
640 573 882 661 perhempniter
897 573 1188 660 possidendam3e
1207 592 1367 641 conuerso

234 688 342 748 autem
359 681 505 768 prefatus
520 681 687 750 lohannes
703 683 889 768 porcionem
905 703 998 750 suam
1025 684 1060 748 in
1085 683 1250 764 Keuelges
1275 678 1362 745 babi-

233 793 301 856 tam
320 808 393 856 oum
409 790 537 856 duabus
553 788 644 856 villis
661 788 752 857 dedit
768 797 800 856 et
826 790 964 857 eontulit
993 789 1088 857 dietis
1113 789 1190 874 filijs
1216 787 1362 868 Magistri

233 895 370 982 Philpus
386 896 561 964 tenendam
577 897 698 982 iugiter
713 906 746 965 st
763 897 957 966 habendam.
985 899 1242 983 desumpserunt
1258 893 1361 960 seiam

232 1001 291 1088 filij
309 1005 457 1089 Magistri
474 1003 619 1092 Philpus,
635 1005 722 1089 quod
745 1007 779 1072 in
798 1003 935 1090 paeifioa
951 1005 1157 1088 possessione
1172 1005 1283 1089 ipsum
1309 1001 1361 1068 Jo-

234 1110 375 1179 bannem
406 1121 438 1178 et
463 1131 539 1180 snos
562 1131 765 1180 suooessorss
791 1112 1028 1180 inmutabiliter
1053 1111 1306 1194 oonseruabunt,
1332 1116 1364 1174 at

234 1240 346 1288 eorum
359 1239 564 1288 suooessores
574 1219 658 1286 illud
668 1219 773 1305 idem,
791 1219 818 1286 si
835 1227 944 1287 autem
960 1223 1002 1288 ab
1018 1219 1270 1306 imputatoribus
1282 1213 1371 1303 (lgy)

238 1328 540 1416 superuenientibus
557 1326 709 1414 expedire
733 1349 798 1395 non
813 1336 957 1415 possent,
974 1348 1049 1396 oum
1068 1327 1156 1394 omni
1167 1327 1288 1410 eoipse
1312 1324 1364 1391 Jo

234 1433 361 1504 bannos
376 1441 409 1502 et
424 1436 475 1502 sui
490 1433 524 1499 in
540 1436 680 1520 pacilius
696 1435 904 1520 possessione
915 1434 1001 1501 diote
1011 1435 1362 1522 terrepermanebunt;

233 1541 471 1628 impetitoribus
486 1561 562 1609 raro
578 1544 650 1610 siue
667 1545 699 1610 in
718 1545 866 1627 peeunia,
883 1563 942 1609 seu
954 1543 996 1609 de
1006 1541 1075 1608 alia
1083 1542 1296 1628 possessione
1306 1559 1367 1607 sua

235 1650 447 1736 satisfacient,
459 1650 544 1716 siout
554 1649 654 1718 luerit
670 1657 872 1736 oportunum.
890 1649 932 1714 Et
947 1649 990 1716 ud
1007 1651 1066 1716 beo
1082 1650 1192 1716 omnia
1207 1648 1364 1716 laoienda

234 1766 344 1845 partes
360 1778 395 1826 se
412 1763 593 1843 spontanea
608 1757 838 1842 obligauerunt
853 1757 1033 1825 voluntate.
1051 1757 1174 1823 Datum
1201 1757 1236 1822 in
1268 1757 1367 1824 Pose

235 1885 349 1952 gawar
363 1865 396 1932 in
412 1865 537 1934 ootuuis
553 1865 650 1954 medij
669 1865 795 1933 XL-me
812 1886 897 1933 anno
914 1865 1045 1934 Domini
1061 1865 1235 1933 millesimo
1247 1865 1366 1932 dueen-

202 2027 205 2036 .
237 1973 352 2043 tesimo
368 1973 579 2058 nonagesimo
596 1981 699 2042 sexto.

235 2167 272 2240 (Δ
285 2169 358 2237 ρέοιί
369 2167 564 2237 lrlptrlannalr
576 2185 667 2238 ugyan
683 2171 796 2221 nass-ki
809 2167 1041 2236 uassrjtrtsssm,
1056 2173 1126 2222 mint
1136 2168 1221 2224 alsbb
1244 2171 1306 2223 15⁴.
1328 2188 1370 2224 ss..

504 2276 529 2313 a.
542 2279 549 2324 ;
563 2275 581 2311 a
593 2261 675 2313 budai
688 2261 738 2311 lrir.
755 2261 878 2312 kamarai
892 2258 1095 2328 lsvdlttslrban.)

763 2937 839 3006 145.

245 3103 338 3170 VIII.
356 3101 520 3190 Bonifdoz
529 3106 625 3189 pdpa
637 3100 814 3167 Lombortst
830 3101 937 3186 osplua'
949 3101 1112 3187 pttsp'o'ltdt
1130 3098 1300 3166 Romaion
1314 3101 1368 3166 ei·

552 3207 746 3276 cariusdrtale
769 3209 917 3275 kiaeoeai.
936 3209 1035 3272 1296.

343 3372 740 3460 Bonilaoiusllpisoopus
764 3391 880 3440 servus
905 3390 1072 3438 servorum
1098 3369 1160 3436 Dei
1183 3367 1377 3438 venerabili

237 3481 331 3550 lratri
346 3481 520 3548 Lamberto
537 3479 700 3566 ldpisoopo
726 3478 893 3562 Veglensi,
920 3479 1057 3546 salutem
1085 3485 1117 3544 et
1141 3475 1370 3562 Apostoliesm

235 3587 504 3660 benedietionem.
521 3587 744 3655 Eeolesiarum
760 3585 902 3654 omnium
918 3605 997 3653 eura
1014 3581 1074 3672 (et)
1091 3583 1289 3650 uniuersalis
1308 3603 1365 3669 po·

238 3697 307 3786 puli
325 3695 501 3766 Christiani
518 3695 663 3777 regimen
679 3693 723 3759 ad
739 3693 946 3778 vigilantiam
962 3711 1022 3758 nos
1032 3689 1200 3774 inducunt,
1218 3691 1369 3757 Romana

236 3816 346 3878 tamen
362 3803 448 3873 Urbs
463 3801 585 3888 inolita,
604 3821 700 3884 quarn
716 3807 813 3887 eaput
829 3799 924 3867 Orbis
940 3798 1061 3864 Divina
1077 3798 1251 3865 elementia
1265 3797 1366 3867 stabi·

236 3919 319 4003 lirit,
345 3919 380 3982 ut
395 3912 450 3981 ubi
465 3910 555 3977 Petri
571 3909 681 3978 sedem
698 3909 830 3976 celestis
847 3905 1019 3993 dispositio
1036 3905 1152 3974 statuit
1167 3911 1199 3972 et
1215 3905 1365 3983 firmarit,

236 4032 271 4093 et
286 4021 434 4091 eiusdem
450 4017 547 4088 Urbis
563 4023 671 4084 noster
687 4016 863 4102 peculiaris
879 4015 1020 4102 populus
1038 4015 1107 4081 suis
1121 4011 1232 4096 dignis
1250 4032 1363 4098 prero-

238 4129 360 4220 gativis
375 4147 434 4196 uos
450 4125 629 4196 sollioitaut
655 4131 686 4192 et
701 4123 869 4207 indueunt,
887 4122 927 4189 de
942 4124 1085 4208 ipsorum
1101 4125 1188 4188 statu
1213 4137 1376 4205 prospero

237 4245 271 4308 ei
286 4235 411 4305 salubri
428 4234 584 4304 attentius
601 4241 633 4300 et
649 4231 843 4316 diligentius
860 4230 1025 4315 eogitare3
1042 4234 1077 4294 ut
1093 4225 1309 4312 spiritualiter
1333 4231 1368 4291 et

234 4344 461 4432 temporaliter
476 4341 518 4410 ds
533 4341 621 4409 bono
636 4342 671 4406 in
686 4339 804 4406 melius
820 4337 981 4422 recipiant
995 4335 1239 4404 inerementum.
1263 4332 1368 4416 Igitur

238 4455 278 4522 de
294 4460 350 4520 tua
364 4451 434 4519 vita
449 4447 621 4532 laudabili,
647 4446 806 4531 religione
831 4445 979 4531 probata,
1004 4442 1144 4512 seientia
1169 4446 1202 4506 et
1231 4438 1368 4505 eircum-

236 4559 407 4648 speetione
423 4555 547 4641 oonfisi,
573 4563 606 4626 to
629 4557 664 4622 in
689 4555 779 4624 Urbe
803 4551 934 4638 profata
958 4550 1151 4619 auctoritate
1174 4546 1374 4633 Apostolioa
