<?xml version="1.0" encoding="UTF-8"?>
<!DOCTYPE html PUBLIC "-//W3C//DTD XHTML 1.0 Transitional//EN"
    "http://www.w3.org/TR/xhtml1/DTD/xhtml1-transitional.dtd">
<html xmlns="http://www.w3.org/1999/xhtml" xml:lang="en" lang="en">
 <head>
  <title>
</title>
<meta http-equiv="Content-Type" content="text/html;charset=utf-8" />
  <meta name='ocr-system' content='tesseract 3.04.00' />
  <meta name='ocr-capabilities' content='ocr_page ocr_carea ocr_par ocr_line ocrx_word'/>
</head>
<body>
  <div class='ocr_page' id='page_1' title='image "./codexdiplomatic19wenzgoog_0384.png"; bbox 0 0 3120 5172; ppageno 0'>
   <div class='ocr_carea' id='block_1_1' title="bbox 785 285 929 386">
    <p class='ocr_par' dir='ltr' id='par_1_1' title="bbox 785 285 929 386">
     <span class='ocr_line' id='line_1_1' title="bbox 785 285 929 386; baseline 0 -36"><span class='ocrx_word' id='word_1_1' title='bbox 785 285 929 386; x_wconf 51' lang='lat'>3⁴2.</span> 
     </span>
    </p>
   </div>
   <div class='ocr_carea' id='block_1_2' title="bbox 286 479 1423 1746">
    <p class='ocr_par' dir='ltr' id='par_1_2' title="bbox 286 479 1423 1746">
     <span class='ocr_line' id='line_1_2' title="bbox 286 479 1423 566; baseline 0 -18"><span class='ocrx_word' id='word_1_2' title='bbox 286 482 412 550; x_wconf 85' lang='lat' dir='ltr'>Paulus</span> <span class='ocrx_word' id='word_1_3' title='bbox 428 479 514 548; x_wconf 89' lang='lat' dir='ltr'>filins</span> <span class='ocrx_word' id='word_1_4' title='bbox 531 479 678 546; x_wconf 83' lang='lat' dir='ltr'>eiusdem</span> <span class='ocrx_word' id='word_1_5' title='bbox 695 482 755 546; x_wconf 89' lang='lat' dir='ltr'>sub</span> <span class='ocrx_word' id='word_1_6' title='bbox 785 482 918 548; x_wconf 89' lang='lat' dir='ltr'>nomine</span> <span class='ocrx_word' id='word_1_7' title='bbox 932 481 984 548; x_wconf 87' lang='lat' dir='ltr'>sui</span> <span class='ocrx_word' id='word_1_8' title='bbox 999 479 1083 546; x_wconf 89' lang='lat' dir='ltr'>iuris</span> <span class='ocrx_word' id='word_1_9' title='bbox 1100 499 1121 546; x_wconf 90' lang='lat' dir='ltr'>a</span> <span class='ocrx_word' id='word_1_10' title='bbox 1136 481 1314 566; x_wconf 83' lang='lat' dir='ltr'>sepedictis</span> <span class='ocrx_word' id='word_1_11' title='bbox 1330 483 1423 566; x_wconf 80' lang='lat' dir='ltr'>Dyo-</span> 
     </span>
     <span class='ocr_line' id='line_1_3' title="bbox 286 586 1413 672; baseline -0.002 -16"><span class='ocrx_word' id='word_1_12' title='bbox 286 588 373 656; x_wconf 89' lang='lat' dir='ltr'>nisio</span> <span class='ocrx_word' id='word_1_13' title='bbox 390 595 422 655; x_wconf 93' lang='lat' dir='ltr'>et</span> <span class='ocrx_word' id='word_1_14' title='bbox 436 587 605 656; x_wconf 84' lang='lat' dir='ltr'>Mortunus</span> <span class='ocrx_word' id='word_1_15' title='bbox 621 586 839 672; x_wconf 78' lang='lat' dir='ltr'>requirebant,</span> <span class='ocrx_word' id='word_1_16' title='bbox 861 587 947 654; x_wconf 88' lang='lat' dir='ltr'>idem</span> <span class='ocrx_word' id='word_1_17' title='bbox 962 588 1085 655; x_wconf 87' lang='lat' dir='ltr'>Paulus</span> <span class='ocrx_word' id='word_1_18' title='bbox 1107 588 1214 656; x_wconf 78' lang='lat' dir='ltr'>solem</span> <span class='ocrx_word' id='word_1_19' title='bbox 1235 593 1267 654; x_wconf 88' lang='lat' dir='ltr'>et</span> <span class='ocrx_word' id='word_1_20' title='bbox 1281 607 1413 670; x_wconf 78' lang='lat' dir='ltr'>cognos-</span> 
     </span>
     <span class='ocr_line' id='line_1_4' title="bbox 289 692 1414 780; baseline -0.001 -18"><span class='ocrx_word' id='word_1_21' title='bbox 289 715 366 764; x_wconf 89' lang='lat' dir='ltr'>cens</span> <span class='ocrx_word' id='word_1_22' title='bbox 381 697 487 780; x_wconf 84' lang='lat' dir='ltr'>ipsam</span> <span class='ocrx_word' id='word_1_23' title='bbox 514 702 632 762; x_wconf 85' lang='lat' dir='ltr'>terram</span> <span class='ocrx_word' id='word_1_24' title='bbox 663 692 825 763; x_wconf 86' lang='lat' dir='ltr'>otiorum</span> <span class='ocrx_word' id='word_1_25' title='bbox 850 695 994 780; x_wconf 86' lang='lat' dir='ltr'>ipsorum</span> <span class='ocrx_word' id='word_1_26' title='bbox 1018 695 1172 780; x_wconf 82' lang='lat' dir='ltr'>Dyonisij</span> <span class='ocrx_word' id='word_1_27' title='bbox 1201 703 1234 762; x_wconf 86' lang='lat' dir='ltr'>et</span> <span class='ocrx_word' id='word_1_28' title='bbox 1250 697 1414 762; x_wconf 84' lang='lat' dir='ltr'>Mortunus</span> 
     </span>
     <span class='ocr_line' id='line_1_5' title="bbox 291 801 1412 890; baseline -0.002 -20"><span class='ocrx_word' id='word_1_29' title='bbox 291 823 362 870; x_wconf 89' lang='lat' dir='ltr'>esse</span> <span class='ocrx_word' id='word_1_30' title='bbox 380 802 607 886; x_wconf 84' lang='lat' dir='ltr'>hereditarias,</span> <span class='ocrx_word' id='word_1_31' title='bbox 627 801 750 868; x_wconf 85' lang='lat' dir='ltr'>eisdem</span> <span class='ocrx_word' id='word_1_32' title='bbox 766 801 890 868; x_wconf 77' lang='lat' dir='ltr'>dimisit</span> <span class='ocrx_word' id='word_1_33' title='bbox 916 809 947 869; x_wconf 87' lang='lat' dir='ltr'>ot</span> <span class='ocrx_word' id='word_1_34' title='bbox 971 801 1102 888; x_wconf 89' lang='lat' dir='ltr'>reliquit</span> <span class='ocrx_word' id='word_1_35' title='bbox 1125 803 1195 870; x_wconf 88' lang='lat' dir='ltr'>iure</span> <span class='ocrx_word' id='word_1_36' title='bbox 1210 811 1368 890; x_wconf 86' lang='lat' dir='ltr'>perpetuo</span> <span class='ocrx_word' id='word_1_37' title='bbox 1382 803 1412 868; x_wconf 93' lang='lat' dir='ltr'>in</span> 
     </span>
     <span class='ocr_line' id='line_1_6' title="bbox 289 909 1415 996; baseline -0.003 -20"><span class='ocrx_word' id='word_1_38' title='bbox 289 910 374 978; x_wconf 85' lang='lat' dir='ltr'>filios</span> <span class='ocrx_word' id='word_1_39' title='bbox 384 910 520 977; x_wconf 88' lang='lat' dir='ltr'>liliorum</span> <span class='ocrx_word' id='word_1_40' title='bbox 532 909 762 994; x_wconf 83' lang='lat' dir='ltr'>possidendas.</span> <span class='ocrx_word' id='word_1_41' title='bbox 773 909 811 976; x_wconf 88' lang='lat' dir='ltr'>ln</span> <span class='ocrx_word' id='word_1_42' title='bbox 822 911 914 976; x_wconf 89' lang='lat' dir='ltr'>ouius</span> <span class='ocrx_word' id='word_1_43' title='bbox 924 910 973 976; x_wconf 91' lang='lat' dir='ltr'>rei</span> <span class='ocrx_word' id='word_1_44' title='bbox 983 909 1170 977; x_wconf 79' lang='lat' dir='ltr'>memoriam</span> <span class='ocrx_word' id='word_1_45' title='bbox 1181 917 1213 978; x_wconf 90' lang='lat' dir='ltr'>et</span> <span class='ocrx_word' id='word_1_46' title='bbox 1228 917 1415 996; x_wconf 82' lang='lat' dir='ltr'>perpetuum</span> 
     </span>
     <span class='ocr_line' id='line_1_7' title="bbox 288 1017 1413 1102; baseline 0.002 -20"><span class='ocrx_word' id='word_1_47' title='bbox 288 1017 473 1084; x_wconf 89' lang='lat' dir='ltr'>firmitatem</span> <span class='ocrx_word' id='word_1_48' title='bbox 488 1017 532 1083; x_wconf 90' lang='lat' dir='ltr'>ad</span> <span class='ocrx_word' id='word_1_49' title='bbox 565 1017 758 1102; x_wconf 90' lang='lat' dir='ltr'>peticionem</span> <span class='ocrx_word' id='word_1_50' title='bbox 779 1019 927 1100; x_wconf 86' lang='lat' dir='ltr'>parcium</span> <span class='ocrx_word' id='word_1_51' title='bbox 958 1025 1127 1102; x_wconf 79' lang='lat' dir='ltr'><strong>presentes</strong></span> <span class='ocrx_word' id='word_1_52' title='bbox 1143 1017 1273 1085; x_wconf 84' lang='lat' dir='ltr'>litteras</span> <span class='ocrx_word' id='word_1_53' title='bbox 1290 1023 1413 1084; x_wconf 81' lang='lat' dir='ltr'>nostras</span> 
     </span>
     <span class='ocr_line' id='line_1_8' title="bbox 293 1121 1416 1211; baseline -0.004 -20"><span class='ocrx_word' id='word_1_54' title='bbox 293 1125 513 1192; x_wconf 79' lang='lat' dir='ltr'>concessimus</span> <span class='ocrx_word' id='word_1_55' title='bbox 530 1124 632 1208; x_wconf 81' lang='lat' dir='ltr'>sigilli</span> <span class='ocrx_word' id='word_1_56' title='bbox 641 1124 742 1192; x_wconf 86' lang='lat' dir='ltr'>nostri</span> <span class='ocrx_word' id='word_1_57' title='bbox 752 1125 972 1209; x_wconf 83' lang='lat' dir='ltr'>priuilegialis</span> <span class='ocrx_word' id='word_1_58' title='bbox 984 1124 1188 1211; x_wconf 88' lang='lat' dir='ltr'>(munimine)</span> <span class='ocrx_word' id='word_1_59' title='bbox 1199 1125 1377 1210; x_wconf 85' lang='lat' dir='ltr'>roboratas,</span> <span class='ocrx_word' id='word_1_60' title='bbox 1385 1121 1416 1189; x_wconf 89' lang='lat' dir='ltr'>&#39;et</span> 
     </span>
     <span class='ocr_line' id='line_1_9' title="bbox 293 1231 1416 1317; baseline 0.003 -22"><span class='ocrx_word' id='word_1_61' title='bbox 293 1231 469 1315; x_wconf 85' lang='lat' dir='ltr'>alphabeto</span> <span class='ocrx_word' id='word_1_62' title='bbox 486 1232 666 1299; x_wconf 88' lang='lat' dir='ltr'>intercisas.</span> <span class='ocrx_word' id='word_1_63' title='bbox 685 1233 805 1298; x_wconf 86' lang='lat' dir='ltr'>Datum</span> <span class='ocrx_word' id='word_1_64' title='bbox 821 1253 907 1298; x_wconf 91' lang='lat' dir='ltr'>anno</span> <span class='ocrx_word' id='word_1_65' title='bbox 923 1233 1056 1298; x_wconf 86' lang='lat' dir='ltr'>Domini</span> <span class='ocrx_word' id='word_1_66' title='bbox 1072 1233 1192 1299; x_wconf 57' lang='grc' dir='ltr'>ΜθΟΟ0</span> <span class='ocrx_word' id='word_1_67' title='bbox 1206 1235 1416 1317; x_wconf 85' lang='lat' dir='ltr'>nonagesimo</span> 
     </span>
     <span class='ocr_line' id='line_1_10' title="bbox 288 1337 1413 1426; baseline 0.003 -24"><span class='ocrx_word' id='word_1_68' title='bbox 288 1358 383 1404; x_wconf 85' lang='lat' dir='ltr'>nono.</span> <span class='ocrx_word' id='word_1_69' title='bbox 400 1338 560 1426; x_wconf 90' lang='lat' dir='ltr'>Dyonisio</span> <span class='ocrx_word' id='word_1_70' title='bbox 576 1339 758 1424; x_wconf 76' lang='lat' dir='ltr'>Proposito,</span> <span class='ocrx_word' id='word_1_71' title='bbox 771 1337 949 1405; x_wconf 86' lang='lat' dir='ltr'>Laurencio</span> <span class='ocrx_word' id='word_1_72' title='bbox 967 1339 1112 1426; x_wconf 89' lang='lat' dir='ltr'>Lectore,</span> <span class='ocrx_word' id='word_1_73' title='bbox 1124 1339 1248 1408; x_wconf 88' lang='lat' dir='ltr'>Jacobo</span> <span class='ocrx_word' id='word_1_74' title='bbox 1264 1341 1413 1408; x_wconf 77' lang='lat' dir='ltr'>(lantone-</span> 
     </span>
     <span class='ocr_line' id='line_1_11' title="bbox 290 1445 1413 1532; baseline 0.002 -22"><span class='ocrx_word' id='word_1_75' title='bbox 290 1445 484 1512; x_wconf 85' lang='lat' dir='ltr'>Sebastiano</span> <span class='ocrx_word' id='word_1_76' title='bbox 502 1447 678 1512; x_wconf 85' lang='lat' dir='ltr'>Bachieusi</span> <span class='ocrx_word' id='word_1_77' title='bbox 688 1496 698 1531; x_wconf 86' lang='lat'><em>,</em></span> <span class='ocrx_word' id='word_1_78' title='bbox 723 1445 859 1510; x_wconf 87' lang='lat' dir='ltr'>Nicolao</span> <span class='ocrx_word' id='word_1_79' title='bbox 886 1445 1067 1531; x_wconf 84' lang='lat' dir='ltr'>Syrmiensi</span> <span class='ocrx_word' id='word_1_80' title='bbox 1084 1445 1343 1532; x_wconf 86' lang='lat' dir='ltr'>Archidiaconis‚</span> <span class='ocrx_word' id='word_1_81' title='bbox 1360 1449 1413 1513; x_wconf 91' lang='lat' dir='ltr'>lli-</span> 
     </span>
     <span class='ocr_line' id='line_1_12' title="bbox 298 1553 1411 1638; baseline 0.003 -21"><span class='ocrx_word' id='word_1_82' title='bbox 298 1553 413 1618; x_wconf 90' lang='lat' dir='ltr'>ohaele</span> <span class='ocrx_word' id='word_1_83' title='bbox 429 1553 579 1638; x_wconf 82' lang='lat' dir='ltr'>Custode,</span> <span class='ocrx_word' id='word_1_84' title='bbox 599 1553 750 1620; x_wconf 87' lang='lat' dir='ltr'>Johanne</span> <span class='ocrx_word' id='word_1_85' title='bbox 766 1553 981 1636; x_wconf 85' lang='lat' dir='ltr'>Zegncdiensi</span> <span class='ocrx_word' id='word_1_86' title='bbox 1008 1553 1250 1620; x_wconf 89' lang='lat' dir='ltr'>Archidiacono</span> <span class='ocrx_word' id='word_1_87' title='bbox 1288 1556 1411 1621; x_wconf 83' lang='lat' dir='ltr'>Emrico</span> 
     </span>
     <span class='ocr_line' id='line_1_13' title="bbox 291 1658 1296 1746; baseline 0.008 -24"><span class='ocrx_word' id='word_1_88' title='bbox 291 1659 434 1746; x_wconf 80' lang='lat' dir='ltr'>Decano‚</span> <span class='ocrx_word' id='word_1_89' title='bbox 451 1659 634 1742; x_wconf 88' lang='lat' dir='ltr'>ceterisque</span> <span class='ocrx_word' id='word_1_90' title='bbox 651 1658 722 1725; x_wconf 94' lang='lat' dir='ltr'>Deo</span> <span class='ocrx_word' id='word_1_91' title='bbox 739 1659 972 1726; x_wconf 81' lang='lat' dir='ltr'>famulantibus</span> <span class='ocrx_word' id='word_1_92' title='bbox 989 1659 1106 1743; x_wconf 87' lang='lat' dir='ltr'>iugiter</span> <span class='ocrx_word' id='word_1_93' title='bbox 1122 1668 1154 1726; x_wconf 88' lang='lat' dir='ltr'>et</span> <span class='ocrx_word' id='word_1_94' title='bbox 1170 1661 1296 1730; x_wconf 86' lang='lat' dir='ltr'>denote.</span> 
     </span>
    </p>
   </div>
   <div class='ocr_carea' id='block_1_3' title="bbox 290 1851 1420 2014">
    <p class='ocr_par' dir='ltr' id='par_1_3' title="bbox 290 1851 1420 2014">
     <span class='ocr_line' id='line_1_14' title="bbox 290 1851 1420 1924; baseline 0.002 -19"><span class='ocrx_word' id='word_1_95' title='bbox 290 1851 432 1921; x_wconf 86' lang='lat' dir='ltr'>(Ersdetie</span> <span class='ocrx_word' id='word_1_96' title='bbox 448 1852 634 1918; x_wconf 72' lang='lat' dir='ltr'>blirhu&#39;rrtydu,</span> <span class='ocrx_word' id='word_1_97' title='bbox 659 1855 1082 1922; x_wconf 60' lang='lat' dir='ltr'>azdldieherselyamasindron</span> <span class='ocrx_word' id='word_1_98' title='bbox 1107 1858 1216 1923; x_wconf 81' lang='lat' dir='ltr'>silggtttt</span> <span class='ocrx_word' id='word_1_99' title='bbox 1243 1855 1420 1924; x_wconf 75' lang='lat' dir='ltr'>peesdtelve·</span> 
     </span>
     <span class='ocr_line' id='line_1_15' title="bbox 551 1944 1163 2014; baseline 0.007 -22"><span class='ocrx_word' id='word_1_100' title='bbox 551 1949 620 1994; x_wconf 82' lang='lat' dir='ltr'>saett</span> <span class='ocrx_word' id='word_1_101' title='bbox 631 1961 637 2004; x_wconf 79' lang='lat'>3</span> <span class='ocrx_word' id='word_1_102' title='bbox 648 1959 665 1994; x_wconf 86' lang='lat' dir='ltr'>a</span> <span class='ocrx_word' id='word_1_103' title='bbox 678 1944 762 1994; x_wconf 84' lang='lat' dir='ltr'>budai</span> <span class='ocrx_word' id='word_1_104' title='bbox 776 1947 828 1998; x_wconf 83' lang='lat' dir='ltr'>lrir.</span> <span class='ocrx_word' id='word_1_105' title='bbox 844 1948 968 1998; x_wconf 83' lang='lat' dir='ltr'>kamarai</span> <span class='ocrx_word' id='word_1_106' title='bbox 983 1945 1163 2014; x_wconf 67' lang='lat' dir='ltr'>levdlarban.)</span> 
     </span>
    </p>
   </div>
   <div class='ocr_carea' id='block_1_4' title="bbox 746 2227 960 2245">
    <p class='ocr_par' dir='ltr' id='par_1_4' title="bbox 746 2227 960 2245">
     <span class='ocr_line' id='line_1_16' title="bbox 746 2227 960 2245; baseline 0 -10"><span class='ocrx_word' id='word_1_107' title='bbox 746 2227 960 2245; x_wconf 58' lang='lat'>‚......-.....-</span> 
     </span>
    </p>
   </div>
   <div class='ocr_carea' id='block_1_5' title="bbox 809 2757 887 2824">
    <p class='ocr_par' dir='ltr' id='par_1_5' title="bbox 809 2757 887 2824">
     <span class='ocr_line' id='line_1_17' title="bbox 809 2757 887 2824; baseline 0 -2"><span class='ocrx_word' id='word_1_108' title='bbox 809 2757 887 2824; x_wconf 74' lang='lat'><strong>225.</strong></span> 
     </span>
    </p>
   </div>
   <div class='ocr_carea' id='block_1_6' title="bbox 291 2953 1416 3043">
    <p class='ocr_par' dir='ltr' id='par_1_6' title="bbox 291 2953 1416 3043">
     <span class='ocr_line' id='line_1_18' title="bbox 291 2953 1416 3043; baseline -0.001 -22"><span class='ocrx_word' id='word_1_109' title='bbox 291 2957 439 3021; x_wconf 63' lang='lat' dir='ltr'>Abundat</span> <span class='ocrx_word' id='word_1_110' title='bbox 453 2957 611 3043; x_wconf 78' lang='lat' dir='ltr'>kdpialac</span> <span class='ocrx_word' id='word_1_111' title='bbox 635 2958 739 3042; x_wconf 74' lang='lat' dir='ltr'>dtiuja</span> <span class='ocrx_word' id='word_1_112' title='bbox 763 2955 829 3017; x_wconf 89' lang='lat' dir='ltr'><strong><em>III.</em></strong></span> <span class='ocrx_word' id='word_1_113' title='bbox 854 2953 964 3018; x_wconf 71' lang='lat' dir='ltr'>Euadne</span> <span class='ocrx_word' id='word_1_114' title='bbox 988 2955 1165 3040; x_wconf 76' lang='lat' dir='ltr'>kirdlynalc</span> <span class='ocrx_word' id='word_1_115' title='bbox 1180 2979 1220 3018; x_wconf 78' lang='lat' dir='ltr'>aa</span> <span class='ocrx_word' id='word_1_116' title='bbox 1251 2955 1322 3021; x_wconf 77' lang='lat' dir='ltr'>Aba</span> <span class='ocrx_word' id='word_1_117' title='bbox 1338 2981 1416 3020; x_wconf 80' lang='lat' dir='ltr'>nam·</span> 
     </span>
    </p>
   </div>
   <div class='ocr_carea' id='block_1_7' title="bbox 289 3061 1536 3149">
    <p class='ocr_par' dir='ltr' id='par_1_7' title="bbox 289 3061 1536 3149">
     <span class='ocr_line' id='line_1_19' title="bbox 289 3061 1536 3149; baseline 0 -21"><span class='ocrx_word' id='word_1_118' title='bbox 289 3069 390 3149; x_wconf 67' lang='lat' dir='ltr'>amelly</span> <span class='ocrx_word' id='word_1_119' title='bbox 406 3063 664 3148; x_wconf 68' lang='lat' dir='ltr'>bimolosztdlycit</span> <span class='ocrx_word' id='word_1_120' title='bbox 688 3061 1301 3147; x_wconf 70' lang='lat' dir='ltr'>tuirqyazdtorveiuylsezesiku‘adccioydt.</span> <span class='ocrx_word' id='word_1_121' title='bbox 1319 3063 1412 3128; x_wconf 83' lang='lat'><strong><em>1299.</em></strong></span> <span class='ocrx_word' id='word_1_122' title='bbox 1535 3135 1536 3140; x_wconf 8' lang='grc' dir='ltr'>ἵ</span> 
     </span>
    </p>
   </div>
   <div class='ocr_carea' id='block_1_8' title="bbox 290 3254 1419 3550">
    <p class='ocr_par' dir='ltr' id='par_1_8' title="bbox 290 3254 1419 3550">
     <span class='ocr_line' id='line_1_20' title="bbox 399 3254 1419 3340; baseline 0 -17"><span class='ocrx_word' id='word_1_123' title='bbox 399 3257 581 3340; x_wconf 82' lang='lat' dir='ltr'>Capitulum</span> <span class='ocrx_word' id='word_1_124' title='bbox 598 3255 745 3322; x_wconf 84' lang='lat' dir='ltr'>Eoolesie</span> <span class='ocrx_word' id='word_1_125' title='bbox 769 3254 929 3320; x_wconf 89' lang='lat' dir='ltr'>Budensis</span> <span class='ocrx_word' id='word_1_126' title='bbox 955 3254 1102 3321; x_wconf 82' lang='lat' dir='ltr'>omnibus</span> <span class='ocrx_word' id='word_1_127' title='bbox 1128 3255 1245 3324; x_wconf 82' lang='lat' dir='ltr'>Christi</span> <span class='ocrx_word' id='word_1_128' title='bbox 1263 3257 1419 3323; x_wconf 86' lang='lat' dir='ltr'>fidelibus-</span> 
     </span>
     <span class='ocr_line' id='line_1_21' title="bbox 290 3359 1413 3449; baseline -0.002 -19"><span class='ocrx_word' id='word_1_129' title='bbox 290 3371 461 3449; x_wconf 86' lang='lat' dir='ltr'>presentes</span> <span class='ocrx_word' id='word_1_130' title='bbox 481 3364 609 3429; x_wconf 86' lang='lat' dir='ltr'>litteras</span> <span class='ocrx_word' id='word_1_131' title='bbox 629 3361 822 3446; x_wconf 88' lang='lat' dir='ltr'>inspecturis</span> <span class='ocrx_word' id='word_1_132' title='bbox 848 3359 987 3427; x_wconf 87' lang='lat' dir='ltr'>salutem</span> <span class='ocrx_word' id='word_1_133' title='bbox 1013 3361 1047 3426; x_wconf 93' lang='lat' dir='ltr'>in</span> <span class='ocrx_word' id='word_1_134' title='bbox 1072 3381 1149 3428; x_wconf 85' lang='lat' dir='ltr'>uero</span> <span class='ocrx_word' id='word_1_135' title='bbox 1177 3363 1348 3432; x_wconf 89' lang='lat' dir='ltr'>saluatore.</span> <span class='ocrx_word' id='word_1_136' title='bbox 1366 3364 1413 3428; x_wconf 83' lang='lat' dir='ltr'>Ad</span> 
     </span>
     <span class='ocr_line' id='line_1_22' title="bbox 290 3467 1414 3550; baseline -0.003 -12"><span class='ocrx_word' id='word_1_137' title='bbox 290 3472 515 3538; x_wconf 85' lang='lat' dir='ltr'>uniuersorum</span> <span class='ocrx_word' id='word_1_138' title='bbox 531 3469 684 3536; x_wconf 86' lang='lat' dir='ltr'>noticiam</span> <span class='ocrx_word' id='word_1_139' title='bbox 695 3475 762 3534; x_wconf 89' lang='lat' dir='ltr'>tam</span> <span class='ocrx_word' id='word_1_140' title='bbox 772 3467 975 3550; x_wconf 87' lang='lat' dir='ltr'>presencium</span> <span class='ocrx_word' id='word_1_141' title='bbox 993 3487 1090 3550; x_wconf 85' lang='lat' dir='ltr'>quam</span> <span class='ocrx_word' id='word_1_142' title='bbox 1107 3467 1286 3535; x_wconf 85' lang='lat' dir='ltr'>futurorum</span> <span class='ocrx_word' id='word_1_143' title='bbox 1304 3469 1414 3537; x_wconf 89' lang='lat' dir='ltr'>harum</span> 
     </span>
    </p>
   </div>
   <div class='ocr_carea' id='block_1_9' title="bbox 291 3574 1535 3661">
    <p class='ocr_par' dir='ltr' id='par_1_9' title="bbox 291 3574 1535 3661">
     <span class='ocr_line' id='line_1_23' title="bbox 291 3574 1535 3661; baseline -0.004 -15"><span class='ocrx_word' id='word_1_144' title='bbox 291 3577 375 3646; x_wconf 89' lang='lat' dir='ltr'>serie</span> <span class='ocrx_word' id='word_1_145' title='bbox 393 3577 540 3643; x_wconf 88' lang='lat' dir='ltr'>uolumus</span> <span class='ocrx_word' id='word_1_146' title='bbox 555 3574 747 3661; x_wconf 89' lang='lat' dir='ltr'>peruenire,</span> <span class='ocrx_word' id='word_1_147' title='bbox 774 3574 862 3657; x_wconf 89' lang='lat' dir='ltr'>quod</span> <span class='ocrx_word' id='word_1_148' title='bbox 888 3574 1046 3640; x_wconf 83' lang='lat' dir='ltr'>discretos</span> <span class='ocrx_word' id='word_1_149' title='bbox 1069 3575 1118 3640; x_wconf 84' lang='lat' dir='ltr'>vir</span> <span class='ocrx_word' id='word_1_150' title='bbox 1133 3575 1290 3659; x_wconf 80' lang='lat' dir='ltr'>Magister</span> <span class='ocrx_word' id='word_1_151' title='bbox 1306 3576 1415 3644; x_wconf 87' lang='lat' dir='ltr'>Ladin·</span> <span class='ocrx_word' id='word_1_152' title='bbox 1534 3587 1535 3608; x_wconf 73' lang='lat'>³</span> 
     </span>
    </p>
   </div>
   <div class='ocr_carea' id='block_1_10' title="bbox 290 3681 1418 3878">
    <p class='ocr_par' dir='ltr' id='par_1_10' title="bbox 290 3681 1418 3878">
     <span class='ocr_line' id='line_1_24' title="bbox 290 3681 1418 3769; baseline 0 -19"><span class='ocrx_word' id='word_1_153' title='bbox 290 3685 364 3750; x_wconf 89' lang='lat' dir='ltr'>laus</span> <span class='ocrx_word' id='word_1_154' title='bbox 379 3685 566 3767; x_wconf 88' lang='lat' dir='ltr'>Propositus</span> <span class='ocrx_word' id='word_1_155' title='bbox 583 3682 786 3769; x_wconf 85' lang='lat' dir='ltr'>Tytuliensis</span> <span class='ocrx_word' id='word_1_156' title='bbox 802 3681 877 3748; x_wconf 75' lang='lat' dir='ltr'>anule</span> <span class='ocrx_word' id='word_1_157' title='bbox 901 3681 1023 3746; x_wconf 90' lang='lat' dir='ltr'>domini</span> <span class='ocrx_word' id='word_1_158' title='bbox 1040 3683 1140 3765; x_wconf 82' lang='lat' dir='ltr'>Regis</span> <span class='ocrx_word' id='word_1_159' title='bbox 1158 3683 1418 3750; x_wconf 80' lang='lat' dir='ltr'>Vico-cancella·</span> 
     </span>
     <span class='ocr_line' id='line_1_25' title="bbox 291 3787 1414 3878; baseline -0.002 -22"><span class='ocrx_word' id='word_1_160' title='bbox 291 3792 379 3872; x_wconf 84' lang='lat' dir='ltr'>rius,</span> <span class='ocrx_word' id='word_1_161' title='bbox 405 3790 588 3857; x_wconf 89' lang='lat' dir='ltr'>Demetrius</span> <span class='ocrx_word' id='word_1_162' title='bbox 613 3795 643 3855; x_wconf 90' lang='lat' dir='ltr'>et</span> <span class='ocrx_word' id='word_1_163' title='bbox 670 3787 856 3856; x_wconf 82' lang='lat' dir='ltr'>Alexander</span> <span class='ocrx_word' id='word_1_164' title='bbox 880 3787 1028 3872; x_wconf 84' lang='lat' dir='ltr'>Magistri</span> <span class='ocrx_word' id='word_1_165' title='bbox 1053 3789 1171 3855; x_wconf 83' lang='lat' dir='ltr'>fratres</span> <span class='ocrx_word' id='word_1_166' title='bbox 1187 3787 1344 3878; x_wconf 86' lang='lat' dir='ltr'>ciusdem,</span> <span class='ocrx_word' id='word_1_167' title='bbox 1360 3791 1414 3874; x_wconf 85' lang='lat' dir='ltr'>filij</span> 
     </span>
    </p>
   </div>
   <div class='ocr_carea' id='block_1_11' title="bbox 292 3895 1534 3996">
    <p class='ocr_par' dir='ltr' id='par_1_11' title="bbox 292 3895 1534 3996">
     <span class='ocr_line' id='line_1_26' title="bbox 292 3895 1534 3996; baseline -0.002 -33"><span class='ocrx_word' id='word_1_168' title='bbox 292 3897 427 3964; x_wconf 86' lang='lat' dir='ltr'>Comitis</span> <span class='ocrx_word' id='word_1_169' title='bbox 445 3895 625 3962; x_wconf 82' lang='lat' dir='ltr'>Alexandri</span> <span class='ocrx_word' id='word_1_170' title='bbox 642 3895 683 3961; x_wconf 90' lang='lat' dir='ltr'>de</span> <span class='ocrx_word' id='word_1_171' title='bbox 699 3913 820 3977; x_wconf 84' lang='lat' dir='ltr'>genere</span> <span class='ocrx_word' id='word_1_172' title='bbox 836 3895 917 3981; x_wconf 84' lang='lat' dir='ltr'>Aba,</span> <span class='ocrx_word' id='word_1_173' title='bbox 928 3915 986 3978; x_wconf 91' lang='lat' dir='ltr'>pro</span> <span class='ocrx_word' id='word_1_174' title='bbox 1002 3915 1036 3959; x_wconf 92' lang='lat' dir='ltr'>se</span> <span class='ocrx_word' id='word_1_175' title='bbox 1048 3899 1079 3960; x_wconf 87' lang='lat' dir='ltr'>et</span> <span class='ocrx_word' id='word_1_176' title='bbox 1094 3915 1152 3979; x_wconf 88' lang='lat' dir='ltr'>pro</span> <span class='ocrx_word' id='word_1_177' title='bbox 1169 3896 1309 3962; x_wconf 87' lang='lat' dir='ltr'>Nicolao</span> <span class='ocrx_word' id='word_1_178' title='bbox 1320 3896 1416 3963; x_wconf 87' lang='lat' dir='ltr'>fratre</span> <span class='ocrx_word' id='word_1_179' title='bbox 1533 3983 1534 3996; x_wconf 13' lang='grc' dir='ltr'>ἦ</span> 
     </span>
    </p>
   </div>
   <div class='ocr_carea' id='block_1_12' title="bbox 293 3999 1416 4303">
    <p class='ocr_par' dir='ltr' id='par_1_12' title="bbox 293 3999 1416 4303">
     <span class='ocr_line' id='line_1_27' title="bbox 293 3999 1414 4087; baseline -0.002 -17"><span class='ocrx_word' id='word_1_180' title='bbox 293 4005 467 4070; x_wconf 85' lang='lat' dir='ltr'>eorundem</span> <span class='ocrx_word' id='word_1_181' title='bbox 485 4003 527 4068; x_wconf 88' lang='lat' dir='ltr'>ab</span> <span class='ocrx_word' id='word_1_182' title='bbox 544 4023 610 4069; x_wconf 88' lang='lat' dir='ltr'>una</span> <span class='ocrx_word' id='word_1_183' title='bbox 626 4007 736 4087; x_wconf 89' lang='lat' dir='ltr'>parte;</span> <span class='ocrx_word' id='word_1_184' title='bbox 758 3999 957 4087; x_wconf 84' lang='lat' dir='ltr'>Lukaohius,</span> <span class='ocrx_word' id='word_1_185' title='bbox 969 4002 1084 4067; x_wconf 90' lang='lat' dir='ltr'>Petrus</span> <span class='ocrx_word' id='word_1_186' title='bbox 1102 4009 1134 4067; x_wconf 91' lang='lat' dir='ltr'>et</span> <span class='ocrx_word' id='word_1_187' title='bbox 1149 4001 1337 4070; x_wconf 88' lang='lat' dir='ltr'>Demetrius</span> <span class='ocrx_word' id='word_1_188' title='bbox 1353 4005 1414 4068; x_wconf 87' lang='lat' dir='ltr'>lla-</span> 
     </span>
     <span class='ocr_line' id='line_1_28' title="bbox 294 4109 1416 4196; baseline 0 -21"><span class='ocrx_word' id='word_1_189' title='bbox 294 4113 399 4196; x_wconf 80' lang='lat' dir='ltr'>gistri,</span> <span class='ocrx_word' id='word_1_190' title='bbox 414 4111 472 4193; x_wconf 87' lang='lat' dir='ltr'>filij</span> <span class='ocrx_word' id='word_1_191' title='bbox 490 4111 622 4175; x_wconf 86' lang='lat' dir='ltr'>Comitis</span> <span class='ocrx_word' id='word_1_192' title='bbox 646 4109 732 4174; x_wconf 88' lang='lat' dir='ltr'>Petri</span> <span class='ocrx_word' id='word_1_193' title='bbox 758 4109 799 4173; x_wconf 88' lang='lat' dir='ltr'>de</span> <span class='ocrx_word' id='word_1_194' title='bbox 819 4109 933 4175; x_wconf 86' lang='lat' dir='ltr'>eodem</span> <span class='ocrx_word' id='word_1_195' title='bbox 950 4127 1080 4195; x_wconf 83' lang='lat' dir='ltr'>genere,</span> <span class='ocrx_word' id='word_1_196' title='bbox 1098 4129 1156 4193; x_wconf 89' lang='lat' dir='ltr'>pro</span> <span class='ocrx_word' id='word_1_197' title='bbox 1172 4129 1218 4194; x_wconf 84' lang='lat' dir='ltr'>se,</span> <span class='ocrx_word' id='word_1_198' title='bbox 1234 4117 1268 4175; x_wconf 90' lang='lat' dir='ltr'>et</span> <span class='ocrx_word' id='word_1_199' title='bbox 1283 4129 1342 4194; x_wconf 89' lang='lat' dir='ltr'>pro</span> <span class='ocrx_word' id='word_1_200' title='bbox 1357 4111 1416 4175; x_wconf 90' lang='lat' dir='ltr'>La-</span> 
     </span>
     <span class='ocr_line' id='line_1_29' title="bbox 293 4213 1415 4303; baseline -0.004 -18"><span class='ocrx_word' id='word_1_201' title='bbox 293 4217 411 4297; x_wconf 86' lang='lat' dir='ltr'>dizlao‚</span> <span class='ocrx_word' id='word_1_202' title='bbox 429 4239 468 4285; x_wconf 89' lang='lat' dir='ltr'>ac</span> <span class='ocrx_word' id='word_1_203' title='bbox 477 4237 538 4303; x_wconf 87' lang='lat' dir='ltr'>pro</span> <span class='ocrx_word' id='word_1_204' title='bbox 549 4215 715 4301; x_wconf 83' lang='lat' dir='ltr'>Stephano</span> <span class='ocrx_word' id='word_1_205' title='bbox 725 4214 879 4282; x_wconf 87' lang='lat' dir='ltr'>iratribus</span> <span class='ocrx_word' id='word_1_206' title='bbox 888 4215 1031 4300; x_wconf 89' lang='lat' dir='ltr'>ipsorum</span> <span class='ocrx_word' id='word_1_207' title='bbox 1048 4218 1091 4282; x_wconf 86' lang='lat' dir='ltr'>ab</span> <span class='ocrx_word' id='word_1_208' title='bbox 1107 4217 1211 4281; x_wconf 85' lang='lat' dir='ltr'>altera</span> <span class='ocrx_word' id='word_1_209' title='bbox 1220 4213 1314 4302; x_wconf 53' lang='lat' dir='ltr'>,icum</span> <span class='ocrx_word' id='word_1_210' title='bbox 1331 4216 1415 4284; x_wconf 83' lang='lat' dir='ltr'>suli·</span> 
     </span>
    </p>
   </div>
   <div class='ocr_carea' id='block_1_13' title="bbox 293 4315 1533 4409">
    <p class='ocr_par' dir='ltr' id='par_1_13' title="bbox 293 4315 1533 4409">
     <span class='ocr_line' id='line_1_30' title="bbox 293 4315 1533 4409; baseline -0.006 -18"><span class='ocrx_word' id='word_1_211' title='bbox 293 4325 453 4392; x_wconf 78' lang='lat' dir='ltr'>aientibus</span> <span class='ocrx_word' id='word_1_212' title='bbox 469 4323 702 4409; x_wconf 88' lang='lat' dir='ltr'>procuratorljs</span> <span class='ocrx_word' id='word_1_213' title='bbox 718 4321 836 4387; x_wconf 87' lang='lat' dir='ltr'>litteris</span> <span class='ocrx_word' id='word_1_214' title='bbox 852 4321 975 4388; x_wconf 91' lang='lat' dir='ltr'>domini</span> <span class='ocrx_word' id='word_1_215' title='bbox 990 4322 1090 4407; x_wconf 82' lang='lat' dir='ltr'>Regis</span> <span class='ocrx_word' id='word_1_216' title='bbox 1108 4341 1218 4388; x_wconf 86' lang='lat' dir='ltr'>eoram</span> <span class='ocrx_word' id='word_1_217' title='bbox 1236 4324 1331 4390; x_wconf 90' lang='lat' dir='ltr'>nobis</span> <span class='ocrx_word' id='word_1_218' title='bbox 1346 4341 1414 4407; x_wconf 87' lang='lat' dir='ltr'>per·</span> <span class='ocrx_word' id='word_1_219' title='bbox 1532 4315 1533 4348; x_wconf 64' lang='lat' dir='ltr'>r</span> 
     </span>
    </p>
   </div>
   <div class='ocr_carea' id='block_1_14' title="bbox 287 4427 1419 4621">
    <p class='ocr_par' dir='ltr' id='par_1_14' title="bbox 287 4427 1419 4621">
     <span class='ocr_line' id='line_1_31' title="bbox 293 4427 1414 4514; baseline -0.005 -16"><span class='ocrx_word' id='word_1_220' title='bbox 293 4433 450 4499; x_wconf 86' lang='lat' dir='ltr'>sonaliter</span> <span class='ocrx_word' id='word_1_221' title='bbox 464 4430 629 4498; x_wconf 87' lang='lat' dir='ltr'>constituti</span> <span class='ocrx_word' id='word_1_222' title='bbox 645 4429 833 4513; x_wconf 89' lang='lat' dir='ltr'>petiuerunt</span> <span class='ocrx_word' id='word_1_223' title='bbox 859 4447 879 4493; x_wconf 92' lang='lat' dir='ltr'>a</span> <span class='ocrx_word' id='word_1_224' title='bbox 895 4427 989 4494; x_wconf 90' lang='lat' dir='ltr'>nobis</span> <span class='ocrx_word' id='word_1_225' title='bbox 1004 4448 1078 4494; x_wconf 88' lang='lat' dir='ltr'>cnm</span> <span class='ocrx_word' id='word_1_226' title='bbox 1095 4429 1270 4514; x_wconf 74' lang='lat' dir='ltr'>instancia,</span> <span class='ocrx_word' id='word_1_227' title='bbox 1283 4435 1320 4496; x_wconf 86' lang='lat' dir='ltr'>vt</span> <span class='ocrx_word' id='word_1_228' title='bbox 1333 4436 1414 4494; x_wconf 87' lang='lat' dir='ltr'>teno-</span> 
     </span>
     <span class='ocr_line' id='line_1_32' title="bbox 287 4533 1419 4621; baseline -0.006 -16"><span class='ocrx_word' id='word_1_229' title='bbox 287 4559 360 4605; x_wconf 88' lang='lat' dir='ltr'>rem</span> <span class='ocrx_word' id='word_1_230' title='bbox 376 4557 432 4603; x_wconf 88' lang='lat' dir='ltr'>seu</span> <span class='ocrx_word' id='word_1_231' title='bbox 448 4539 586 4605; x_wconf 80' lang='lat' dir='ltr'>formam</span> <span class='ocrx_word' id='word_1_232' title='bbox 603 4535 846 4621; x_wconf 83' lang='lat' dir='ltr'>priuilegiorum</span> <span class='ocrx_word' id='word_1_233' title='bbox 872 4533 996 4602; x_wconf 89' lang='lat' dir='ltr'>domini</span> <span class='ocrx_word' id='word_1_234' title='bbox 1013 4535 1142 4606; x_wconf 80' lang='lat' dir='ltr'>Andree</span> <span class='ocrx_word' id='word_1_235' title='bbox 1161 4537 1303 4605; x_wconf 88' lang='lat' dir='ltr'>Illustris</span> <span class='ocrx_word' id='word_1_236' title='bbox 1318 4536 1419 4620; x_wconf 82' lang='lat' dir='ltr'>Regis</span> 
     </span>
    </p>
   </div>
   <div class='ocr_carea' id='block_1_15' title="bbox 0 0 1573 5172">
    <p class='ocr_par' dir='ltr' id='par_1_15' title="bbox 0 0 1573 5172">
     <span class='ocr_line' id='line_1_33' title="bbox 0 0 1573 5172; baseline 0 0"><span class='ocrx_word' id='word_1_237' title='bbox 0 0 1573 5172; x_wconf 95' lang='lat' dir='ltr'> </span> 
     </span>
    </p>
   </div>
  </div>
 </body>
</html>
