3132 5162
822 304 981 400 ,Ῑὲ-

336 519 376 565 ex
391 497 483 564 uobis
499 495 636 562 mittatis
665 517 723 582 pro
755 496 940 564 testimonio
969 497 1180 582 fidedignum,
1212 518 1277 584 quo
1312 507 1459 585 presente

334 605 425 671 Belxe
440 603 524 670 filius
539 605 673 692 laruam
690 602 730 671 de
746 604 810 671 Val
826 605 902 690 alijs
933 605 1124 673 absentibus
1150 605 1245 673 lromo
1263 614 1384 695 noster,
1410 627 1460 675 ac-

335 711 431 779 cedat
446 713 490 778 ad
507 712 623 778 faciem
655 711 741 778 dicte
765 713 981 798 possessionis
999 713 1132 800 Gnmur,
1162 721 1196 781 et
1219 713 1266 780 ibi
1291 714 1408 782 vicinis
1432 721 1461 781 et

335 819 567 889 commetaneis
592 819 658 887 suis
682 819 845 888 uniuersis
872 820 1017 906 legitime
1042 821 1262 908 eonuocando,
1294 829 1328 889 et
1354 843 1459 892 coram

337 929 467 997 eosdem
483 927 609 996 ricinos
634 934 667 996 et
693 936 932 998 commetaueos
958 927 1045 1017 (lgy)
1073 929 1218 997 eiusdem
1244 932 1459 1016 possessionis

337 1036 461 1104 Gumur
477 1035 615 1104 eundem
632 1033 789 1102 Comitem
806 1037 910 1122 Batyz
925 1037 968 1103 ad
985 1036 1108 1104 dictam
1133 1040 1374 1123 possessionem
1401 1039 1459 1108 Gu-

334 1165 405 1212 mur
420 1149 561 1213 statuere
576 1149 609 1210 et
623 1149 828 1230 perpetuare
841 1143 991 1232 debeant,
1017 1147 1045 1212 si
1069 1166 1134 1212 non
1159 1145 1256 1214 fuerit
1281 1145 1457 1213 contradic

334 1260 421 1337 tum;
437 1251 690 1320 contradictores
701 1250 826 1336 verosi
836 1253 891 1336 qui
902 1249 987 1320 dicte
997 1253 1174 1321 statncioni
1186 1253 1458 1321 etresmbulacio·

335 1363 370 1428 ni
380 1366 539 1428 metarum
552 1366 585 1428 et
604 1358 825 1428 ereccionibus
836 1360 1022 1449 earundem,
1040 1361 1069 1428 si
1080 1368 1112 1428 et
1127 1361 1183 1428 ubi
1202 1381 1336 1430 necesse
1355 1361 1458 1445 fuerit,

337 1469 512 1558 extiterint,
529 1474 647 1536 extumo
663 1469 801 1537 eundem
816 1471 868 1537 rel
895 1470 1025 1538 eosdem
1041 1469 1083 1536 ad
1107 1477 1242 1539 octaucs
1269 1469 1344 1538 festi
1369 1467 1458 1535 Beati

335 1576 517 1663 Mychaelis
532 1577 729 1662 Archangeli
746 1583 900 1645 venturas
924 1585 1069 1646 nostram
1093 1581 1231 1664 Regiam
1257 1582 1395 1647 euocent
1423 1576 1455 1642 in

335 1685 559 1770 Presenciam;
592 1685 620 1752 si
646 1705 723 1752 uero
765 1685 1020 1754 contradictores
1046 1706 1111 1754 non
1137 1687 1312 1775 extiterint,
1344 1692 1458 1752 extunc

335 1795 516 1862 statuoione
532 1794 621 1862 facta
636 1815 694 1882 per
708 1794 871 1880 legitimos
887 1796 957 1864 dies
973 1796 1142 1864 continuos
1157 1795 1317 1865 incanam
1334 1813 1456 1881 posses·

334 1903 427 1972 sione
440 1901 563 1970 Gumur
579 1903 791 1990 expectando,
808 1925 880 1971 cum
898 1903 1020 1973 eisdem
1038 1904 1155 1972 vicinia
1170 1910 1203 1972 et
1228 1903 1454 1972 commetaneis

334 2010 480 2079 eiusdem
494 2011 709 2098 possessionis
725 2012 887 2080 uniuersis
902 2019 1005 2079 metas
1022 2012 1167 2080 eiusdem
1195 2033 1255 2099 per
1279 2018 1405 2081 ueteres
1429 2016 1458 2076 et

335 2120 486 2203 antiquas
502 2123 606 2187 metas
622 2121 856 2208 perambulent,
873 2119 902 2187 si
917 2126 950 2188 et
965 2120 1020 2188 ubi
1037 2130 1229 2208 oportunum
1239 2120 1392 2209 extiterit,
1402 2141 1455 2187 no·

334 2247 396 2295 nas
410 2233 515 2294 metas
531 2227 656 2311 erigere
672 2227 806 2315 saciant,
824 2234 856 2297 et
869 2228 978 2297 omnia
1002 2230 1164 2315 premissa
1182 2235 1215 2297 et
1230 2229 1457 2316 premissorum

336 2335 466 2419 singula
481 2334 575 2401 nobis
592 2333 626 2399 in
641 2333 760 2402 litteris
790 2336 910 2404 vestris
941 2336 1080 2404 fideliter
1110 2337 1307 2405 rescribatis.
1338 2335 1456 2402 Datum

335 2441 427 2510 Bude
442 2439 527 2509 feria
541 2447 635 2510 sexte
651 2443 801 2529 proxima
816 2451 892 2532 post
907 2443 1026 2514 festum
1051 2445 1145 2513 Beati
1171 2445 1286 2515 Jacobi
1310 2444 1457 2531 Apostoli

336 2548 1011 2640 annoDominiM⁰OO⁰LXXXX⁰primn
1550 2589 1551 2612 r

336 2748 388 2815 (ln
400 2751 460 2816 egri
478 2747 663 2818 lrlptslsunalx
684 2752 796 2804 taor-ki
809 2747 1103 2819 biuouysiglevelibdh
1115 2754 1183 2805 mint
1213 2747 1298 2803 altus
1312 2753 1354 2804 39.
1371 2767 1405 2804 ss.
1422 2754 1465 2823 a.)

792 3051 1004 3070 w

882 3568 935 3638 14.

336 3753 400 3820 ΠΙ.
418 3751 527 3818 Ecetra
541 3749 715 3836 kirdlynuk
730 3752 853 3818 Kalena
882 3759 964 3816 aevo
972 3749 1082 3837 foldet
1099 3753 1255 3836 tdrqyczd
1279 3749 1468 3835 cdomdnyc

466 3859 616 3946 Depreht,
631 3858 720 3922 Kcat
730 3860 888 3944 porsonyi
903 3857 975 3924 tiro
982 3858 1036 3941 fla
1061 3860 1220 3924 szdmdra.
1239 3854 1340 3954 1391,

445 4054 624 4145 (A)ndreas
649 4055 710 4121 Dei
736 4055 848 4138 gracia
877 4051 1064 4139 Hungarie,
1099 4051 1282 4138 Dalmacie,
1317 4050 1471 4132 Cronoie,

335 4161 958 4252 Rame,Sernie,Gallicie,Lodomerie,
978 4159 1137 4228 Cumanie
1160 4159 1381 4246 Bulgerieqne
1392 4160 1472 4225 Rex

335 4275 483 4342 omnibns
526 4271 647 4339 Christi
678 4271 827 4340 fidelibus
858 4275 1043 4357 presentem
1073 4255 1231 4354 paginam
1271 4258 1475 4354 inspecturis
1550 4289 1551 4380 p

335 4384 473 4452 salntem
488 4382 523 4448 in
539 4381 680 4448 omnium
696 4381 871 4448 saluatore.
889 4379 941 4444 Ad
952 4379 1176 4445 vnlnersorum
1187 4377 1341 4444 noticiam
1352 4383 1475 4442 tenore

334 4491 535 4580 presencium
552 4489 700 4555 uolumus
716 4486 896 4574 peruenire,
913 4485 999 4571 quod
1015 4483 1230 4553 consideratis
1246 4483 1473 4552 fidelitatibus
1550 4507 1551 4596 p

334 4608 366 4669 et
382 4598 593 4669 seruiciorum
611 4597 733 4664 meritis
751 4595 896 4681 Depreht
912 4595 969 4679 lilij
989 4597 1086 4682 Kunt,
1105 4593 1212 4660 Villici
1240 4591 1472 4676 Posouiensis,
