3132 5162
919 239 959 304 16

364 451 402 495 ac
419 432 562 516 pluribus
578 430 740 497 nobilibus
757 432 861 513 Regni
876 432 977 496 nostri
996 429 1174 496 casualiter
1192 429 1262 494 exis
1276 426 1409 492 tentibus
1432 424 1480 488 illa

362 538 423 618 dic,
442 541 527 604 inter
543 539 679 604 eundem
697 539 918 605 venerabilem
936 547 1060 624 patrem
1076 538 1304 604 Lodomerium
1330 534 1388 600 Dei
1412 553 1474 615 gra·

361 647 413 710 cia
438 645 727 737 archiepiscopum
754 644 1020 732 Strigonieusem,
1046 651 1079 710 et
1104 646 1185 710 inter
1210 644 1375 726 religiosos
1391 641 1476 718 viros,

362 753 477 818 fratres
504 753 627 819 scilieet
653 753 810 836 Vgrinum
837 753 936 818 lilium
962 753 1110 835 Magistri
1137 751 1279 818 Parazth
1306 749 1345 814 de
1369 763 1476 830 genere

361 857 486 940 Chaak‚
503 859 694 942 Gregorium
711 859 886 942 Lectorem,
897 857 1034 924 Paulum
1045 863 1078 923 et
1087 857 1249 922 Briccium
1261 855 1301 921 de
1311 853 1427 919 Ordine
1435 871 1477 914 eo

351 964 505 1054 -rundem,
532 965 747 1052 predictarum
764 965 966 1032 dominarum
988 971 1223 1052 procuratores,
1255 961 1412 1048 syndicus,
1431 957 1477 1020 de-

363 1073 508 1140 fensores
525 1095 582 1160 per
599 1073 730 1140 easdem
748 1074 919 1157 religiosas
935 1093 1062 1141 sorores
1079 1073 1228 1156 legaliter
1255 1069 1421 1151 institutos,
1450 1073 1476 1130 et

363 1181 406 1248 ad
425 1183 527 1248 tocius
544 1200 641 1248 cause
656 1183 771 1247 seriem
788 1180 983 1248 sufficienter
1000 1182 1182 1260 instructos,
1199 1177 1354 1244 babentes
1370 1174 1401 1238 in
1426 1173 1478 1236 boc

363 1287 450 1354 lacto
469 1287 510 1358 de
526 1289 758 1375 ratihabitione
774 1287 905 1373 plenum
922 1289 1110 1358 mandatum
1127 1285 1167 1352 de
1184 1283 1349 1351 amicabili
1364 1299 1479 1347 concor·

366 1394 422 1460 dia
438 1395 547 1462 taliter
573 1396 680 1462 extitit
710 1396 912 1461 ordinatum:
930 1393 1022 1472 Quod
1038 1395 1220 1479 predictam
1237 1399 1361 1477 partem
1377 1387 1479 1452 tributi

370 1502 410 1566 de
427 1503 467 1566 W
468 1505 551 1569 eteri
577 1504 652 1569 Pest
667 1501 753 1570 idem
769 1503 1041 1589 Archiepiscopus
1057 1501 1290 1584 Strigoniensis
1306 1498 1405 1565 eidem
1429 1493 1481 1556 lle-

367 1610 467 1676 clesie
485 1612 585 1677 Beate
603 1610 745 1694 Virginis
761 1617 793 1676 et
810 1611 877 1677 suis
894 1611 1057 1677 sororibus
1076 1616 1108 1674 ct
1123 1604 1421 1676 sanctimonialibus
1437 1619 1477 1664 rc·

365 1717 458 1800 liquit
475 1725 507 1782 et
523 1718 623 1782 cessit
639 1719 671 1782 in
689 1724 876 1803 perpetuum
895 1714 1144 1803 possidendam3
1163 1716 1272 1780 omnia
1285 1715 1480 1778 instrumenta

365 1834 397 1891 et
413 1827 589 1910 priuilegia
606 1847 701 1910 super
716 1827 801 1893 facto
819 1827 964 1913 predicte
981 1825 1114 1890 dimidie
1130 1824 1230 1910 partis
1258 1820 1368 1889 tributi
1392 1815 1483 1884 Pesti-

367 1935 453 1999 ensis
471 1933 628 2018 conlecta,
646 1953 707 2016 que
722 1953 823 2018 penes
840 1933 1060 2016 sebabebant,
1086 1932 1208 1997 eisdem
1234 1928 1423 1997 dominabus
1449 1921 1482 1984 dr

367 2039 477 2107 Insula
494 2042 594 2107 Beate
611 2041 752 2124 Virginis
769 2040 910 2107 reddens
927 2039 1072 2126 plenarie
1088 2047 1119 2104 et
1135 2039 1338 2121 relinquens3
1363 2055 1400 2100 er
1422 2029 1480 2114 qui·

366 2151 425 2213 bus
441 2149 469 2212 si
485 2167 551 2228 qua
565 2149 825 2230 reseruabuntur,
845 2155 938 2213 erunt
954 2148 1044 2213 irrita
1061 2155 1093 2212 et
1118 2147 1241 2229 inania,
1268 2143 1410 2209 omnibus
1427 2157 1483 2202 om·

368 2255 445 2318 nino
461 2252 582 2318 uiribus
598 2253 748 2321 caritura.
769 2255 794 2318 a
820 2274 975 2320 conuerso
992 2261 1100 2320 autern
1132 2253 1277 2336 predicte
1309 2248 1432 2316 domine
1460 2250 1486 2306 et

368 2379 480 2424 earnm
505 2367 731 2444 procuratores
760 2362 892 2428 totalem
918 2369 1035 2428 terram
1061 2363 1117 2428 Isa
1142 2361 1230 2428 circa
1254 2357 1435 2424 Danubium
1458 2352 1485 2413 in

370 2466 531 2533 Comitatu
556 2466 596 2532 de
614 2467 773 2534 Camarum
804 2469 1009 2535 constitutam
1041 2490 1112 2535 cum
1144 2471 1213 2536 suis
1245 2465 1432 2533 utilitatibus
1461 2467 1487 2522 et

370 2573 586 2659 pertinencijs,
603 2575 787 2659 specialiter
798 2578 969 2662 piscaturis
987 2577 1122 2660 scilieet,
1140 2575 1267 2662 insulis,
1285 2572 1392 2659 pratis,
1408 2571 1486 2634 iene-

370 2683 421 2761 tis,
438 2681 531 2746 terris
548 2681 727 2749 arabilibus
759 2683 854 2750 cultis
886 2704 942 2750 scu
973 2683 1113 2771 incultis,
1146 2692 1177 2750 et
1207 2683 1284 2767 alijs
1316 2675 1488 2756 attinenciis

369 2787 541 2873 uniuersis,
559 2808 657 2871 qnam
674 2809 714 2854 ex
732 2790 912 2858 donacione
930 2790 1050 2856 domini
1082 2791 1180 2873 Regis
1207 2791 1287 2856 Bele
1314 2787 1416 2873 quarti
1441 2783 1488 2869 pie

254 2933 255 2936 =
373 2895 523 2960 inemorie
540 2895 616 2962 clim
634 2897 775 2962 Illustris
793 2899 892 2981 Regis
924 2898 1092 2981 Hungarie
1118 2896 1342 2981 possidebant,
1365 2897 1398 2958 in
1423 2911 1488 2958 con·

371 3002 528 3068 cambium
555 3024 611 3069 seu
642 3005 914 3088 permutacionem
930 3005 1074 3089 predicte
1092 3003 1224 3068 dimidie
1249 3005 1354 3089 partis
1380 2999 1490 3075 tributi,

371 3110 537 3198 dederunt,
547 3109 750 3178 tradiderunt
761 3119 791 3177 et
801 3113 1050 3196 assignauerunt
1061 3113 1129 3178 iure
1138 3112 1349 3196 proprietatis
1360 3133 1413 3177 seu
1430 3127 1492 3192 pcr-

371 3219 459 3302 petui
476 3217 606 3302 dominij
627 3216 730 3284 eidem
749 3221 895 3284 Ecclesia
912 3219 1021 3284 Sancti
1038 3221 1161 3286 Thomc
1179 3227 1210 3283 ct
1222 3241 1282 3285 sne
1295 3216 1435 3284 Ecclesia
1445 3213 1490 3276 ba·

371 3325 511 3391 bendam
528 3335 682 3412 perpetuo
702 3333 734 3393 et
749 3323 938 3410 tenendam;
960 3327 1125 3409 assignato
1143 3327 1175 3392 in
1192 3347 1311 3393 manns
1329 3326 1428 3412 ipsius
1444 3321 1491 3384 do·

373 3431 451 3498 mini
461 3433 614 3517 Episcopi
630 3432 803 3518 priuilegio
820 3431 982 3515 quondam
998 3433 1102 3500 inoliti
1119 3433 1219 3524 Regis
1237 3432 1407 3518 Hungarie
1423 3425 1493 3494 Bcle

303 3611 307 3618 ,
373 3539 480 3620 quarti
496 3558 592 3621 super
609 3537 787 3608 donacicne
812 3541 956 3626 predicte
971 3542 1048 3607 ville
1073 3544 1127 3607 Isa
1154 3541 1337 3610 Conuentui
1366 3535 1495 3626 prefata·
1551 3611 1552 3624 χ

373 3663 442 3709 rum
458 3664 602 3710 sororum
619 3647 775 3732 confecto,
792 3649 851 3716 sub
868 3649 990 3714 eisdem
1007 3649 1098 3714 metis
1115 3656 1146 3714 et
1161 3649 1311 3716 terminis
1328 3643 1492 3732 planitudi-

375 3751 425 3816 nis
440 3769 508 3834 sue,
525 3752 641 3833 quibus
656 3753 770 3820 eadem
788 3761 873 3820 terra
889 3755 943 3820 Isa
953 3755 993 3818 ab
1004 3756 1136 3838 antiquo
1152 3762 1298 3840 tempore
1312 3775 1386 3823 esse
1403 3754 1497 3819 dinos—
1551 3811 1552 3854 p

373 3861 456 3925 citur
471 3859 623 3945 limitata,
641 3867 672 3924 et
688 3879 744 3945 per
761 3861 891 3928 easdem
908 3861 1056 3929 dominas
1072 3861 1230 3928 hactenus
1247 3863 1367 3930 habita
1386 3871 1416 3928 et
1432 3880 1497 3946 pos·
1551 3859 1552 3926 l

374 3986 476 4033 sessa.
494 3967 532 4031 In
549 3967 639 4033 cuius
654 3969 700 4034 rei
730 3968 916 4034 memoriam
942 3977 1198 4055 perpetuamque
1223 3971 1410 4037 firmitatem
1437 3985 1498 4054 prc-

373 4079 482 4138 sentcs
499 4074 712 4140 concessimus
737 4074 862 4140 litteras
889 4074 1029 4158 duplicis
1061 4077 1161 4159 sigilli
1192 4079 1294 4143 nostri
1330 4075 1500 4143 munimine
1551 4061 1552 4146 l

376 4179 551 4244 roboratas.
571 4181 690 4244 Datum
725 4199 781 4262 per
796 4199 909 4245 manus
935 4181 1064 4246 discreti
1082 4183 1142 4247 uiri
1167 4185 1316 4268 Magistri
1344 4179 1498 4250 Theodori
1551 4153 1552 4222 l

375 4283 531 4349 Albensis
548 4284 693 4350 Ecclesia
708 4284 868 4368 Prepositi
886 4287 958 4351 aule
974 4291 1083 4353 nostre
1099 4287 1178 4353 Vice
1195 4270 1399 4375 Oancellarij
1428 4287 1500 4355 dile·

377 4391 420 4454 cli
437 4401 469 4455 et
485 4389 591 4454 fidelis
609 4392 719 4474 nostri,
739 4412 824 4456 auno
851 4393 980 4458 Domini
1007 4395 1126 4460 Μ’)ΟΟ0
1152 4399 1367 4480 nonagesimo
1396 4399 1502 4484 primo.
