3120 5172
752 353 912 452 —Q

264 549 364 634 eiose,
381 555 413 616 et
428 548 536 615 omnia
552 548 664 632 quein
680 545 798 613 litteris
814 543 956 613 eiusdem
975 543 1108 611 Oomitis
1124 543 1297 612 Benedicti
1321 563 1397 609 con·

270 655 427 742 timentur,
444 657 561 739 exequi
578 655 734 722 deberent
750 675 821 722 cum
838 654 972 737 effecum
989 659 1137 738 petentes
1153 652 1318 738 adipsum
1343 668 1400 716 ue·

273 763 402 847 goeium
420 769 530 830 nostre
546 761 616 829 dari
647 783 704 848 pro
730 768 867 846 utraque
892 767 985 846 parte
1010 759 1196 827 testimonie
1236 777 1392 842 exequen-

268 868 357 935 dum.
373 869 441 936 Nos
458 877 566 938 eutem
583 869 664 935 uisis
681 870 798 935 litteris
815 867 932 936 uestris
947 865 1103 954 predictis
1120 886 1178 951 per
1195 862 1325 934 eosdem
1341 887 1394 932 ue·

269 983 365 1060 potes
382 977 483 1044 Wech
509 975 603 1044 nobis
635 976 847 1062 presentatis,
873 994 972 1042 vnum
998 994 1039 1041 ex
1063 973 1156 1041 uobis
1185 974 1290 1040 virum
1320 971 1396 1058 yde

269 1101 368 1149 neum
386 1089 419 1149 et
448 1083 646 1168 fidediguum
662 1082 812 1150 duximus
828 1081 1059 1149 destinandum
1091 1101 1158 1148 uns
1174 1101 1248 1147 cum
1280 1080 1396 1147 Oosme

270 1189 401 1257 homine
416 1191 537 1257 domiui
552 1193 651 1274 Regis
668 1189 874 1276 supradicto;
890 1189 946 1274 qui
972 1190 1099 1255 demum
1125 1189 1170 1254 ed
1200 1208 1259 1256 nos
1291 1207 1394 1254 reuer-

267 1297 300 1365 si
330 1297 425 1364 nobis
457 1297 658 1364 concorditer
688 1299 885 1384 retulerunt,
915 1297 1000 1378 qnod
1036 1295 1100 1380 ipsi
1133 1316 1200 1363 uus
1235 1315 1307 1362 cum
1333 1294 1393 1362 eis-

272 1403 346 1469 dcm
362 1405 534 1490 nepotibus
555 1404 656 1470 Weeh
673 1423 768 1488 super
794 1403 915 1470 faciem
942 1401 1025 1470 diste
1048 1411 1132 1470 terre
1155 1404 1300 1470 Korowa
1325 1421 1398 1468 cou-

269 1511 414 1579 tenciose
429 1512 463 1578 iu
478 1510 619 1578 crastino
635 1512 823 1578 festiuitutis
840 1509 989 1577 Omnium
1016 1510 1207 1577 Sanctorum
1232 1510 1327 1575 iuxta
1351 1517 1395 1573 te·

271 1638 383 1685 uorem
415 1625 595 1686 uestrarum
620 1617 803 1684 litterarum
828 1617 1055 1705 accessissent,
1081 1624 1112 1682 et
1137 1617 1237 1702 ijdem
1263 1625 1397 1701 nepotes

273 1725 375 1793 Wech
391 1726 499 1811 parati
515 1733 608 1792 erent
622 1726 666 1792 ed
680 1725 790 1794 omnia
805 1746 846 1794 eu
862 1723 1024 1811 faciendo,
1041 1745 1105 1809 que
1122 1725 1155 1790 in
1173 1725 1254 1811 ipsis
1280 1723 1400 1792 nestris

269 1833 397 1915 litteris,
416 1854 474 1901 nec
490 1854 554 1899 uon
571 1831 605 1904 in
620 1831 740 1899 litteris
755 1832 832 1899 dicti
848 1833 982 1901 Oomitis
1000 1831 1170 1899 Benedicti
1185 1831 1395 1898 dinoscuntur

275 1940 449 2018 contineri3
467 1938 553 2008 idem
569 1959 646 2008 uero
671 1940 819 2008 domiuus
846 1942 1030 2026 Episcopus
1052 1939 1316 2026 wesprimiensis
1341 1957 1398 2003 uec

277 2065 334 2131 per
349 2067 385 2115 sc
401 2069 460 2116 uec
476 2069 533 2136 per
548 2054 787 2136 procuratorem
804 2068 898 2117 suum
915 2067 1015 2134 super
1030 2047 1150 2116 faciem
1161 2046 1307 2116 ciusdem
1318 2053 1401 2112 terre
1448 2073 1451 2080 >
1535 2025 1536 2038 ’

274 2155 310 2220 iu
325 2155 397 2240 ipso
408 2157 548 2224 crastino
563 2155 713 2224 Omnium
723 2155 915 2226 Sanctorum
926 2157 1014 2222 seuit
1024 2153 1105 2241 (vel)
1116 2155 1266 2222 secessit
1282 2153 1398 2218 Datum

270 2262 374 2328 tercio
390 2261 442 2329 die
458 2268 531 2348 post
546 2261 664 2328 festum
680 2263 829 2331 Omnium
839 2263 1032 2330 Sanctorum
1042 2280 1130 2327 anno
1140 2258 1404 2328 DominiM⁰OO⁰⁴

269 2370 484 2452 nonagesimo
500 2376 625 2436 octeno.

382 2475 532 2543 Klvttl:
565 2477 680 2545 Comiti
721 2477 886 2565 Stephano
928 2477 1113 2546 Vieeiudioi
1144 2475 1241 2544 Ourie
1280 2473 1401 2542 domiui

273 2583 372 2668 Regis
389 2585 635 2669 pronepotibus
651 2585 753 2654 Wech
769 2591 883 2653 contre
898 2587 935 2652 B.
951 2585 1150 2673 Episcopum
1174 2580 1403 2670 Wesprimien-

277 2709 346 2756 sem
363 2691 408 2757 ed
429 2697 559 2760 octeucs
576 2690 727 2760 Omnium
744 2693 947 2762 Sanctorum.

284 2881 422 2950 (Eredetie
436 2884 611 2955 bdrhdrtydn,
625 2903 641 2940 e
654 2885 792 2955 cirpecset
805 2889 937 2942 elreszett
952 2889 1082 2952 ;ubudui
1103 2890 1155 2940 kir.
1179 2887 1303 2940 nemersi
1325 2882 1408 2936 lerdi—

782 2976 897 3045 tdrbcn.)

734 3257 948 3274 ὴ

799 3791 877 3860 eol.

278 3971 391 4039 ΙΙίΙεοά
406 3971 469 4038 hdo
485 3995 506 4036 a
522 3971 619 4038 dodae
644 3975 801 4058 kdptalao
816 3973 996 4040 kiktltddttei
1005 3974 1076 4042 eloe
1095 3977 1317 4061 veprmoeluec
1332 3989 1405 4042 use.

794 4078 892 4148 1298.

390 4273 576 4359 Oepitulum
592 4274 754 4343 Budensis
774 4274 922 4343 Ecclesie
946 4275 1095 4346 omnibus
1112 4274 1234 4348 cumei
1259 4277 1405 4346 fidelibus

280 4379 400 4465 quibus
425 4389 598 4468 presentes
631 4383 847 4450 ostenduntur
878 4383 1015 4452 sulutem
1047 4385 1081 4452 in
1106 4387 1223 4454 salutis
1238 4385 1408 4472 largitore.

279 4482 513 4554 Vniuersorum
528 4487 649 4555 noticie
664 4494 731 4556 tam
761 4490 965 4576 presencium
981 4512 1078 4576 quem
1094 4491 1275 4562 futurorum
1292 4491 1404 4560 herum

277 4588 504 4660 insinnecione
527 4592 709 4662 litterarum
730 4595 877 4667 volumus
893 4595 963 4667 fieri
994 4597 1222 4688 menifestum
1254 4599 1342 4684 quod
1357 4599 1409 4668 vir
