3170 5166
636 293 798 392 AO}-

144 485 288 569 llngarie
305 484 367 552 stb.
402 484 617 571 (kbvetlrezilr
648 486 850 554 Thomasina
868 506 888 552 a
904 485 1014 573 kirtly
1038 491 1210 579 anyjdnak
1227 511 1292 576 pa«

149 611 278 678 rancsa,
294 591 376 659 mint
392 591 526 660 ientebb
543 596 621 661 248.
638 613 682 660 su.
698 596 744 678 a.)

254 699 324 766 Nos
335 700 447 781 itaque
456 698 623 767 mandatis
633 699 839 786 etpreceptis
850 697 1172 768 Uestrcsxccllencie
1189 703 1284 770 satis-

147 806 257 874 facere
273 805 424 873 exdebitc
448 812 481 872 et
504 826 544 874 ex
564 813 639 876 uoto
666 808 841 894 cupientes,
859 814 895 875 ut
910 813 1064 896 tenemur,
1082 829 1154 876 cum
1169 808 1282 878 eodem

146 912 328 980 Laurencio
347 913 479 980 homine
498 919 608 982 uestro
634 933 732 982 vnum
751 936 792 982 cx
807 915 901 982 nobis
927 914 1032 982 virum
1058 915 1218 1000 ydoneum
1236 913 1280 982 ad

143 1021 304 1106 premissa
329 1017 507 1102 diligenter
538 1021 762 1104 exequendum
789 1021 1049 1104 transmisimus3
1078 1019 1280 1106 quiquidem

147 1129 243 1194 homo
283 1131 394 1192 uester
428 1131 461 1192 et
501 1132 611 1192 noster
652 1127 781 1193 demum
814 1127 857 1194 ad
887 1145 947 1194 nos
980 1125 1150 1194 redeuntes
1188 1129 1282 1196 uobis

146 1231 326 1299 retulerunt
342 1231 523 1298 uiuauoee:
548 1231 635 1316 quod
652 1233 736 1300 sicut
750 1233 815 1318 ipsi
830 1252 887 1318 per
903 1231 1139 1300 clandestinam
1156 1240 1189 1300 et
1202 1236 1281 1319 pub·

148 1337 245 1405 licam
261 1336 509 1420 inquisicionem
528 1336 651 1404 factam
668 1358 689 1404 a
704 1339 785 1406 viris
800 1337 963 1405 nobilibus
979 1346 1011 1404 et
1027 1339 1282 1427 comprouiucia·

145 1445 244 1532 libus,
262 1454 294 1512 et
312 1445 389 1530 alijs
407 1445 631 1513 communibus
654 1445 841 1514 bominibus
865 1453 952 1513 certo
979 1449 1102 1516 cercius
1127 1448 1211 1516 scire
1225 1439 1281 1536 po·

145 1559 288 1636 suerunt,
304 1549 470 1638 predictus
495 1552 611 1620 Comes
635 1553 819 1621 Demetrius
845 1553 1084 1622 dominica-die
1108 1563 1283 1640 prenotata
1352 1585 1356 1593 ·

143 1659 317 1746 ueniendo,
336 1659 577 1744 possessionem
603 1659 668 1727 iam
693 1661 851 1728 dictorum
867 1661 1005 1729 filiorum
1022 1663 1188 1748 Lamperti
1203 1663 1281 1730 Tul·

145 1787 223 1834 man
239 1773 402 1849 uocatam,
420 1765 514 1833 bonis
529 1765 679 1834 omnibus
703 1766 879 1834 mobilibus
900 1775 933 1835 et
948 1787 1006 1853 per
1023 1787 1058 1836 se
1073 1768 1281 1838 mouentibus

143 1873 293 1942 indebite
308 1872 515 1962 destruendo,
540 1874 755 1961 spoliassent3
775 1875 863 1942 viros
890 1881 923 1942 et
938 1875 1107 1960 mulieres,
1133 1875 1280 1961 virgines

144 1970 178 2050 et
193 1982 324 2067 viduas,
339 1980 374 2047 in
391 1977 504 2046 eadem
521 1982 729 2068 possessione
745 1989 982 2050 commorantes
999 1981 1204 2070 denudando,
1221 1982 1278 2048 mi·

144 2089 330 2156 sanabiliter
345 2095 461 2156 contra
476 2087 581 2155 Deum
597 2095 630 2158 et
646 2090 716 2156 eius
727 2088 895 2174 justiciam
918 2088 1149 2168 detrectandc;
1167 2088 1277 2173 fruges

144 2213 257 2264 eorum
274 2196 367 2282 equis
383 2196 572 2283 spargendo
581 2249 592 2285 ,
618 2204 651 2264 et
675 2195 824 2266 residuas
840 2197 1056 2284 asportando;
1089 2203 1123 2264 et
1139 2196 1279 2284 capillos

144 2305 243 2373 unius
262 2305 451 2389 jobagionis
476 2307 528 2372 sui
559 2304 765 2373 demecando.
790 2302 880 2383 Quas
905 2303 1033 2392 quidem
1056 2305 1275 2391 spoliacicnes

145 2410 311 2496 virginum
327 2421 360 2479 et
376 2411 561 2499 viduarum,
585 2431 625 2480 ac
641 2412 831 2500 capillorum
855 2413 1038 2498 icbagicnis
1053 2413 1197 2498 ipsorum
1213 2412 1278 2481 dis·

146 2519 350 2604 sipacicnem
366 2519 452 2589 idem
472 2521 568 2590 borno
583 2530 692 2590 uester
715 2529 749 2590 et
763 2528 874 2591 uostm
898 2521 1020 2590 uidisse
1035 2528 1111 2591 suut
1126 2520 1277 2608 confessi,

146 2633 179 2694 et
194 2626 303 2694 adbuc
321 2627 497 2698 descensus
521 2629 625 2716 ipsius
641 2629 777 2698 Comitis
792 2627 950 2716 Demetrij
969 2630 1002 2696 in
1018 2628 1134 2698 eadem
1149 2647 1279 2715 posses·

146 2733 239 2800 sione
255 2734 427 2818 reliquisse
437 2735 649 2803 affirmarunt.
659 2733 897 2804 Nicbilominus
912 2736 997 2804 feria
1007 2735 1280 2822 quintaproxima

147 2847 223 2907 ante
237 2840 358 2909 festum
379 2843 491 2910 Sancti
507 2842 639 2910 Martini
657 2843 791 2912 citasset
820 2843 915 2910 oculo
940 2841 984 2907 ad
1000 2841 1127 2909 oculum
1152 2841 1187 2908 in
1203 2842 1279 2928 ipsa

22 3025 25 3028 ,
146 2949 350 3034 possessione
367 2947 523 3018 Comitem
539 2949 751 3036 Demetrium,
769 2949 959 3018 Michaelem
984 2949 1086 3016 filium
1103 2949 1278 3038 Dominici,

144 3056 329 3126 Jobannem
345 3057 456 3142 Kopoa
472 3057 601 3146 dictum,
618 3059 695 3125 item
721 3057 861 3137 Petrum,
877 3057 1048 3124 Nicolaum
1064 3055 1166 3120 lilium
1182 3055 1278 3144 Bula,

148 3171 182 3234 et
196 3167 295 3235 alium
311 3167 414 3234 lilium
431 3165 564 3252 Obeng;
589 3167 666 3234 item
684 3187 725 3236 ex
740 3165 956 3235 seruientibus
972 3163 1119 3249 Magistri
1135 3163 1279 3231 Lauron-

145 3275 187 3361 cij
204 3275 422 3343 Benceucium
437 3275 480 3342 de
495 3275 678 3359 Bencench,
693 3273 853 3344 Jacobum
870 3261 983 3360 Zuoph
999 3275 1138 3350 dietum,
1155 3273 1278 3338 leban-

144 3401 220 3449 nem
237 3389 387 3467 nepotem
403 3382 534 3450 Tarcho
549 3384 584 3450 in
599 3383 715 3451 Uestre
733 3380 1181 3467 Magnitudinispresenciam
1192 3398 1278 3446 com·
1334 3409 1338 3418 ·

144 3489 297 3576 parendi,
320 3489 456 3558 terciam
481 3489 598 3556 leriam
613 3489 794 3576 proximam
810 3497 884 3577 post
900 3489 1016 3556 testum
1032 3489 1145 3556 Sancti
1158 3485 1280 3554 Briccii

145 3597 348 3667 confessoris
367 3619 426 3684 pro
450 3599 591 3666 termino
617 3600 827 3684 assignando.
857 3599 977 3666 Datum
1004 3603 1037 3666 in
1062 3597 1146 3666 festo
1165 3595 1277 3664 Sancti

141 3705 266 3774 Briccii
282 3705 485 3774 confessoris.
991 3702 995 3710 '

144 3901 257 3970 (latria
271 3919 360 3956 comcs
382 3901 623 3972 alorsadgbirbuok
648 3905 758 3955 laco-ki
771 3902 985 3958 itdlctlcvcldbdl
1008 3906 1079 3956 mint
1089 3868 1200 3956 fentebb
1214 3901 1276 3956 256.

626 3990 699 4045 calm
712 3993 802 4061 alatt.)

603 4281 818 4292 -n———n—

187 4661 292 4700 nouum
311 4663 392 4698 nuuc.
410 4663 480 4701 rursu.
500 4673 538 4684 -
556 4665 666 4701 braccas.
695 4658 729 4702 18.
