<?xml version="1.0" encoding="UTF-8"?>
<!DOCTYPE html PUBLIC "-//W3C//DTD XHTML 1.0 Transitional//EN"
    "http://www.w3.org/TR/xhtml1/DTD/xhtml1-transitional.dtd">
<html xmlns="http://www.w3.org/1999/xhtml" xml:lang="en" lang="en">
 <head>
  <title>
</title>
<meta http-equiv="Content-Type" content="text/html;charset=utf-8" />
  <meta name='ocr-system' content='tesseract 3.04.00' />
  <meta name='ocr-capabilities' content='ocr_page ocr_carea ocr_par ocr_line ocrx_word'/>
</head>
<body>
  <div class='ocr_page' id='page_1' title='image "./codexdiplomatic19wenzgoog_0234.png"; bbox 0 0 3098 5172; ppageno 0'>
   <div class='ocr_carea' id='block_1_1' title="bbox 814 270 978 366">
    <p class='ocr_par' dir='ltr' id='par_1_1' title="bbox 814 270 978 366">
     <span class='ocr_line' id='line_1_1' title="bbox 814 270 978 366; baseline 0 -30"><span class='ocrx_word' id='word_1_1' title='bbox 814 270 978 366; x_wconf 49' lang='lat' dir='ltr'>,jag-</span> 
     </span>
    </p>
   </div>
   <div class='ocr_carea' id='block_1_2' title="bbox 318 457 1533 870">
    <p class='ocr_par' dir='ltr' id='par_1_2' title="bbox 318 457 1533 870">
     <span class='ocr_line' id='line_1_2' title="bbox 318 457 1439 556; baseline 0.003 -23"><span class='ocrx_word' id='word_1_2' title='bbox 318 481 358 533; x_wconf 87' lang='lat' dir='ltr'>so</span> <span class='ocrx_word' id='word_1_3' title='bbox 373 459 548 530; x_wconf 84' lang='lat' dir='ltr'>viderimus</span> <span class='ocrx_word' id='word_1_4' title='bbox 570 459 738 548; x_wconf 76' lang='lat' dir='ltr'><strong>contineri,</strong></span> <span class='ocrx_word' id='word_1_5' title='bbox 753 460 912 531; x_wconf 77' lang='lat' dir='ltr'>laniamus</span> <span class='ocrx_word' id='word_1_6' title='bbox 921 457 1076 531; x_wconf 81' lang='lat' dir='ltr'>imfioinm</span> <span class='ocrx_word' id='word_1_7' title='bbox 1087 457 1174 534; x_wconf 82' lang='lat' dir='ltr'>inter</span> <span class='ocrx_word' id='word_1_8' title='bbox 1183 465 1439 556; x_wconf 65' lang='lat' dir='ltr'>pertrahamur</span> 
     </span>
     <span class='ocr_line' id='line_1_3' title="bbox 319 568 1438 660; baseline 0.003 -22"><span class='ocrx_word' id='word_1_9' title='bbox 319 568 451 638; x_wconf 77' lang='lat' dir='ltr'>iustioia</span> <span class='ocrx_word' id='word_1_10' title='bbox 467 569 629 640; x_wconf 84' lang='lat' dir='ltr'>videbitur</span> <span class='ocrx_word' id='word_1_11' title='bbox 645 569 810 656; x_wconf 84' lang='lat' dir='ltr'>expedire.</span> <span class='ocrx_word' id='word_1_12' title='bbox 828 571 949 638; x_wconf 82' lang='lat' dir='ltr'>Datum</span> <span class='ocrx_word' id='word_1_13' title='bbox 965 570 1121 658; x_wconf 84' lang='lat' dir='ltr'>Strigonij</span> <span class='ocrx_word' id='word_1_14' title='bbox 1151 571 1234 642; x_wconf 80' lang='lat' dir='ltr'>toria</span> <span class='ocrx_word' id='word_1_15' title='bbox 1258 581 1354 641; x_wconf 83' lang='lat' dir='ltr'>sexta</span> <span class='ocrx_word' id='word_1_16' title='bbox 1379 595 1438 660; x_wconf 82' lang='lat' dir='ltr'>pro-</span> 
     </span>
     <span class='ocr_line' id='line_1_4' title="bbox 318 674 1533 768; baseline 0.004 -25"><span class='ocrx_word' id='word_1_17' title='bbox 318 675 409 743; x_wconf 87' lang='lat' dir='ltr'>xima</span> <span class='ocrx_word' id='word_1_18' title='bbox 424 683 499 762; x_wconf 83' lang='lat' dir='ltr'>pont</span> <span class='ocrx_word' id='word_1_19' title='bbox 514 675 636 746; x_wconf 79' lang='lat' dir='ltr'>festum</span> <span class='ocrx_word' id='word_1_20' title='bbox 657 674 783 744; x_wconf 72' lang='lat' dir='ltr'>Sancti*</span> <span class='ocrx_word' id='word_1_21' title='bbox 797 677 1091 768; x_wconf 81' lang='lat' dir='ltr'>Mioolaillpisoopi</span> <span class='ocrx_word' id='word_1_22' title='bbox 1102 687 1134 748; x_wconf 84' lang='lat' dir='ltr'>et</span> <span class='ocrx_word' id='word_1_23' title='bbox 1144 679 1347 750; x_wconf 82' lang='lat' dir='ltr'>Confessoris</span> <span class='ocrx_word' id='word_1_24' title='bbox 1366 702 1439 749; x_wconf 82' lang='lat' dir='ltr'>anno</span> <span class='ocrx_word' id='word_1_25' title='bbox 1532 695 1533 766; x_wconf 57' lang='lat' dir='ltr'>l</span> 
     </span>
     <span class='ocr_line' id='line_1_5' title="bbox 323 781 899 870; baseline 0.014 -23"><span class='ocrx_word' id='word_1_26' title='bbox 323 781 454 852; x_wconf 86' lang='lat' dir='ltr'><strong>Domini</strong></span> <span class='ocrx_word' id='word_1_27' title='bbox 475 783 596 853; x_wconf 76' lang='lat' dir='ltr'>MCC·</span> <span class='ocrx_word' id='word_1_28' title='bbox 610 785 825 870; x_wconf 83' lang='lat' dir='ltr'>nonagesimo</span> <span class='ocrx_word' id='word_1_29' title='bbox 842 787 899 854; x_wconf 84' lang='lat' dir='ltr'>V.⁰</span> 
     </span>
    </p>
   </div>
   <div class='ocr_carea' id='block_1_3' title="bbox 406 982 1366 1054">
    <p class='ocr_par' dir='ltr' id='par_1_3' title="bbox 406 982 1366 1054">
     <span class='ocr_line' id='line_1_6' title="bbox 406 982 1366 1054; baseline 0.003 -20"><span class='ocrx_word' id='word_1_30' title='bbox 406 983 458 1048; x_wconf 79' lang='lat' dir='ltr'>(Aa</span> <span class='ocrx_word' id='word_1_31' title='bbox 471 984 570 1036; x_wconf 84' lang='lat' dir='ltr'>eredsti</span> <span class='ocrx_word' id='word_1_32' title='bbox 582 982 649 1038; x_wconf 75' lang='lat' dir='ltr'>utin</span> <span class='ocrx_word' id='word_1_33' title='bbox 662 986 760 1036; x_wconf 80' lang='lat' dir='ltr'>Knaun</span> <span class='ocrx_word' id='word_1_34' title='bbox 773 982 893 1048; x_wconf 64' lang='lat' dir='ltr'>Mindon</span> <span class='ocrx_word' id='word_1_35' title='bbox 916 985 1033 1052; x_wconf 80' lang='lat' dir='ltr'>Mogyar</span> <span class='ocrx_word' id='word_1_36' title='bbox 1047 986 1111 1038; x_wconf 82' lang='lat' dir='ltr'>Sion</span> <span class='ocrx_word' id='word_1_37' title='bbox 1129 986 1180 1040; x_wconf 91' lang='lat'><em>111.</em></span> <span class='ocrx_word' id='word_1_38' title='bbox 1194 987 1250 1038; x_wconf 79' lang='lat' dir='ltr'>ket.</span> <span class='ocrx_word' id='word_1_39' title='bbox 1263 989 1323 1040; x_wconf 76' lang='grc'>933.</span> <span class='ocrx_word' id='word_1_40' title='bbox 1336 989 1366 1054; x_wconf 91' lang='lat' dir='ltr'>l.)</span> 
     </span>
    </p>
   </div>
   <div class='ocr_carea' id='block_1_4' title="bbox 784 1253 996 1269">
    <p class='ocr_par' dir='ltr' id='par_1_4' title="bbox 784 1253 996 1269">
     <span class='ocr_line' id='line_1_7' title="bbox 784 1253 996 1269; baseline 0.009 -4"><span class='ocrx_word' id='word_1_41' title='bbox 784 1253 996 1269; x_wconf 50' lang='grc' dir='ltr'>-ᾝ</span> 
     </span>
    </p>
   </div>
   <div class='ocr_carea' id='block_1_5' title="bbox 848 1805 925 1872">
    <p class='ocr_par' dir='ltr' id='par_1_5' title="bbox 848 1805 925 1872">
     <span class='ocr_line' id='line_1_8' title="bbox 848 1805 925 1872; baseline -0.052 0"><span class='ocrx_word' id='word_1_42' title='bbox 848 1805 925 1872; x_wconf 80' lang='lat'>128.</span> 
     </span>
    </p>
   </div>
   <div class='ocr_carea' id='block_1_6' title="bbox 322 2001 1445 2175">
    <p class='ocr_par' dir='ltr' id='par_1_6' title="bbox 322 2001 1445 2175">
     <span class='ocr_line' id='line_1_9' title="bbox 322 2001 1445 2092; baseline -0.004 -22"><span class='ocrx_word' id='word_1_43' title='bbox 322 2004 455 2070; x_wconf 79' lang='lat' dir='ltr'>Mdrton</span> <span class='ocrx_word' id='word_1_44' title='bbox 482 2026 579 2070; x_wconf 83' lang='lat' dir='ltr'>eomes</span> <span class='ocrx_word' id='word_1_45' title='bbox 610 2002 897 2092; x_wconf 70' lang='lat' dir='ltr'>uloraqubr&#39;roaul·</span> <span class='ocrx_word' id='word_1_46' title='bbox 921 2003 1069 2068; x_wconf 85' lang='lat' dir='ltr'>Pehchuu</span> <span class='ocrx_word' id='word_1_47' title='bbox 1100 2004 1255 2089; x_wconf 65' lang='lat' dir='ltr'>helyaeyro</span> <span class='ocrx_word' id='word_1_48' title='bbox 1279 2001 1445 2068; x_wconf 71' lang='lat' dir='ltr'>aonmhoao</span> 
     </span>
     <span class='ocr_line' id='line_1_10' title="bbox 778 2108 1007 2175; baseline -0.009 -2"><span class='ocrx_word' id='word_1_49' title='bbox 778 2110 890 2175; x_wconf 69' lang='lat' dir='ltr'>ateleto.</span> <span class='ocrx_word' id='word_1_50' title='bbox 911 2108 1007 2174; x_wconf 77' lang='lat'><em>1205.</em></span> 
     </span>
    </p>
   </div>
   <div class='ocr_carea' id='block_1_7' title="bbox 325 2283 1525 4632">
    <p class='ocr_par' dir='ltr' id='par_1_7' title="bbox 325 2283 1525 4632">
     <span class='ocr_line' id='line_1_11' title="bbox 434 2283 1446 2370; baseline 0 -18"><span class='ocrx_word' id='word_1_51' title='bbox 434 2288 499 2356; x_wconf 86' lang='lat' dir='ltr'>Nos</span> <span class='ocrx_word' id='word_1_52' title='bbox 518 2287 632 2352; x_wconf 82' lang='lat' dir='ltr'>Comen</span> <span class='ocrx_word' id='word_1_53' title='bbox 651 2285 809 2352; x_wconf 87' lang='lat' dir='ltr'>Martinus</span> <span class='ocrx_word' id='word_1_54' title='bbox 827 2285 1005 2369; x_wconf 79' lang='lat' dir='ltr'>Viorjudox</span> <span class='ocrx_word' id='word_1_55' title='bbox 1022 2283 1118 2352; x_wconf 85' lang='lat' dir='ltr'>Curie</span> <span class='ocrx_word' id='word_1_56' title='bbox 1135 2286 1259 2353; x_wconf 89' lang='lat' dir='ltr'>domini</span> <span class='ocrx_word' id='word_1_57' title='bbox 1275 2285 1374 2370; x_wconf 85' lang='lat' dir='ltr'>Regis</span> <span class='ocrx_word' id='word_1_58' title='bbox 1390 2305 1446 2352; x_wconf 85' lang='lat' dir='ltr'>nne·</span> 
     </span>
     <span class='ocr_line' id='line_1_12' title="bbox 325 2390 1448 2480; baseline -0.007 -16"><span class='ocrx_word' id='word_1_59' title='bbox 325 2396 426 2464; x_wconf 89' lang='lat' dir='ltr'>morie</span> <span class='ocrx_word' id='word_1_60' title='bbox 451 2394 716 2462; x_wconf 78' lang='lat' dir='ltr'>commendantes</span> <span class='ocrx_word' id='word_1_61' title='bbox 742 2393 964 2478; x_wconf 74' lang='lat' dir='ltr'>significamus</span> <span class='ocrx_word' id='word_1_62' title='bbox 991 2393 1154 2462; x_wconf 84' lang='lat' dir='ltr'>uniuersis</span> <span class='ocrx_word' id='word_1_63' title='bbox 1179 2394 1297 2477; x_wconf 88' lang='lat' dir='ltr'>quibus</span> <span class='ocrx_word' id='word_1_64' title='bbox 1323 2390 1448 2480; x_wconf 86' lang='lat' dir='ltr'>expedit</span> 
     </span>
     <span class='ocr_line' id='line_1_13' title="bbox 326 2499 1448 2589; baseline -0.009 -16"><span class='ocrx_word' id='word_1_65' title='bbox 326 2503 531 2589; x_wconf 86' lang='lat' dir='ltr'>presenoium</span> <span class='ocrx_word' id='word_1_66' title='bbox 547 2521 605 2587; x_wconf 88' lang='lat' dir='ltr'>per</span> <span class='ocrx_word' id='word_1_67' title='bbox 622 2505 784 2586; x_wconf 79' lang='lat' dir='ltr'>tenorem3</span> <span class='ocrx_word' id='word_1_68' title='bbox 808 2499 894 2584; x_wconf 89' lang='lat' dir='ltr'>qnod</span> <span class='ocrx_word' id='word_1_69' title='bbox 919 2521 992 2567; x_wconf 88' lang='lat' dir='ltr'>oum</span> <span class='ocrx_word' id='word_1_70' title='bbox 1010 2501 1125 2566; x_wconf 88' lang='lat' dir='ltr'>Comes</span> <span class='ocrx_word' id='word_1_71' title='bbox 1150 2501 1292 2568; x_wconf 82' lang='lat' dir='ltr'>Thomas</span> <span class='ocrx_word' id='word_1_72' title='bbox 1308 2501 1348 2566; x_wconf 90' lang='lat' dir='ltr'>de</span> <span class='ocrx_word' id='word_1_73' title='bbox 1363 2502 1448 2566; x_wconf 90' lang='lat' dir='ltr'>Draa</span> 
     </span>
     <span class='ocr_line' id='line_1_14' title="bbox 326 2607 1449 2698; baseline -0.007 -19"><span class='ocrx_word' id='word_1_74' title='bbox 326 2631 385 2698; x_wconf 85' lang='lat' dir='ltr'>pro</span> <span class='ocrx_word' id='word_1_75' title='bbox 402 2631 439 2677; x_wconf 86' lang='lat' dir='ltr'>se</span> <span class='ocrx_word' id='word_1_76' title='bbox 457 2617 487 2676; x_wconf 85' lang='lat' dir='ltr'>et</span> <span class='ocrx_word' id='word_1_77' title='bbox 505 2629 563 2692; x_wconf 87' lang='lat' dir='ltr'>pro</span> <span class='ocrx_word' id='word_1_78' title='bbox 580 2608 729 2677; x_wconf 88' lang='lat' dir='ltr'>omnibus</span> <span class='ocrx_word' id='word_1_79' title='bbox 745 2609 821 2693; x_wconf 88' lang='lat' dir='ltr'>filijs</span> <span class='ocrx_word' id='word_1_80' title='bbox 838 2628 878 2675; x_wconf 85' lang='lat' dir='ltr'>ao</span> <span class='ocrx_word' id='word_1_81' title='bbox 894 2607 1148 2693; x_wconf 85' lang='lat' dir='ltr'>eognaoionibus</span> <span class='ocrx_word' id='word_1_82' title='bbox 1165 2610 1232 2674; x_wconf 85' lang='lat' dir='ltr'>suis</span> <span class='ocrx_word' id='word_1_83' title='bbox 1248 2629 1319 2676; x_wconf 87' lang='lat' dir='ltr'>oum</span> <span class='ocrx_word' id='word_1_84' title='bbox 1338 2607 1449 2674; x_wconf 85' lang='lat' dir='ltr'>litteris</span> 
     </span>
     <span class='ocr_line' id='line_1_15' title="bbox 326 2715 1451 2802; baseline -0.004 -18"><span class='ocrx_word' id='word_1_85' title='bbox 326 2717 562 2802; x_wconf 79' lang='lat' dir='ltr'>procuratorijs</span> <span class='ocrx_word' id='word_1_86' title='bbox 578 2717 720 2802; x_wconf 76' lang='lat' dir='ltr'>Capituli</span> <span class='ocrx_word' id='word_1_87' title='bbox 736 2715 928 2798; x_wconf 71' lang='lat' dir='ltr'>Waoiensia</span> <span class='ocrx_word' id='word_1_88' title='bbox 947 2716 1062 2782; x_wconf 88' lang='lat' dir='ltr'>Comes</span> <span class='ocrx_word' id='word_1_89' title='bbox 1082 2715 1266 2800; x_wconf 79' lang='lat' dir='ltr'>Stephanus</span> <span class='ocrx_word' id='word_1_90' title='bbox 1282 2715 1366 2783; x_wconf 88' lang='lat' dir='ltr'>filius</span> <span class='ocrx_word' id='word_1_91' title='bbox 1382 2715 1451 2782; x_wconf 82' lang='lat' dir='ltr'>Aba</span> 
     </span>
     <span class='ocr_line' id='line_1_16' title="bbox 326 2821 1450 2911; baseline -0.001 -21"><span class='ocrx_word' id='word_1_92' title='bbox 326 2845 385 2911; x_wconf 87' lang='lat' dir='ltr'>pro</span> <span class='ocrx_word' id='word_1_93' title='bbox 402 2845 436 2894; x_wconf 88' lang='lat' dir='ltr'>so</span> <span class='ocrx_word' id='word_1_94' title='bbox 453 2833 485 2891; x_wconf 89' lang='lat' dir='ltr'>et</span> <span class='ocrx_word' id='word_1_95' title='bbox 501 2845 560 2910; x_wconf 90' lang='lat' dir='ltr'>pro</span> <span class='ocrx_word' id='word_1_96' title='bbox 578 2823 653 2908; x_wconf 87' lang='lat' dir='ltr'>filijs</span> <span class='ocrx_word' id='word_1_97' title='bbox 669 2825 758 2907; x_wconf 89' lang='lat' dir='ltr'>suis;</span> <span class='ocrx_word' id='word_1_98' title='bbox 774 2824 851 2890; x_wconf 87' lang='lat' dir='ltr'>item</span> <span class='ocrx_word' id='word_1_99' title='bbox 873 2823 1061 2907; x_wconf 77' lang='lat' dir='ltr'><strong>Stephanus</strong></span> <span class='ocrx_word' id='word_1_100' title='bbox 1088 2821 1174 2888; x_wconf 90' lang='lat' dir='ltr'>filius</span> <span class='ocrx_word' id='word_1_101' title='bbox 1199 2823 1327 2908; x_wconf 86' lang='lat' dir='ltr'>Myoow</span> <span class='ocrx_word' id='word_1_102' title='bbox 1345 2843 1401 2910; x_wconf 91' lang='lat' dir='ltr'>pro</span> <span class='ocrx_word' id='word_1_103' title='bbox 1417 2841 1450 2890; x_wconf 86' lang='lat' dir='ltr'>se</span> 
     </span>
     <span class='ocr_line' id='line_1_17' title="bbox 326 2929 1452 3018; baseline -0.007 -16"><span class='ocrx_word' id='word_1_104' title='bbox 326 2941 360 3002; x_wconf 85' lang='lat' dir='ltr'>et</span> <span class='ocrx_word' id='word_1_105' title='bbox 376 2954 433 3018; x_wconf 88' lang='lat' dir='ltr'>pro</span> <span class='ocrx_word' id='word_1_106' title='bbox 448 2932 567 3001; x_wconf 85' lang='lat' dir='ltr'>Buzow</span> <span class='ocrx_word' id='word_1_107' title='bbox 583 2932 750 2999; x_wconf 84' lang='lat' dir='ltr'>iratresuo</span> <span class='ocrx_word' id='word_1_108' title='bbox 768 2951 839 2998; x_wconf 88' lang='lat' dir='ltr'>oum</span> <span class='ocrx_word' id='word_1_109' title='bbox 852 2929 1085 3017; x_wconf 77' lang='lat' dir='ltr'>procuratorijs</span> <span class='ocrx_word' id='word_1_110' title='bbox 1100 2929 1216 2998; x_wconf 88' lang='lat' dir='ltr'>litteris</span> <span class='ocrx_word' id='word_1_111' title='bbox 1234 2932 1379 3017; x_wconf 81' lang='lat' dir='ltr'>Capituli</span> <span class='ocrx_word' id='word_1_112' title='bbox 1394 2931 1452 2997; x_wconf 88' lang='lat' dir='ltr'>Bu·</span> 
     </span>
     <span class='ocr_line' id='line_1_18' title="bbox 327 3038 1452 3126; baseline -0.005 -18"><span class='ocrx_word' id='word_1_113' title='bbox 327 3041 453 3126; x_wconf 59' lang='lat' dir='ltr'>densim</span> <span class='ocrx_word' id='word_1_114' title='bbox 471 3061 509 3106; x_wconf 88' lang='lat' dir='ltr'>as</span> <span class='ocrx_word' id='word_1_115' title='bbox 525 3041 642 3106; x_wconf 83' lang='lat' dir='ltr'>Petrus</span> <span class='ocrx_word' id='word_1_116' title='bbox 660 3038 744 3104; x_wconf 85' lang='lat' dir='ltr'>filius</span> <span class='ocrx_word' id='word_1_117' title='bbox 762 3039 897 3105; x_wconf 83' lang='lat' dir='ltr'>Dedaoh</span> <span class='ocrx_word' id='word_1_118' title='bbox 929 3059 988 3124; x_wconf 91' lang='lat' dir='ltr'>pro</span> <span class='ocrx_word' id='word_1_119' title='bbox 1005 3057 1041 3106; x_wconf 88' lang='lat' dir='ltr'>se</span> <span class='ocrx_word' id='word_1_120' title='bbox 1058 3044 1089 3104; x_wconf 90' lang='lat' dir='ltr'>et</span> <span class='ocrx_word' id='word_1_121' title='bbox 1105 3057 1163 3122; x_wconf 89' lang='lat' dir='ltr'>pro</span> <span class='ocrx_word' id='word_1_122' title='bbox 1187 3038 1264 3122; x_wconf 88' lang='lat' dir='ltr'>filijs</span> <span class='ocrx_word' id='word_1_123' title='bbox 1290 3039 1357 3107; x_wconf 90' lang='lat' dir='ltr'>suis</span> <span class='ocrx_word' id='word_1_124' title='bbox 1383 3057 1452 3106; x_wconf 83' lang='lat' dir='ltr'>uum</span> 
     </span>
     <span class='ocr_line' id='line_1_19' title="bbox 326 3143 1453 3232; baseline -0.006 -15"><span class='ocrx_word' id='word_1_125' title='bbox 326 3149 441 3217; x_wconf 87' lang='lat' dir='ltr'>litteris</span> <span class='ocrx_word' id='word_1_126' title='bbox 467 3145 696 3232; x_wconf 84' lang='lat' dir='ltr'>proouratorijs</span> <span class='ocrx_word' id='word_1_127' title='bbox 718 3146 904 3213; x_wconf 89' lang='lat' dir='ltr'>Conuentus</span> <span class='ocrx_word' id='word_1_128' title='bbox 921 3143 960 3211; x_wconf 86' lang='lat' dir='ltr'>do</span> <span class='ocrx_word' id='word_1_129' title='bbox 986 3146 1095 3230; x_wconf 86' lang='lat' dir='ltr'>Saagh</span> <span class='ocrx_word' id='word_1_130' title='bbox 1112 3153 1325 3230; x_wconf 82' lang='lat' dir='ltr'>conparantes</span> <span class='ocrx_word' id='word_1_131' title='bbox 1341 3154 1453 3214; x_wconf 87' lang='lat' dir='ltr'>oontra</span> 
     </span>
     <span class='ocr_line' id='line_1_20' title="bbox 328 3253 1447 3340; baseline -0.005 -15"><span class='ocrx_word' id='word_1_132' title='bbox 328 3257 485 3325; x_wconf 81' lang='lat' dir='ltr'>Comitem</span> <span class='ocrx_word' id='word_1_133' title='bbox 495 3253 685 3322; x_wconf 80' lang='lat' dir='ltr'>Miohaoleur</span> <span class='ocrx_word' id='word_1_134' title='bbox 698 3253 797 3319; x_wconf 87' lang='lat' dir='ltr'>filium</span> <span class='ocrx_word' id='word_1_135' title='bbox 817 3253 952 3340; x_wconf 80' lang='lat' dir='ltr'>Tolkus,</span> <span class='ocrx_word' id='word_1_136' title='bbox 965 3254 1154 3337; x_wconf 84' lang='lat' dir='ltr'>Magistrum</span> <span class='ocrx_word' id='word_1_137' title='bbox 1171 3253 1346 3338; x_wconf 84' lang='lat' dir='ltr'>Symonem</span> <span class='ocrx_word' id='word_1_138' title='bbox 1364 3255 1447 3320; x_wconf 88' lang='lat' dir='ltr'>Can·</span> 
     </span>
     <span class='ocr_line' id='line_1_21' title="bbox 326 3361 1457 3443; baseline -0.004 -9"><span class='ocrx_word' id='word_1_139' title='bbox 326 3364 496 3434; x_wconf 73' lang='lat' dir='ltr'>cellarium</span> <span class='ocrx_word' id='word_1_140' title='bbox 539 3362 670 3426; x_wconf 86' lang='lat' dir='ltr'>domine</span> <span class='ocrx_word' id='word_1_141' title='bbox 686 3361 827 3443; x_wconf 81' lang='lat' dir='ltr'>Regina,</span> <span class='ocrx_word' id='word_1_142' title='bbox 854 3361 1011 3428; x_wconf 88' lang='lat' dir='ltr'>Thomam</span> <span class='ocrx_word' id='word_1_143' title='bbox 1039 3370 1070 3428; x_wconf 84' lang='lat' dir='ltr'>st</span> <span class='ocrx_word' id='word_1_144' title='bbox 1102 3361 1234 3428; x_wconf 83' lang='lat' dir='ltr'>Pothew</span> <span class='ocrx_word' id='word_1_145' title='bbox 1261 3363 1345 3430; x_wconf 88' lang='lat' dir='ltr'>filios</span> <span class='ocrx_word' id='word_1_146' title='bbox 1371 3364 1457 3430; x_wconf 88' lang='lat' dir='ltr'>eius·</span> 
     </span>
     <span class='ocr_line' id='line_1_22' title="bbox 329 3467 1458 3555; baseline -0.001 -17"><span class='ocrx_word' id='word_1_147' title='bbox 329 3471 402 3538; x_wconf 87' lang='lat' dir='ltr'>dem</span> <span class='ocrx_word' id='word_1_148' title='bbox 439 3468 572 3537; x_wconf 89' lang='lat' dir='ltr'>Comitis</span> <span class='ocrx_word' id='word_1_149' title='bbox 613 3467 800 3553; x_wconf 76' lang='lat' dir='ltr'>Michaelis,</span> <span class='ocrx_word' id='word_1_150' title='bbox 834 3489 874 3533; x_wconf 85' lang='lat' dir='ltr'>ox</span> <span class='ocrx_word' id='word_1_151' title='bbox 906 3468 1023 3550; x_wconf 89' lang='lat' dir='ltr'>quibus</span> <span class='ocrx_word' id='word_1_152' title='bbox 1056 3476 1089 3535; x_wconf 85' lang='lat' dir='ltr'>at</span> <span class='ocrx_word' id='word_1_153' title='bbox 1120 3487 1179 3552; x_wconf 90' lang='lat' dir='ltr'>pro</span> <span class='ocrx_word' id='word_1_154' title='bbox 1210 3468 1326 3552; x_wconf 90' lang='lat' dir='ltr'>quibus</span> <span class='ocrx_word' id='word_1_155' title='bbox 1357 3470 1458 3555; x_wconf 88' lang='lat' dir='ltr'>ijdom</span> 
     </span>
     <span class='ocr_line' id='line_1_23' title="bbox 330 3575 1458 3664; baseline -0.001 -18"><span class='ocrx_word' id='word_1_156' title='bbox 330 3579 487 3664; x_wconf 79' lang='lat' dir='ltr'>Magister</span> <span class='ocrx_word' id='word_1_157' title='bbox 511 3576 633 3660; x_wconf 87' lang='lat' dir='ltr'>Symon</span> <span class='ocrx_word' id='word_1_158' title='bbox 660 3583 693 3640; x_wconf 87' lang='lat' dir='ltr'>et</span> <span class='ocrx_word' id='word_1_159' title='bbox 723 3575 865 3642; x_wconf 82' lang='lat' dir='ltr'>Thomas</span> <span class='ocrx_word' id='word_1_160' title='bbox 893 3595 964 3642; x_wconf 87' lang='lat' dir='ltr'>oum</span> <span class='ocrx_word' id='word_1_161' title='bbox 994 3576 1223 3660; x_wconf 79' lang='lat' dir='ltr'>procuratorijs</span> <span class='ocrx_word' id='word_1_162' title='bbox 1254 3576 1371 3644; x_wconf 87' lang='lat' dir='ltr'>litteris</span> <span class='ocrx_word' id='word_1_163' title='bbox 1403 3577 1458 3645; x_wconf 88' lang='lat' dir='ltr'>do-</span> 
     </span>
     <span class='ocr_line' id='line_1_24' title="bbox 329 3682 1461 3770; baseline -0.003 -15"><span class='ocrx_word' id='word_1_164' title='bbox 329 3689 410 3754; x_wconf 90' lang='lat' dir='ltr'>mini</span> <span class='ocrx_word' id='word_1_165' title='bbox 436 3685 535 3769; x_wconf 86' lang='lat' dir='ltr'>Regis</span> <span class='ocrx_word' id='word_1_166' title='bbox 560 3682 720 3770; x_wconf 86' lang='lat' dir='ltr'>aderaut,</span> <span class='ocrx_word' id='word_1_167' title='bbox 747 3704 844 3767; x_wconf 83' lang='lat' dir='ltr'>agere</span> <span class='ocrx_word' id='word_1_168' title='bbox 871 3683 1067 3767; x_wconf 84' lang='lat' dir='ltr'>voluissent;</span> <span class='ocrx_word' id='word_1_169' title='bbox 1095 3683 1193 3768; x_wconf 85' lang='lat' dir='ltr'>ijdem</span> <span class='ocrx_word' id='word_1_170' title='bbox 1218 3687 1374 3770; x_wconf 84' lang='lat' dir='ltr'>Magister</span> <span class='ocrx_word' id='word_1_171' title='bbox 1402 3685 1461 3770; x_wconf 87' lang='lat' dir='ltr'>Sy·</span> 
     </span>
     <span class='ocr_line' id='line_1_25' title="bbox 330 3792 1463 3863; baseline -0.002 0"><span class='ocrx_word' id='word_1_172' title='bbox 330 3815 406 3863; x_wconf 89' lang='lat' dir='ltr'>mon</span> <span class='ocrx_word' id='word_1_173' title='bbox 422 3801 455 3861; x_wconf 87' lang='lat' dir='ltr'>et</span> <span class='ocrx_word' id='word_1_174' title='bbox 470 3793 615 3862; x_wconf 80' lang='lat' dir='ltr'>Thomas</span> <span class='ocrx_word' id='word_1_175' title='bbox 640 3793 807 3860; x_wconf 81' lang='lat' dir='ltr'>accionem</span> <span class='ocrx_word' id='word_1_176' title='bbox 835 3793 980 3860; x_wconf 83' lang='lat' dir='ltr'>eiusdem</span> <span class='ocrx_word' id='word_1_177' title='bbox 1007 3793 1140 3860; x_wconf 86' lang='lat' dir='ltr'>Comitis</span> <span class='ocrx_word' id='word_1_178' title='bbox 1166 3792 1380 3861; x_wconf 81' lang='lat' dir='ltr'>Thamanon</span> <span class='ocrx_word' id='word_1_179' title='bbox 1408 3814 1463 3862; x_wconf 83' lang='lat' dir='ltr'>au·</span> 
     </span>
     <span class='ocr_line' id='line_1_26' title="bbox 330 3900 1465 3986; baseline -0.002 -16"><span class='ocrx_word' id='word_1_180' title='bbox 330 3904 482 3970; x_wconf 86' lang='lat' dir='ltr'>diuerunt</span> <span class='ocrx_word' id='word_1_181' title='bbox 499 3901 653 3984; x_wconf 84' lang='lat' dir='ltr'>dicentes,</span> <span class='ocrx_word' id='word_1_182' title='bbox 668 3900 753 3983; x_wconf 89' lang='lat' dir='ltr'>qnod</span> <span class='ocrx_word' id='word_1_183' title='bbox 770 3900 876 3968; x_wconf 85' lang='lat' dir='ltr'>dietus</span> <span class='ocrx_word' id='word_1_184' title='bbox 893 3901 1009 3968; x_wconf 86' lang='lat' dir='ltr'>Comes</span> <span class='ocrx_word' id='word_1_185' title='bbox 1029 3900 1174 3967; x_wconf 84' lang='lat' dir='ltr'>Thomas</span> <span class='ocrx_word' id='word_1_186' title='bbox 1199 3909 1231 3967; x_wconf 85' lang='lat' dir='ltr'>et</span> <span class='ocrx_word' id='word_1_187' title='bbox 1255 3901 1316 3986; x_wconf 89' lang='lat' dir='ltr'>filij</span> <span class='ocrx_word' id='word_1_188' title='bbox 1343 3903 1397 3969; x_wconf 90' lang='lat' dir='ltr'>sui</span> <span class='ocrx_word' id='word_1_189' title='bbox 1425 3921 1465 3968; x_wconf 79' lang='lat' dir='ltr'>su</span> 
     </span>
     <span class='ocr_line' id='line_1_27' title="bbox 330 4007 1465 4094; baseline -0.001 -17"><span class='ocrx_word' id='word_1_190' title='bbox 330 4029 493 4079; x_wconf 79' lang='lat' dir='ltr'>consensu</span> <span class='ocrx_word' id='word_1_191' title='bbox 520 4015 552 4075; x_wconf 87' lang='lat' dir='ltr'>et</span> <span class='ocrx_word' id='word_1_192' title='bbox 567 4009 737 4076; x_wconf 88' lang='lat' dir='ltr'>uoluntate</span> <span class='ocrx_word' id='word_1_193' title='bbox 763 4009 980 4094; x_wconf 79' lang='lat' dir='ltr'>predictarum</span> <span class='ocrx_word' id='word_1_194' title='bbox 1007 4007 1257 4091; x_wconf 85' lang='lat' dir='ltr'>generaolonum</span> <span class='ocrx_word' id='word_1_195' title='bbox 1282 4009 1465 4076; x_wconf 86' lang='lat' dir='ltr'>eorundem</span> 
     </span>
     <span class='ocr_line' id='line_1_28' title="bbox 330 4114 1467 4204; baseline 0.001 -20"><span class='ocrx_word' id='word_1_196' title='bbox 330 4115 493 4204; x_wconf 86' lang='lat' dir='ltr'>pendente</span> <span class='ocrx_word' id='word_1_197' title='bbox 508 4117 565 4183; x_wconf 89' lang='lat' dir='ltr'>lite</span> <span class='ocrx_word' id='word_1_198' title='bbox 582 4116 771 4184; x_wconf 78' lang='lat' dir='ltr'>oitaoionem</span> <span class='ocrx_word' id='word_1_199' title='bbox 782 4114 935 4184; x_wconf 72' lang='lat' dir='ltr'>fecissent</span> <span class='ocrx_word' id='word_1_200' title='bbox 956 4135 1052 4202; x_wconf 87' lang='lat' dir='ltr'>super</span> <span class='ocrx_word' id='word_1_201' title='bbox 1067 4115 1177 4200; x_wconf 86' lang='lat' dir='ltr'>ipsos;</span> <span class='ocrx_word' id='word_1_202' title='bbox 1193 4115 1237 4184; x_wconf 90' lang='lat' dir='ltr'>ad</span> <span class='ocrx_word' id='word_1_203' title='bbox 1254 4114 1316 4182; x_wconf 87' lang='lat' dir='ltr'>hoo</span> <span class='ocrx_word' id='word_1_204' title='bbox 1332 4117 1467 4185; x_wconf 79' lang='lat' dir='ltr'>litteras</span> 
     </span>
     <span class='ocr_line' id='line_1_29' title="bbox 331 4221 1468 4310; baseline -0.001 -19"><span class='ocrx_word' id='word_1_205' title='bbox 331 4222 568 4291; x_wconf 84' lang='lat' dir='ltr'>Crucifororum</span> <span class='ocrx_word' id='word_1_206' title='bbox 594 4223 635 4289; x_wconf 76' lang='lat' dir='ltr'>tle</span> <span class='ocrx_word' id='word_1_207' title='bbox 651 4223 773 4290; x_wconf 84' lang='lat' dir='ltr'>Calidis</span> <span class='ocrx_word' id='word_1_208' title='bbox 790 4221 893 4306; x_wconf 83' lang='lat' dir='ltr'>Aquis</span> <span class='ocrx_word' id='word_1_209' title='bbox 911 4241 946 4289; x_wconf 91' lang='lat' dir='ltr'>se</span> <span class='ocrx_word' id='word_1_210' title='bbox 961 4221 1084 4290; x_wconf 85' lang='lat' dir='ltr'>habere</span> <span class='ocrx_word' id='word_1_211' title='bbox 1103 4231 1307 4310; x_wconf 84' lang='lat' dir='ltr'>asserentes;</span> <span class='ocrx_word' id='word_1_212' title='bbox 1324 4231 1416 4290; x_wconf 90' lang='lat' dir='ltr'>statu</span> <span class='ocrx_word' id='word_1_213' title='bbox 1436 4229 1468 4290; x_wconf 86' lang='lat' dir='ltr'>et</span> 
     </span>
     <span class='ocr_line' id='line_1_30' title="bbox 330 4322 1525 4415; baseline -0.004 -15"><span class='ocrx_word' id='word_1_214' title='bbox 330 4332 448 4400; x_wconf 88' lang='lat' dir='ltr'>ordine</span> <span class='ocrx_word' id='word_1_215' title='bbox 471 4332 608 4397; x_wconf 85' lang='lat' dir='ltr'>aliarum</span> <span class='ocrx_word' id='word_1_216' title='bbox 630 4333 812 4399; x_wconf 84' lang='lat' dir='ltr'>litterarum</span> <span class='ocrx_word' id='word_1_217' title='bbox 844 4335 1025 4397; x_wconf 86' lang='lat' dir='ltr'>nostrarum</span> <span class='ocrx_word' id='word_1_218' title='bbox 1048 4329 1112 4415; x_wconf 86' lang='lat' dir='ltr'>ipsi</span> <span class='ocrx_word' id='word_1_219' title='bbox 1128 4329 1243 4397; x_wconf 85' lang='lat' dir='ltr'>Comiti</span> <span class='ocrx_word' id='word_1_220' title='bbox 1262 4329 1422 4399; x_wconf 81' lang='lat' dir='ltr'>Michaeli</span> <span class='ocrx_word' id='word_1_221' title='bbox 1438 4339 1471 4398; x_wconf 82' lang='lat' dir='ltr'>ot</span> <span class='ocrx_word' id='word_1_222' title='bbox 1523 4322 1525 4325; x_wconf 70' lang='grc'><strong>’</strong></span> 
     </span>
     <span class='ocr_line' id='line_1_31' title="bbox 333 4437 1469 4523; baseline 0.002 -19"><span class='ocrx_word' id='word_1_223' title='bbox 333 4438 410 4523; x_wconf 88' lang='lat' dir='ltr'>filijs</span> <span class='ocrx_word' id='word_1_224' title='bbox 426 4439 493 4506; x_wconf 86' lang='lat' dir='ltr'>suis</span> <span class='ocrx_word' id='word_1_225' title='bbox 525 4445 667 4506; x_wconf 82' lang='lat' dir='ltr'>statuere</span> <span class='ocrx_word' id='word_1_226' title='bbox 685 4440 904 4506; x_wconf 86' lang='lat' dir='ltr'>oommisinrus</span> <span class='ocrx_word' id='word_1_227' title='bbox 929 4437 961 4504; x_wconf 90' lang='lat' dir='ltr'>in</span> <span class='ocrx_word' id='word_1_228' title='bbox 980 4438 1117 4507; x_wconf 80' lang='lat' dir='ltr'>termino</span> <span class='ocrx_word' id='word_1_229' title='bbox 1149 4438 1182 4502; x_wconf 92' lang='lat' dir='ltr'>in</span> <span class='ocrx_word' id='word_1_230' title='bbox 1200 4438 1325 4507; x_wconf 83' lang='lat' dir='ltr'>eisdem</span> <span class='ocrx_word' id='word_1_231' title='bbox 1340 4439 1469 4506; x_wconf 81' lang='lat' dir='ltr'>littoris</span> 
     </span>
     <span class='ocr_line' id='line_1_32' title="bbox 334 4546 1463 4632; baseline 0.002 -21"><span class='ocrx_word' id='word_1_232' title='bbox 334 4549 457 4614; x_wconf 85' lang='lat' dir='ltr'>nostris</span> <span class='ocrx_word' id='word_1_233' title='bbox 474 4546 716 4615; x_wconf 79' lang='lat' dir='ltr'>memorialibus</span> <span class='ocrx_word' id='word_1_234' title='bbox 733 4546 977 4632; x_wconf 79' lang='lat' dir='ltr'>comprehenso.</span> <span class='ocrx_word' id='word_1_235' title='bbox 1006 4547 1123 4615; x_wconf 85' lang='lat' dir='ltr'>Verum</span> <span class='ocrx_word' id='word_1_236' title='bbox 1143 4565 1215 4616; x_wconf 89' lang='lat' dir='ltr'>oum</span> <span class='ocrx_word' id='word_1_237' title='bbox 1232 4546 1294 4614; x_wconf 89' lang='lat' dir='ltr'>hoo</span> <span class='ocrx_word' id='word_1_238' title='bbox 1309 4547 1413 4614; x_wconf 84' lang='lat' dir='ltr'>modo</span> <span class='ocrx_word' id='word_1_239' title='bbox 1426 4548 1463 4614; x_wconf 91' lang='lat' dir='ltr'>in</span> 
     </span>
    </p>
   </div>
   <div class='ocr_carea' id='block_1_8' title="bbox 0 0 1572 5172">
    <p class='ocr_par' dir='ltr' id='par_1_8' title="bbox 0 0 1572 5172">
     <span class='ocr_line' id='line_1_33' title="bbox 0 0 1572 5172; baseline 0 0"><span class='ocrx_word' id='word_1_240' title='bbox 0 0 1572 5172; x_wconf 95' lang='lat' dir='ltr'> </span> 
     </span>
    </p>
   </div>
  </div>
 </body>
</html>
