3112 5158
661 253 819 354 Me...

168 447 362 532 parentibus
378 453 410 515 et
426 446 722 533 assumpmentibus
738 445 772 510 in
788 464 949 530 persona5
966 445 1091 512 scilicet
1116 445 1151 511 in
1178 447 1306 513 ootauis

170 555 281 622 Sancti
297 553 427 622 Nicolai
444 552 638 622 confessoris
654 573 763 620 coram
778 552 871 619 nobis
887 553 1000 619 Comes
1017 552 1158 640 Koppan
1182 553 1308 619 officia-

168 662 210 729 lis
226 669 259 728 et
275 663 478 729 castellanus
505 658 612 728 castri
629 661 774 728 eiusdem
791 660 941 744 Magistri
957 663 1084 746 Kemyn
1112 662 1233 727 iurabit
1250 681 1306 728 su-

170 791 228 856 per
246 789 296 856 ec,
314 767 400 854 quod
416 768 449 835 in
465 769 703 855 composicione
718 767 807 833 facta
819 769 905 834 inter
922 769 1041 856 ipsum,
1060 775 1091 835 et
1101 767 1186 834 inter
1197 767 1307 834 Abba-

168 883 235 944 tem
267 877 308 943 de
323 877 446 944 Sancta
461 877 622 943 Trinitate
654 895 753 942 unam
769 874 927 960 pecudem
962 874 1004 942 de
1023 877 1101 942 villa
1118 877 1239 960 Wgha
1266 876 1306 939 fi-

167 983 211 1051 lio
229 984 362 1052 Comitis
386 984 515 1051 Andree
531 1005 595 1051 non
626 983 814 1070 ascripserit
842 990 1055 1068 recepturum.
1081 983 1162 1049 Item
1189 984 1304 1050 codem

169 1091 223 1158 die
240 1097 273 1157 et
288 1094 361 1158 loco
379 1090 493 1176 Gurgh
519 1092 649 1176 iobagio
675 1090 827 1175 Magistri
854 1091 983 1176 Kemyn
1009 1089 1152 1157 secundo
1178 1111 1214 1156 se
1241 1089 1304 1156 sibi

168 1200 240 1284 pari
257 1200 380 1266 iurabit
406 1218 566 1285 supereo,
585 1197 803 1283 quodComes
831 1196 946 1262 Omoin
964 1217 1016 1263 res
1043 1217 1120 1264 suas
1147 1198 1190 1262 ad
1214 1197 1304 1262 nalo·

169 1327 237 1372 rem
269 1306 365 1372 vntus
393 1305 528 1372 fortunis
556 1307 716 1391 receperit
743 1305 905 1388 indebite3
939 1311 1055 1371 extunc
1087 1305 1155 1390 ipse
1187 1304 1303 1370 Comes

170 1411 288 1478 Omoin
305 1411 395 1478 dabit
412 1413 516 1478 eidem
545 1411 659 1495 Gurgh
685 1431 783 1477 unum
800 1412 957 1496 fertonem
974 1411 1006 1475 in
1024 1412 1160 1478 termino
1171 1431 1230 1496 per
1241 1432 1301 1476 nos

168 1521 348 1603 assignato.
365 1519 446 1584 Item
464 1518 578 1584 eodem
597 1517 650 1584 die
667 1525 699 1583 et
714 1518 786 1585 loco
803 1519 920 1584 Comes
938 1517 1055 1583 Omoin
1071 1517 1192 1584 iurabit
1206 1537 1303 1602 super

170 1646 218 1710 eo,
236 1625 323 1709 quod
341 1627 414 1709 ipse
431 1645 481 1692 res
498 1626 586 1690 Petri
603 1633 635 1690 ct
652 1625 809 1710 Ladyulai
826 1625 1035 1708 iobagionum
1061 1625 1209 1690 Ladizlai
1237 1625 1299 1708 filij

170 1732 267 1797 Welk
284 1730 328 1797 ad
345 1731 488 1798 nalorem
505 1733 601 1798 vuius
618 1752 726 1798 maroe
745 1740 775 1798 et
792 1731 927 1799 fertonis
945 1753 1009 1798 non
1024 1733 1192 1818 receperit.
1219 1732 1300 1797 item

171 1837 284 1904 eodem
302 1837 355 1904 die
372 1845 405 1903 et
421 1839 492 1904 loco
509 1838 608 1904 frater
625 1825 792 1906 Jobanncs
809 1839 902 1906 Prior
919 1837 960 1904 de
977 1838 1087 1924 Boych
1103 1839 1222 1904 iurabit
1252 1857 1304 1903 su·
1370 1850 1375 1856 '

172 1968 230 2032 per
248 1968 297 2032 eo,
314 1946 401 2031 quod
418 1955 546 2012 centum
557 1946 794 2032 quinquaginta
804 1949 900 2032 sales,
918 1948 1030 2014 clamIs
1048 1954 1079 2014 et
1089 1947 1199 2014 tunica
1209 1947 1290 2012 ioba-

171 2054 276 2137 giunis
294 2054 442 2137 Magistri
454 2055 581 2139 Kemyn
594 2061 673 2138 aput
683 2053 817 2120 fratrem
834 2053 980 2119 Blasium
992 2053 1153 2118 Abbatem
1169 2052 1210 2120 de
1221 2053 1291 2121 San

171 2166 222 2225 cta
238 2161 400 2227 Trinitate
423 2161 661 2244 composicione
692 2163 779 2226 tacta
803 2163 887 2226 inter
913 2161 1074 2228 Abbatem
1100 2170 1132 2228 et
1161 2163 1297 2248 Koppau

169 2289 232 2334 non
249 2267 467 2333 remanserint
483 2266 651 2332 reddendi.
669 2268 750 2332 Item
769 2267 882 2334 codem
899 2267 952 2336 die
969 2275 1001 2334 et
1016 2268 1087 2334 loco
1103 2268 1220 2338 Comes
1245 2271 1301 2336 Mi·

174 2376 267 2442 cbael
283 2375 367 2441 filius
385 2375 555 2441 Michaelis
573 2383 604 2440 et
621 2374 807 2458 Ladyzlaus
823 2375 909 2440 filius
927 2374 1024 2440 Wcik
1035 2375 1192 2443 iuuabunt
1179 2384 1302 2462 tsuper

171 2503 207 2548 eo
209 2481 406 2566 ,'quod1pse
424 2481 610 2567 Ladyzlaus
628 2484 716 2548 sales
701 2482 859 2568 spinea
878 2490 1003 2547 ceteras
1021 2502 1072 2548 res
1090 2483 1301 2568 iobagionum

173 2589 323 2674 Magistri
339 2589 413 2656 Jule
429 2610 494 2655 non
523 2591 680 2674 receperit
668 2589 747 2652 tad
773 2588 919 2655 ualerem
945 2588 1081 2655 duarum
1107 2611 1299 2657 marcarum.

168 2695 251 2761 Item
268 2695 382 2761 eodem
398 2694 453 2760 die
466 2703 496 2761 et
508 2697 576 2761 loco
595 2694 709 2761 Comes
719 2695 836 2781 Botyn
854 2695 1049 2764 Benedictus
1061 2695 1100 2763 de
1112 2699 1305 2782 Kassad,t
1271 2705 1305 2764 ct

170 2803 337 2871 Jobannes
353 2803 440 2868 filius
457 2805 626 2869 Mortnnus
643 2803 795 2868 iurabunt
810 2821 906 2888 super
922 2823 971 2885 eo,
989 2803 1101 2886 quod
1092 2825 1164 2888 rpse
1183 2804 1301 2872 Comes

169 2909 274 2995 Botyn
291 2909 462 2976 Nicolaum
474 2909 514 2974 de
525 2907 652 2994 Chergy
668 2911 862 2976 seruientem
879 2909 1038 2995 Ladyzlai
1055 2911 1111 2994 filij
1125 2911 1224 2978 Welk
1235 2933 1300 2977 non

169 3016 375 3098 destruxerit,
394 3021 426 3081 et
442 3016 474 3080 iu
486 3016 547 3082 hoc
559 3016 610 3081 uel
621 3016 655 3080 in
674 3017 730 3100 hys
745 3035 863 3100 expers
875 3017 1131 3084 sitetimmunis.
1145 3019 1223 3083 Item
1241 3039 1298 3084 eo·

170 3121 242 3189 dem
259 3121 313 3188 din
340 3127 373 3186 et
397 3122 468 3187 loco
493 3121 678 3206 Stephanus
704 3121 744 3188 de
768 3123 919 3188 Thokma
946 3121 1065 3188 iurabit
1090 3143 1188 3207 super
1213 3124 1300 3192 sacto

169 3231 310 3314 quinque
327 3228 488 3313 pecudum
505 3229 715 3311 iobagionum
732 3228 882 3310 Magistri
898 3229 1033 3314 Kemyn,
1050 3227 1132 3296 sicut
1149 3231 1210 3296 sibi
1226 3250 1300 3297 eon·

170 3343 242 3402 stat
262 3336 344 3402 Item
362 3336 476 3401 Comes
494 3334 613 3401 Omoin
628 3336 671 3402 ad
689 3336 784 3401 fidem
804 3355 896 3402 suam
922 3337 1026 3402 soluet
1051 3337 1194 3420 precium
1223 3339 1299 3423 equi

167 3443 301 3510 Comitis
317 3441 459 3527 Koppan
477 3441 623 3527 impediti
641 3442 673 3507 in
690 3441 760 3510 soro
777 3442 917 3509 Soklous
935 3463 1007 3508 curn
1025 3440 1153 3510 homine
1164 3444 1300 3513 Comitis

165 3551 288 3617 Omoin.
305 3550 386 3615 ltem
403 3548 518 3616 Gomcs
535 3549 651 3616 Omoin
669 3549 764 3616 debet
778 3549 916 3617 reddere
931 3570 1028 3615 unum
1046 3551 1170 3637 bouem,
1204 3572 1303 3619 uuam

178 3677 322 3739 uaccam,
339 3676 436 3723 unum
452 3657 629 3724 iumentum
646 3659 679 3723 in
705 3659 841 3726 termino
868 3665 943 3724 tunc
968 3678 1026 3742 per
1051 3677 1109 3724 nos
1134 3660 1305 3744 assignato

176 3765 333 3848 Magistro
349 3765 497 3851 Kemyno
513 3765 686 3832 antedicto.
703 3767 856 3833 Preterea
871 3786 912 3832 ex
928 3764 1079 3851 aduerso,
1096 3765 1224 3832 seilicet
1244 3789 1305 3853 pro

176 3877 270 3958 parte
286 3871 438 3953 Magistri
455 3867 542 3953 Jula,
558 3871 592 3935 in
608 3871 729 3939 eisdem
757 3874 881 3939 octauis
900 3873 1012 3939 Sancti
1037 3872 1163 3938 Nicolai
1190 3871 1307 3942 Comes

176 3980 294 4046 Omoin
311 3978 512 4045 castellanus
530 3979 637 4046 Casiri
654 3980 798 4047 eiusdem
814 3979 936 4047 iurabit
953 3999 1052 4067 super
1068 4001 1105 4047 eo
1121 3999 1231 4048 coram
1248 4005 1303 4050 no·

177 4087 237 4174 bis,
254 4084 342 4170 quod
367 4085 560 4171 Lampertus
586 4087 803 4172 Symigiensis
828 4088 973 4155 seruiens
1000 4087 1150 4171 Magistri
1175 4089 1305 4179 Kemyn

177 4211 277 4275 equos
294 4189 349 4256 vel
366 4211 466 4274 equas
492 4199 559 4259 tres
576 4214 719 4277 numero,
748 4203 780 4260 et
797 4194 875 4262 CCC
891 4194 979 4262 sales
1003 4194 1211 4278 iobagionum
1236 4201 1306 4267 Ma·

176 4299 268 4384 gistri
287 4297 362 4364 Jule
378 4301 537 4385 receperit
553 4300 704 4384 indebite,
727 4323 790 4366 nou
808 4300 972 4369 reddendo
989 4301 1183 4385 requisit11s3
1202 4311 1233 4369 et
1249 4326 1304 4373 ex-

174 4413 251 4474 tunc
267 4406 327 4473 hos
344 4427 444 4491 equos
460 4415 493 4475 et
511 4410 568 4500 bos
585 4412 672 4476 sales
688 4410 844 4492 Magister
859 4411 986 4496 Kemyn
998 4409 1112 4477 reddet
1123 4410 1155 4475 in
1167 4413 1305 4480 termIno

175 4519 250 4579 tuuc
268 4533 328 4596 prr
343 4535 401 4580 nos
420 4516 596 4599 assignato.
612 4519 692 4582 Item
709 4517 820 4584 eodem
848 4517 898 4581 dtr
925 4529 957 4584 ct
982 4520 1053 4584 loro
1078 4517 1192 4584 Conrcs
1218 4521 1306 4606 Mop-

1076 4627 1142 4692 11³·
