3120 5172
786 321 945 424 -u-v-o-

299 522 448 590 ctionem.
464 519 602 586 Romani
619 519 784 586 Pontificis
802 525 859 585 etc.
877 516 964 584 Sane
987 516 1107 582 dudum
1132 515 1293 598 'franensi
1319 515 1428 582 Eccle-

301 629 352 698 sia
369 649 425 716 per
442 628 566 694 obitum
582 627 667 694 bona
683 625 838 692 memorie
853 623 1000 711 Philippi
1017 623 1265 708 Archiepiscopi
1286 624 1426 689 Trauen·

300 739 345 805 sis
376 735 517 822 pastoris
548 733 706 816 regimine
737 732 905 812 destituta,
922 751 981 797 nos
1006 731 1224 816 provisionem
1249 729 1429 798 faciendam

299 845 364 932 ipsi
380 841 526 910 Ecclesie
542 841 584 908 de
600 840 731 908 Prelato
743 839 820 908 Sedi
832 839 1017 925 Apostolice
1028 838 1180 906 duximus
1189 840 1430 926 reseruandam‚

300 950 510 1018 decernentes
527 955 644 1016 extunc
660 949 785 1016 irritum
801 955 834 1015 et
849 949 960 1036 inane,
976 949 1004 1014 si
1021 967 1116 1014 secus
1132 968 1230 1034 snper
1245 947 1308 1014 hoc
1329 948 1428 1014 scien·

302 1069 351 1128 ter
365 1061 419 1128 vel
435 1059 622 1142 ignoranter
639 1060 840 1143 contingeret
855 1059 1052 1142 attemptari.
1070 1059 1119 1122 De
1135 1057 1239 1145 ipsius
1255 1058 1355 1139 igitur
1377 1057 1431 1120 Ec·

303 1169 404 1236 clesie
436 1165 640 1236 ordinatione
672 1165 810 1233 sollicite
835 1167 1025 1251 cogitamen,
1040 1186 1082 1231 ne
1109 1165 1293 1250 prolixioris
1320 1161 1429 1231 vacati
1534 1171 1535 1192 ¹

304 1277 376 1343 onis
392 1275 541 1358 exposita
556 1274 768 1340 incommodis
784 1281 977 1359 remaneret,
995 1280 1070 1359 post
1094 1271 1308 1359 diligentiam,
1336 1291 1430 1354 quam

305 1383 347 1448 ad
363 1381 589 1466 proficiendum
607 1381 711 1448 eidem
730 1382 873 1449 Ecclesia
889 1381 1051 1468 ydoneam
1068 1389 1101 1448 et
1126 1384 1342 1468 approbatam
1366 1397 1431 1466 per·

304 1509 419 1558 sonam
436 1488 644 1557 abhibuimns
660 1490 848 1575 vigilanter,
865 1489 899 1556 in
915 1496 947 1555 te
963 1497 1039 1556 tunc
1064 1488 1356 1574 Archiepiscopum
1380 1489 1430 1554 la-

305 1597 465 1684 drensem,
481 1617 575 1683 quem
591 1596 727 1663 scientia
741 1597 874 1664 litterali
899 1595 1108 1684 (litterarum)
1134 1595 1308 1683 preditum,
1334 1595 1432 1663 virum

306 1726 435 1792 quoqne
452 1705 517 1770 vite
533 1705 720 1792 laudabilis,
741 1704 999 1772 conuersationis
1025 1704 1163 1791 placide,
1191 1724 1315 1772 morum
1342 1702 1432 1770 bone·
1535 1767 1536 1782 ,

308 1822 394 1883 state
409 1813 572 1897 decorum,
588 1813 794 1881 discretionis
812 1821 844 1880 ct
860 1813 990 1880 consilii
1015 1817 1204 1881 maturitate
1229 1814 1432 1900 conspicuum
1535 1801 1536 1810 ’

297 1923 465 2008 novimus,
483 1929 595 1988 noster
610 1919 739 1989 animus
749 1921 915 2006 requievit.
927 1921 1137 1989 Intendentes
1150 1921 1337 2007 itaquetam
1348 1916 1433 2003 gregi

307 2027 475 2112 dominico,
493 2049 590 2114 quam
607 2029 754 2096 Ecclesia
770 2028 915 2114 predicte
931 2028 1104 2097 salubriter
1120 2027 1301 2114 providere,
1321 2027 1364 2095 de
1374 2025 1432 2092 fra·

307 2144 392 2204 trum
406 2143 589 2204 nostrorum
607 2136 744 2204 consilio
760 2143 792 2204 et
814 2137 1002 2222 Apostolice
1027 2137 1230 2224 plenitudiue
1253 2135 1432 2222 potestatis,

307 2253 339 2314 te
355 2266 377 2311 a
392 2244 529 2327 maculo,
547 2262 610 2326 quo
625 2243 789 2310 tenebaris
805 2243 959 2311 Jadrensi
975 2246 1129 2332 Ecclesie,
1146 2246 1364 2330 absolventes,
1390 2241 1431 2306 ad

308 2351 490 2438 predictam
507 2350 690 2418 Ecclesiam
707 2359 739 2418 te
764 2351 998 2436 transferimus,
1027 2360 1058 2418 et
1083 2352 1291 2420 concedimus
1316 2359 1348 2417 tc
1373 2348 1432 2434 ipsi

308 2460 467 2526 Tranensi
486 2458 635 2526 Ecclesie
650 2459 683 2524 in
710 2459 1000 2545 Archiepiscopum
1026 2467 1060 2526 et
1090 2467 1274 2544 pastorem
1302 2459 1433 2525 liberam

306 2566 366 2633 tibi
380 2564 495 2633 dautes
511 2565 687 2654 licentiam,
707 2565 751 2634 ad
768 2565 904 2633 eandam
919 2568 1120 2635 Tranensem
1135 2567 1316 2634 Ecclesiam
1328 2570 1426 2630 nans-

310 2673 417 2742 eundi.
449 2673 612 2752 Quocirca
621 2672 819 2742 fraternitati
836 2679 891 2742 tue
906 2695 965 2759 per
980 2674 1173 2759 Apostoliea
1197 2673 1320 2757 scripta
1351 2691 1433 2738 man-

311 2781 438 2868 damus,
454 2788 614 2865 quatenns
640 2781 826 2865 impositum
851 2781 911 2848 tibi
937 2802 1019 2848 onus
1046 2803 1068 2847 a
1090 2781 1228 2849 Domino
1254 2779 1432 2867 suscipiens
1537 2861 1538 2864 Ἴ

310 2896 507 2977 reverenter,
523 2909 632 2956 curam
643 2897 676 2956 et
692 2889 1009 2958 administrationem
1026 2890 1170 2958 eiusdem
1180 2889 1358 2956 'tranensis
1379 2887 1433 2954 Ec·
1537 2873 1538 2900 ³

312 2997 409 3064 clesie
427 2999 475 3064 sic
490 2996 665 3081 diligenter
680 3017 777 3080 geras
795 3003 827 3063 et
851 2997 989 3064 sollicite
1014 2997 1229 3084 prosequaris,
1255 2993 1342 3081 qnod
1365 2995 1435 3078 ipsa

311 3105 520 3192 gubernatori
537 3105 769 3190 circumspecto
787 3126 826 3172 ac
841 3107 1006 3174 fructuoso
1023 3105 1278 3174 administratori
1295 3103 1436 3190 gandeat

311 3233 347 3282 sc
363 3217 579 3301 commissam,
596 3233 636 3279 ac
650 3215 734 3280 bone
753 3213 839 3280 lame
855 3223 910 3280 tue
926 3214 1005 3281 odor
1021 3235 1061 3280 ex
1077 3213 1299 3281 laudabilibus
1312 3213 1375 3278 tuis
1386 3229 1434 3275 ac·

310 3323 397 3390 tibus
411 3322 510 3390 latins
526 3319 732 3406 defrudatur,
749 3327 781 3387 et
797 3327 906 3407 preter
918 3321 1150 3388 benedictionis
1162 3328 1271 3387 eterne
1281 3319 1434 3406 premium

311 3431 534 3497 benivolentia
550 3433 659 3496 nostre
674 3430 814 3512 gratiam
832 3429 952 3497 exinde
978 3431 1105 3516 plenius
1132 3427 1349 3512 consequaris,
1374 3425 1434 3489 Da·

312 3547 380 3604 tum
395 3538 484 3621 apnd
500 3537 762 3605 Urbemvetercm
786 3537 858 3603 XV.
875 3535 1035 3605 kalendas
1050 3535 1141 3623 lulli,
1158 3535 1367 3604 Pontificatns
1381 3551 1435 3598 no·

313 3645 373 3713 stri
388 3662 473 3711 anno
489 3647 594 3712 tertio.

419 3752 467 3817 In.
485 3771 513 3817 e.
529 3771 571 3817 m.
588 3749 748 3818 uniuersis
764 3749 992 3835 Suffraganeis
1018 3749 1168 3818 Ecclesie
1193 3748 1395 3832 Tranensis,.
1409 3793 1437 3811 ..

313 3859 551 3928 Archidiacono
567 3865 599 3925 et
616 3857 768 3942 Capitale
784 3859 929 3927 Ecclesie
945 3861 1133 3946 Tranensis,
1151 3859 1245 3928 Claro
1262 3866 1294 3926 et
1321 3855 1438 3946 populo

315 3969 469 4036 Ciuitatis
485 3975 518 4035 et
534 3967 681 4036 Diocesis
696 3968 884 4055 Tranensls,
896 3974 929 4035 et
952 3970 1111 4036 uniuersis
1128 3967 1273 4037 Vasallis
1298 3965 1437 4033 Ecclesie

313 4076 499 4146 Trancnsis.

316 4275 450 4342 (Tinctum,
465 4275 565 4328 Vetera
577 4277 754 4328 Monnmcnta
766 4275 906 4328 Slavorum
919 4273 1138 4327 Meridionalinm
1152 4272 1294 4326 historiam
1309 4273 1438 4324 illustran-

747 4369 789 4418 tia
800 4367 823 4418 1.
836 4365 892 4420 kur.
913 4367 973 4418 114.
983 4365 1014 4432 l.)

769 4579 981 4592 0———2—-u
