3112 5158
806 253 966 354 „uss-

322 454 400 519 tatis
419 451 542 519 uicibus
558 451 646 536 prius
663 449 755 516 nobis
771 470 828 534 per
843 470 919 516 suos
936 448 1071 514 nuncios
1087 455 1120 516 et
1135 455 1360 533 procuratores
1375 469 1447 538 spe·

321 561 422 627 ciales
437 559 619 640 significare
635 563 798 644 curarunt,
815 557 901 642 quod
917 557 1016 640 ijdem
1035 557 1174 624 Uillicus
1191 565 1223 623 et
1236 559 1326 624 ciues
1339 567 1452 626 contra

316 667 525 753 judiciariam
536 665 776 732 ordinacionem
786 665 1086 748 diffinicionemque
1097 671 1254 754 nostram,
1266 667 1450 734 litterarum
1553 679 1554 698 ³

321 784 501 844 nostrarum
518 776 619 842 tenori
634 773 830 841 luculentius
845 773 1061 860 intersertam,
1078 775 1303 858 presumcione
1320 780 1355 840 et
1375 796 1451 842 auc·
1553 853 1554 858 ἵ

321 886 450 952 toritate
465 883 596 970 propria
612 889 733 950 temere
749 885 931 963 venientes,
948 902 1046 968 super
1061 885 1199 968 populos
1217 883 1288 949 siue
1304 882 1446 965 icbagio·

321 1013 379 1060 nes
395 992 539 1058 eiusdem
557 990 680 1058 domini
694 989 951 1074 Archyepiscopi
966 1040 975 1070 ,
993 995 1026 1054 et
1043 987 1184 1075 Capituli
1214 990 1275 1074 sni,
1300 1009 1340 1055 ac
1367 990 1447 1056 eius·
1553 999 1554 1002 ’

322 1101 394 1167 dem
411 1100 556 1166 Ecclesia
572 1099 684 1165 Sancti
700 1097 822 1164 Thome
834 1097 1040 1163 exaccionem
1052 1104 1084 1163 et
1101 1099 1268 1164 collectam
1285 1097 1450 1182 fecissent,
1553 1079 1554 1122 ³

321 1208 431 1275 fractis
449 1207 563 1289 hostijs
580 1204 746 1274 domorum
774 1211 805 1271 ct
831 1205 936 1288 captis
964 1205 1154 1292 pignoribus
1180 1203 1368 1289 eorundem,
1395 1205 1450 1288 qni

321 1317 499 1402 collectam,
516 1335 573 1398 per
588 1315 678 1398 ipsos
694 1313 847 1379 Uillicum
863 1321 896 1381 et
912 1313 1010 1380 Ciues
1027 1335 1083 1398 par
1099 1314 1204 1380 solam
1232 1312 1309 1380 facti
1336 1324 1447 1399 poten·

322 1422 405 1488 ciam
422 1419 593 1488 temeraria
609 1426 642 1486 et
657 1419 804 1488 fastuosa
830 1422 1075 1506 presumpcione
1099 1419 1257 1488 uiolenter
1282 1419 1447 1507 indictam,
1553 1409 1554 1412 ¹

322 1531 404 1596 sicut
421 1528 461 1595 dc
477 1528 545 1594 iure
561 1529 733 1616 debebant,
749 1530 877 1596 soluere
892 1531 1088 1612 renuebant;
1107 1529 1164 1594 lite
1180 1529 1347 1613 pendente
1363 1529 1448 1596 inter

321 1645 430 1722 partes
448 1637 596 1725 superius
612 1643 815 1720 memoratas,
835 1635 1000 1722 predictos
1011 1635 1206 1720 jobagicnes
1231 1637 1387 1726 ipsorum,
1404 1639 1449 1706 ri·
1553 1703 1554 1728 ἶ

258 1786 263 1797 ·
321 1745 439 1812 delicet
453 1746 539 1813 intra
554 1747 711 1814 fossatum
727 1745 951 1830 Strigouiense
967 1747 1169 1830 constitutos,
1187 1752 1299 1813 astare
1323 1767 1383 1813 suo
1402 1744 1461 1812 irr-'
1553 1731 1554 1742 ¹

320 1851 404 1920 dicio
422 1855 663 1939 compellentes,
681 1859 713 1921 et
729 1854 866 1920 macella
891 1853 1075 1922 carnificum
1100 1861 1135 1920 ut
1158 1855 1265 1938 ipsam
1291 1853 1447 1938 Strigoni-
1553 1939 1554 1942 Ἴ

321 1981 430 2027 ensem
449 1961 627 2028 Ecclesiam
644 1964 712 2030 iure
729 1981 795 2046 suo,
812 1984 852 2028 ex
868 1962 947 2048 ipsis
959 1961 1121 2028 macellis
1146 1963 1366 2046 proveniente,
1395 1963 1448 2028 de·
1553 1953 1554 1968 ¹

319 2068 472 2135 fraudare
487 2077 519 2135 et
535 2069 765 2156 dampnifieare
781 2071 922 2156 valeant,
939 2090 959 2134 a
975 2070 1047 2136 loco
1063 2069 1171 2136 debito
1199 2071 1282 2136 alias
1307 2073 1447 2138 transfe-

320 2177 428 2262 rendo,
446 2185 478 2245 et
494 2178 578 2262 quod
595 2177 744 2245 Uillicum
762 2177 802 2244 de
819 2179 984 2264 Keztelch,
997 2178 1207 2262 jobagionem
1221 2178 1366 2244 eiusdem
1385 2177 1447 2244 Ga-

320 2285 423 2368 pituli,
440 2293 552 2350 contra
568 2284 749 2350 libertatem
766 2285 914 2352 Ecclesia
930 2285 1165 2368 strigoniensis
1181 2294 1214 2352 et
1224 2283 1447 2350 ordinacionis
1553 2341 1554 2376 ,

320 2401 428 2460 nostre
444 2393 569 2478 scriem,
586 2393 620 2460 in
636 2396 752 2461 nostris
767 2403 952 2462 contentam
968 2395 1095 2480 litteris,
1113 2396 1339 2480 captiuassent
1350 2402 1389 2460 -et
1414 2395 1448 2458 in

321 2521 378 2568 suo
396 2501 575 2568 detinerent
601 2524 730 2571 carcere
756 2503 895 2588 captiuis
921 2503 1060 2570 uinculis
1077 2503 1304 2588 mancipatum.
1329 2503 1447 2568 Verum

319 2631 391 2674 cum
406 2631 464 2676 nus
480 2611 680 2696 Strigonium
692 2611 867 2678 casualiter
880 2612 1089 2696 uenissemus,
1103 2619 1135 2676 et
1147 2611 1301 2696 predictis
1314 2609 1446 2690 Uillico,

319 2719 443 2785 Juratis
460 2726 491 2784 et
505 2720 665 2786 vniucrsis
681 2721 815 2787 Ciuibus
831 2719 1117 2802 strigoniensibus,
1135 2718 1178 2784 ad
1204 2725 1349 2785 nostram
1378 2737 1449 2802 prc-

233 2893 237 2910 ,
320 2827 460 2891 senciam
478 2807 670 2894 iudicialiter
687 2829 842 2909 euocatis,
860 2828 1058 2894 asserciones
1074 2834 1282 2910 utrarumque
1297 2827 1448 2910 parcium

320 2942 415 3018 prout
432 2935 621 3024 debuimus,
638 2945 766 3003 seruato
782 2937 862 3002 iuris
879 2936 1001 3020 ordine,
1019 2935 1196 3002 secundum
1212 2935 1348 3001 formam
1366 2933 1449 2999 iudi-

319 3041 359 3126 cij
377 3043 556 3130 audientes,
574 3045 868 3128 examinassemus;
884 3043 961 3127 quia
977 3042 1053 3108 licet
1079 3041 1232 3128 predictis
1260 3040 1386 3106 ciuibus
1413 3042 1449 3105 in

294 3201 298 3206 .
320 3151 386 3216 suis
406 3152 679 3238 responsionibus,
695 3153 852 3235 imprimis
869 3171 932 3216 nou
949 3149 1018 3216 sinc
1044 3151 1180 3216 notabili
1206 3149 1349 3216 salsitate
1374 3148 1452 3234 plu·

318 3261 433 3336 rimum
449 3259 651 3326 uariantibus
661 3313 671 3347 ,
688 3261 731 3326 ad
748 3261 894 3326 ultimum
912 3267 1029 3345 tamen,
1046 3277 1117 3324 cum
1135 3258 1176 3323 ad
1193 3257 1366 3323 ueritatem
1393 3275 1449 3320 ne·

319 3369 402 3452 gocij
422 3377 552 3433 uentum
571 3365 640 3452 luit,
653 3369 815 3451 prelibata
831 3365 1060 3432 iuraEcclesie
1072 3364 1304 3450 Strigoniensis
1324 3383 1453 3447 expro-

319 3478 392 3562 pria
418 3475 618 3541 confessione
644 3481 787 3541 astruere
829 3481 861 3540 et
886 3473 1046 3540 affirmare
1073 3491 1206 3539 necesse
1231 3471 1452 3558 habentibus,

319 3585 424 3665 ipsurn
441 3582 605 3648 dominum
621 3581 922 3669 Archyepiscopum
940 3589 971 3646 et
986 3602 1079 3648 suum
1097 3579 1290 3663 Capitulum,
1317 3602 1452 3648 necnon

318 3690 495 3756 Ecclesiam
513 3691 623 3756 Sancti
640 3691 762 3756 Thome
778 3689 968 3774 predictam,
986 3697 1061 3756 ante
1078 3695 1226 3775 tempora
1255 3691 1438 3757 coronacio

319 3799 368 3863 nis
385 3805 504 3886 nostre,
522 3807 554 3863 et
569 3805 682 3883 postea
699 3805 841 3882 tempore
853 3806 937 3864 mote
948 3799 1026 3885 litis,
1040 3799 1136 3864 nobis
1152 3798 1298 3864 constitit
1309 3798 1451 3865 euiden-

317 3916 374 3990 ter,
391 3907 590 3990 iobagiones‚
607 3927 664 3972 seu
689 3909 826 3991 populos
853 3915 884 3971 et
909 3907 1066 3989 quosdam
1092 3905 1263 3972 censuales
1288 3903 1456 3974 habuisse

318 4014 404 4078 intra
419 4016 578 4080 fossatum
595 4013 826 4098 Strigonieuse,
846 4021 876 4078 et
893 4013 1057 4098 predictos
1084 4013 1276 4096 iobagiones
1303 4032 1362 4079 seu
1388 4033 1454 4098 po-

318 4229 505 4313 exercendo,
522 4229 656 4314 pacifice
672 4237 704 4296 et
720 4231 842 4316 absque
859 4229 1095 4312 inquietacione
1111 4228 1222 4313 aliqua
1246 4228 1457 4319 possedisse,

319 4343 351 4401 et
376 4356 396 4400 a
422 4338 491 4402 suis
517 4337 725 4404 censualibus
750 4337 820 4404 sine
845 4337 1105 4404 contradiccione
1135 4357 1266 4403 censum
1299 4355 1456 4406 annuum

317 4445 513 4530 percepisse,
530 4467 568 4512 ac
585 4466 606 4510 a
621 4445 767 4513 macellis
785 4446 939 4513 tributum
965 4445 1133 4528 accepisse
1161 4452 1193 4510 et
1218 4443 1340 4529 pariter
1366 4462 1456 4513 exe·

318 4551 424 4636 gisse3
443 4554 518 4638 quia
534 4553 635 4620 eciam
653 4555 786 4620 discreti
803 4553 863 4620 riri
881 4555 1035 4638 Magister
1051 4553 1234 4640 Cyprianus
1249 4553 1364 4618 Lector
1383 4553 1458 4620 Ec-
