3120 5172
640 319 801 417 *gs-r*

145 509 285 576 iittem
299 513 431 610 nostrus
444 507 633 594 sigillorum
647 517 829 578 nostrorum
854 511 1030 580 munimine
1055 514 1282 583 communitas.

151 615 275 706 Datum
292 613 378 682 seria
393 615 582 684 secuudain
592 615 766 700 quindenis
783 618 877 684 Beati
892 615 1061 687 Michaelis
1076 617 1274 706 Archangeli

144 741 238 788 anno
258 720 391 788 Domini
408 720 529 790 ΜὊΟο
548 725 761 809 nonagesimo
784 725 934 812 septimo.

145 915 292 984 madetis
305 913 476 984 bdrhirtyin
490 916 722 987 hirtyaasiuegcn
736 921 823 987 idggd
836 919 930 988 pecsdt
951 921 1040 984 alatis
1063 923 1178 977 abudai
1190 923 1216 974 lr.
1231 923 1281 975 lra-

559 1013 646 1062 marai
658 1007 850 1078 lsvdltirbam)
1238 1011 1239 1014 ’

617 1298 780 1309 umen-an..-
786 1299 827 1308 ...α

683 1826 759 1896 186.

154 2024 741 2092 Aaaasztriaisa.·kereszti1roaoeat
757 2025 913 2092 ὶοάοπιέν
934 2028 1122 2112 antespasti
1137 2027 1282 2092 ersebnak

149 2130 271 2198 werdhe
286 2131 371 2218 adju
384 2130 756 2218 Tordoskeddhelyscpst
770 2131 1048 2301 o7Poaaonrnepyei
1062 2130 1284 2218 Prdcaalrely·

585 2239 696 2323 sepiri.
722 2240 789 2305 129
813 2285 821 2302 .
861 2286 864 2294 -
1326 2275 1330 2280 -

262 2431 435 2502 Vniuersis
443 2483 453 2520 ,
470 2431 589 2516 quibus
606 2439 775 2518 presentes
796 2433 975 2518 patuerint,
989 2431 1093 2502 freter
1109 2431 1282 2502 Bertoldus

151 2539 275 2627 Ahbas,
292 2546 444 2622 totusque
461 2539 648 2608 Conuentus
673 2539 865 2625 Monssterij
892 2539 1010 2608 Sancte
1026 2539 1138 2609 Crucis
1154 2539 1285 2626 (lyster-

154 2647 275 2716 aiensis
300 2645 436 2715 Ordinis
451 2647 486 2716 iu
501 2647 633 2716 Austria
646 2646 882 2717 Psthauiensis
907 2649 1057 2718 Diccesls
1066 2701 1076 2736 ,
1094 2649 1234 2718 salutem
1249 2647 1284 2714 in

153 2755 294 2824 Domino
312 2754 553 2841 sempiternam.
580 2753 633 2822 Ad
657 2754 882 2824 vniuersitatis
907 2762 1017 2825 uestro
1040 2757 1195 2825 noticiam
1211 2776 1284 2843 per·

153 2863 266 2930 uenire
283 2863 433 2930 uolumus
451 2862 656 2949 presencium
678 2863 869 2930 ¹testimonio
893 2865 1091 2943 litterarum,
1124 2860 1211 2947 quod
1225 2881 1285 2930 nos

155 2969 269 3036 habito
285 2976 427 3038 tractstu
443 2971 648 3058 sollempny,
664 2990 704 3038 ac
720 2969 963 3039 deliberacione
973 2969 1135 3056 diligenti,
1158 2989 1284 3054 posses·

148 3077 277 3145 sionem
294 3077 441 3145 Ecclesie
457 3084 567 3146 nostre
581 3075 814 3144 Tordoskeddi
831 3077 1000 3162 wlgariter
1015 3084 1173 3162 uocatam,
1188 3076 1285 3144 silam

152 3185 186 3252 in
203 3183 423 3268 strigoniensi
439 3183 582 3271 Dyocesi
591 3235 601 3270 ,
628 3204 701 3251 cum
728 3184 878 3252 omnibus
893 3182 1101 3270 utilitatibus,
1122 3183 1284 3269 proscuti-

154 3292 225 3378 bus,
240 3289 423 3359 redditibus
441 3296 473 3360 et
494 3289 707 3378 pertinencijs
732 3291 819 3378 suis,
846 3283 976 3376 ienet'is,
1000 3291 1144 3378 pascuis,
1169 3291 1308 3376 pratis·

155 3399 252 3466 terris
267 3398 448 3466 arabilibus
465 3397 563 3465 cultis
591 3403 623 3464 et
646 3399 798 3484 incultis,
815 3404 847 3464 et
876 3396 1038 3464 vniucrsis
1063 3395 1188 3462 iuribus
1204 3403 1283 3464 tem·

154 3503 336 3590 poralihus,
351 3523 544 3589 quocunque
559 3503 691 3571 nomine
708 3511 924 3588 censeantur,
940 3503 1001 3569 sub
1032 3501 1158 3569 eisdem
1190 3503 1285 3570 metis

156 3621 187 3680 et
205 3611 365 3697 terminis,
382 3611 502 3696 quibus
518 3611 656 3680 eandem
672 3607 909 3698 possessionem
924 3605 1171 3696 predecessores
1181 3609 1285 3677 nostri

154 3730 189 3790 et
204 3739 267 3788 nos
283 3718 488 3806 possedimus
505 3717 548 3784 ad
563 3719 622 3786 hos
634 3717 714 3804 dies,
726 3719 929 3805 contulimus,
940 3717 1086 3786 dedimus
1102 3727 1134 3786 et
1153 3717 1286 3785 tradidi·

156 3846 226 3894 mus
243 3825 425 3893 venerabili
442 3825 476 3892 in
492 3823 624 3893 Christo
639 3825 727 3912 patri
737 3825 867 3893 domino
883 3825 1077 3892 Lodomerio
1092 3825 1154 3892 Dei
1170 3824 1286 3910 gracia

156 3931 415 4020 Archiepiscopo
431 3931 647 4018 strigoniensi
679 3939 712 4000 et
728 3933 846 4000 Comiti
862 3929 1021 4018 Perpetuo
1050 3931 1110 3999 loci
1137 3931 1284 3998 eiusdem

154 4047 189 4105 et
204 4039 452 4107 successoribus
467 4038 546 4124 suis,
563 4037 598 4105 in
615 4039 840 4107 concambium
859 4059 916 4106 seu
930 4038 1205 4125 permutaciouem
1232 4059 1285 4106 cu-

153 4145 283 4215 insdam
299 4145 521 4232 possessionis
534 4144 681 4214 eiusdem
699 4145 845 4214 Ecclesic
859 4145 1100 4232 Strigoniensis,
1111 4145 1284 4214 Paruohan

154 4251 320 4336 wlgariter
345 4256 589 4336 nuncupatam,
616 4250 714 4318 sitam
740 4251 774 4318 in
798 4251 956 4319 Districtu
979 4249 1170 4318 Posoniensi
1184 4271 1285 4338 prope

151 4356 349 4446 Poscnium3
366 4355 599 4431 inducentibus
615 4377 676 4426 nos
702 4357 896 4444 quibusdam
922 4356 1236 4426 consideracionihus
1252 4369 1284 4428 et

155 4463 353 4559 rarioribus,
369 4465 564 4548 urgentibus
580 4463 810 4534 nichilominus
826 4463 1020 4550 quibusdam
1036 4465 1284 4535 necessitatibus

154 4579 189 4638 et
204 4567 412 4638 euidentibus
429 4570 647 4656 utilitatibus;
665 4572 903 4659 prospicientes
928 4573 1060 4660 insuper
1074 4571 1109 4640 id
1125 4574 1284 4642 blonaslo·

1117 4683 1179 4751 19⁸
