3170 5166
690 313 851 412 „ms-

205 501 351 570 eiusdem
366 509 450 572 terre
466 505 639 574 inuenietis
655 506 904 591 inquirendam
921 507 1044 592 aliquis
1069 508 1168 578 fuerit
1182 518 1338 579 executor

206 616 264 676 ant
279 611 517 697 contradictum
533 614 621 697 quod
647 612 724 682 lieri
740 631 836 699 posse
852 635 917 683 non
933 636 1112 702 speramus.
1140 617 1219 684 ltem
1254 617 1337 684 istas

202 717 324 784 alteras
342 719 423 786 duas
440 727 544 788 terras
560 721 796 788 Zenthmartun
813 729 847 789 et
863 722 979 791 Zwerk
1012 730 1164 809 uocatas3
1199 743 1335 807 quarum

205 843 271 891 vna
288 823 413 893 scilicet
444 827 674 895 Zenthmarton
707 837 776 896 erat
809 829 977 896 cuiusdam
1008 829 1193 915 iobagionis
1224 829 1334 900 Oaatri
1422 873 1424 877 v

201 931 438 1016 lllnsuniensis3
454 935 584 1001 nomine
609 936 704 1020 Is0v;
721 943 753 1000 et
769 941 857 1002 terra
871 937 1000 1024 Zwerlr‚
1032 956 1095 1020 que
1126 945 1196 1004 erat
1228 938 1337 1006 castri

203 1040 443 1125 Musuniensis;
458 1059 595 1123 quarum
611 1047 771 1109 terrarum
788 1043 920 1127 quidem
936 1041 1060 1110 domini
1090 1041 1247 1112 heredum
1278 1065 1333 1112 ca·

203 1153 313 1213 rentes
328 1145 451 1214 solacio
468 1146 690 1234 decesserant,
705 1168 765 1234 per
781 1145 994 1216 donacionem
1011 1148 1134 1216 domini
1144 1151 1244 1233 Regis
1255 1152 1337 1218 Bele

205 1252 299 1337 Suae,
316 1260 348 1320 et
363 1251 550 1320 Harbordus
566 1273 659 1321 soe—er
686 1255 765 1340 eius,
798 1261 893 1340 prout
923 1253 1156 1322 hereditariam
1186 1259 1337 1342 possede.

202 1366 286 1446 runt,
303 1357 469 1443 ijdemque
485 1363 619 1444 propter
635 1379 728 1427 suam
744 1359 887 1455 inopiam
920 1366 953 1427 et
983 1369 1208 1446 paupertatem
1240 1364 1334 1451 ipsas

204 1475 307 1534 terras
322 1465 508 1533 vendicioni
524 1485 687 1551 exponere
712 1469 868 1551 uolentes,
881 1486 942 1534 nos
960 1469 1092 1534 eosdem
1108 1489 1219 1536 sumus
1252 1470 1333 1537 allo-

204 1573 281 1659 cuti,
297 1571 449 1658 ipsosque
465 1573 510 1638 ad
527 1573 729 1658 presenciam
746 1573 870 1640 domini
885 1575 983 1658 Regis
994 1575 1217 1661 conduximus,
1230 1576 1335 1662 ipsas-

208 1700 272 1764 que
288 1683 391 1746 terras
407 1680 441 1745 in
457 1681 630 1764 presencia
646 1680 767 1747 domini
784 1682 884 1764 Regis
900 1687 933 1746 et
947 1681 1115 1747 uoluntate
1139 1682 1233 1748 nobis
1264 1704 1335 1768 pre-

204 1785 254 1854 clo
269 1791 303 1853 et
317 1786 456 1871 pecunia
474 1787 711 1870 uendiderunt;
728 1807 826 1874 super
842 1788 959 1871 quibus
975 1787 1184 1873 priuilegium
1211 1789 1335 1855 domini

204 1892 305 1979 Regis
321 1893 402 1959 Bele
418 1913 490 1960 cum
506 1894 696 1978 patentibus
711 1894 828 1962 litteris
845 1894 991 1961 eiusdem
1008 1894 1165 1962 habemus
1189 1914 1336 1962 reserua-

203 2008 280 2068 tum.
298 2002 380 2067 Item
397 2001 603 2068 medietatem
620 2004 755 2068 totalem
772 2010 857 2068 terre
875 2001 1070 2082 Geztenche,
1087 2021 1149 2084 que
1180 2022 1201 2066 a
1233 2002 1335 2086 Megi-

203 2114 270 2174 stro
287 2108 385 2175 Saulo
403 2129 496 2176 sunm
513 2117 587 2192 post
602 2108 771 2176 decessum
786 2107 831 2174 ad
846 2128 963 2176 manns
981 2107 1104 2175 domini
1120 2109 1220 2193 Regis
1239 2108 1333 2176 deue-

207 2223 309 2301 nerat‚
327 2223 358 2282 et
374 2237 432 2301 per
448 2217 612 2285 dominum
628 2219 749 2302 Regem
777 2218 891 2284 Belum
922 2217 1081 2302 Magistro
1111 2217 1237 2284 Jacobo
1266 2215 1337 2281 filio

204 2323 386 2410 lllychaelis
404 2332 474 2390 erat
491 2324 684 2411 condonata,
701 2323 938 2408 uniusquidem
956 2325 1066 2390 totalis
1078 2331 1163 2392 terre
1178 2323 1336 2389 medietas

202 2431 421 2515 Paugracium
437 2438 469 2497 et
485 2431 660 2498 Martinam
678 2431 719 2500 de
735 2432 838 2498 Berch
853 2433 962 2516 tangit
979 2439 1012 2498 et
1026 2430 1193 2515 tangebat,
1219 2451 1278 2496 nos
1292 2431 1335 2494 ab

203 2538 317 2606 eodem
333 2537 492 2621 Magistro
508 2536 632 2604 Jacobo
649 2539 743 2604 simul
760 2557 833 2604 cum
850 2538 993 2622 quadam
1009 2537 1172 2623 particule
1189 2538 1332 2604 deterre

202 2642 415 2730 Zenthywan,
432 2643 523 2711 caius
540 2642 669 2728 quidem
686 2651 771 2712 terre
797 2644 1000 2730 Zenthywan
1031 2665 1109 2728 pars
1141 2643 1333 2727 ecclesialis,

204 2759 236 2818 et
253 2751 356 2818 eciam
374 2756 458 2818 terre
474 2750 661 2818 Gentenche
677 2773 754 2836 pars
770 2759 885 2819 tenens
901 2752 1082 2832 ecelesiam,
1099 2771 1220 2834 magno
1251 2769 1335 2818 com·

201 2856 389 2944 parauimus
406 2856 516 2924 labore
533 2863 566 2923 et
582 2876 747 2941 expensa;
763 2877 860 2942 super
876 2857 991 2941 quibus
1008 2861 1103 2924 terris
1119 2855 1328 2942 priuilegium

181 3017 186 3022 .
203 2964 341 3035 habetur
357 2963 501 3050 capiuli
517 2963 698 3030 lentiensis
715 2966 762 3030 sic
780 2963 970 3050 conlectum,
1002 2970 1037 3029 nt
1068 2963 1331 3045 quandocunque

203 3073 308 3139 mocio
325 3091 385 3139 nos
404 3073 570 3138 laboraret
585 3089 680 3156 super
697 3071 791 3136 terris
808 3070 1006 3156 memoratis,
1022 3069 1094 3154 ipse
1110 3068 1267 3152 Magister
1277 3068 1332 3134 Ja-

204 3180 302 3247 oobus
318 3185 373 3243 aut
390 3176 438 3243 sui
455 3176 593 3244 heredes
609 3197 669 3243 nos
686 3176 839 3262 expedire
854 3182 1006 3242 tenentur
1021 3175 1150 3260 proprio
1167 3175 1279 3242 labore
1303 3184 1335 3240 et

204 3284 375 3372 expensist
394 3293 426 3351 et
440 3285 468 3350 si
485 3283 594 3369 ipsum
609 3283 817 3368 priuilegium
833 3281 926 3349 uobis
958 3281 1090 3348 minime
1122 3282 1234 3348 ualere
1265 3281 1335 3364 dig·

202 3399 399 3472 nosceretur,
416 3391 545 3458 habetis
560 3389 625 3457 dno
641 3389 817 3475 priuilegia
833 3395 1012 3474 reseruata,
1030 3408 1101 3454 cum
1119 3387 1235 3472 quibus
1251 3387 1331 3454 villa

204 3499 405 3584 Zenthywan
423 3517 496 3565 cum
512 3497 677 3564 ecclesiali
693 3501 796 3582 parte,
829 3516 867 3564 ac
900 3495 980 3563 ailla
1011 3493 1203 3561 Zumbathel
1232 3514 1335 3578 prope

205 3608 329 3675 Gnncel
346 3611 416 3672 erat
432 3601 585 3690 (thepano
602 3623 665 3670 auo
682 3608 803 3690 nostro,
821 3609 853 3670 et
869 3623 941 3670 cum
957 3605 1061 3668 altero
1071 3600 1245 3686 priuilegio
1264 3609 1334 3666 erat
1414 3685 1420 3696 ι

201 3714 285 3781 Poth
302 3713 454 3778 Palatino
469 3711 665 3798 condonata,
682 3716 808 3796 partem
824 3731 901 3778 uero
918 3711 1069 3796 alteram,
1100 3727 1166 3792 qna
1197 3707 1241 3773 ad
1271 3708 1330 3772 Oa·

202 3829 304 3890 strum
320 3819 457 3886 cedebat
473 3817 717 3885 Musuniensem
733 3815 831 3906 (igy)‚
846 3817 956 3903 precio
974 3823 1198 3903 comparatam
1225 3833 1334 3901 posse-

202 3928 308 3995 dimus
324 3935 359 3994 ut
386 3925 617 3994 hereditariam
648 3945 752 4008 usquc
772 3967 808 3977 -
827 3961 869 3973 -
887 3933 960 3991 —t
991 3931 1109 3990 terram
1145 3919 1334 4006 Rosnnfeld,

201 4053 268 4119 qua
283 4041 333 4100 est
349 4033 499 4118 superius
514 4030 688 4118 Potunscy‚
705 4030 841 4100 inferius
867 4031 976 4116 Segh;
994 4030 1054 4098 illa
1069 4037 1180 4097 nostra
1196 4033 1246 4095 est
1277 4028 1334 4094 he-

200 4139 371 4223 reditaria,
389 4139 448 4206 sed
464 4145 606 4224 tempore
622 4137 762 4224 Nicolay
777 4137 923 4205 Palatini
939 4139 996 4222 filij
1028 4136 1134 4202 Barch
1165 4135 1228 4200 fnit
1258 4133 1335 4201 alie·

200 4252 319 4314 natea
337 4281 615 4293 ——————
634 4245 693 4313 aed
708 4251 802 4331 pater
818 4250 928 4312 noster
951 4264 1034 4312 auus
1065 4252 1171 4312 uester
1201 4242 1245 4310 ad
1275 4263 1335 4310 nos

201 4359 238 4422 ut
253 4351 485 4421 hereditariam
501 4355 677 4421 reuocauit.
695 4351 777 4418 Item
793 4349 934 4436 quedam
952 4358 1040 4418 terra
1056 4370 1121 4433 que
1132 4356 1267 4418 uocatur
1277 4349 1334 4417 Se·

201 4459 327 4529 candus
343 4459 604 4546 Telaquiprope
620 4458 803 4546 Certatim
832 4477 897 4543 qna
927 4465 996 4524 erat
1029 4457 1146 4524 Daniel
1177 4456 1335 4525 officialis

201 4575 317 4639 noster
333 4589 405 4637 cum
421 4567 517 4636 Petro
533 4567 632 4636 fratre
648 4589 719 4656 sno,
751 4573 783 4636 et
815 4565 1005 4634 Theodorus
1034 4563 1122 4632 lilius
1154 4564 1335 4648 Secundus,
