3132 5162
620 308 778 406 „li-

132 500 242 567 fidelis
259 500 372 587 nostri,
390 519 452 584 que
468 499 561 566 nobis
577 507 651 585 post
667 479 788 586 adepta
813 502 1035 584 gubernacula
1051 505 1153 568 nostri
1179 506 1264 588 regi-

131 611 231 676 minis
249 609 396 676 exhibuit
413 615 444 676 et
454 609 622 695 impendit,
645 609 808 692 quandam
828 618 944 678 terram
965 611 1070 680 Oastri
1087 613 1188 680 nostri
1206 616 1267 680 Po·

133 717 297 786 seniensis
315 716 434 784 Kuhna
444 725 605 801 uooatam,
617 738 753 785 uacuam
771 727 802 786 et
818 721 1053 788 habitatoribus
1066 721 1266 810 destitutam,

134 827 170 891 in
179 846 247 908 qua
264 826 403 894 aeclesia
419 827 454 891 in
471 825 714 893 honoreSaneti
726 827 864 913 Nyooloi
880 835 928 896 est
939 835 1133 916 constructa,
1144 850 1202 916 per
1213 829 1268 898 do-

133 934 257 1000 minum
273 933 386 998 Belum
403 935 525 1016 Regem
542 933 628 1000 olane
644 934 813 1018 memorie,
840 955 938 1000 auum
964 943 1108 1003 nostrum
1133 937 1266 1005 karissi-
1306 958 1311 974 ⁸

133 1060 223 1108 mum
240 1041 271 1107 ei
286 1039 450 1128 eollatam,
471 1047 504 1107 et
527 1040 705 1126 peripsum
722 1042 867 1128 Depreht
898 1044 1113 1126 usquemodo
1139 1065 1267 1130 posses-

135 1170 227 1231 sam,
253 1149 316 1234 ipsi
341 1149 501 1236 Depreht,
536 1157 567 1217 et
592 1172 650 1237 per
667 1169 738 1215 enm
762 1153 831 1218 suis
854 1150 1025 1218 heredibus
1051 1153 1269 1238 heredumque
1305 1233 1307 1236 Ι

136 1277 268 1324 snorum
285 1259 526 1326 sueoessoribus
543 1257 701 1346 dedimus,
718 1259 910 1326 donauimus
927 1267 959 1326 et
976 1260 1170 1328 eontulimus
1196 1261 1266 1328 iure

136 1374 294 1452 perpetuo
319 1367 454 1452 paoifioe
480 1367 720 1455 possidendam,
750 1369 821 1435 sine
847 1369 1027 1454 preiudioio
1053 1369 1131 1437 iuris
1157 1368 1270 1468 alieni,

137 1476 316 1543 seeundum
334 1477 420 1562 quod
436 1496 495 1561 per
521 1475 683 1544 dominum
710 1477 823 1543 Belam
849 1479 970 1562 Regem
998 1497 1097 1544 auum
1122 1469 1266 1543 nostrum

138 1584 348 1652 karissimum
364 1584 428 1670 ipsi
444 1584 588 1670 Depreht
598 1586 721 1651 donata
732 1585 909 1652 dinoscitur
925 1591 957 1651 et
973 1585 1100 1652 collata.
1119 1587 1157 1650 ln
1177 1572 1268 1650 ouius
1298 1581 1299 1584 ’

139 1695 186 1761 rei
202 1693 391 1762 memoriam
410 1700 444 1760 et
458 1701 649 1779 perpetuam
665 1694 849 1762 firmitatem
865 1701 1035 1780 presentes
1051 1693 1270 1762 oonoessimus

139 1806 266 1874 litteras
282 1801 444 1888 duppliais
461 1801 563 1887 sigilli
580 1803 680 1869 nostri
692 1802 866 1868 munimine
881 1803 1061 1870 roboratas.
1079 1803 1198 1866 Datum
1212 1821 1271 1886 per

140 1935 256 1982 manus
273 1912 406 1981 disereti
421 1913 483 1980 viri
493 1911 641 1998 Magistri
652 1911 813 1979 Theodori
828 1910 982 1976 Albensis
993 1908 1140 1975 Eoolesie
1151 1907 1270 1994 Prepo-

142 2023 194 2091 siti
212 2026 288 2090 aule
304 2027 415 2089 nostre
431 2022 510 2088 Vioe
527 2020 720 2105 Ganeellarij
740 2019 852 2085 dileoti
868 2023 899 2084 et
915 2017 1020 2084 fidelis
1043 2017 1154 2099 nostri,
1182 2037 1267 2082 anno

142 2131 273 2198 Domini
288 2129 410 2197 ΜθΟΟυ
425 2130 635 2215 nonagesimo
653 2129 756 2213 primo
773 2127 884 2212 quinto
903 2124 1063 2192 kalendas
1074 2123 1269 2192 Nouembris
1378 2131 1380 2138 “

142 2239 244 2326 Regni
258 2243 369 2306 autem
383 2238 485 2305 nostri
502 2257 587 2304 anno
604 2235 757 2304 seeundo.

143 2457 281 2524 (Eradatie
308 2453 484 2522 bdrhirtyim
512 2455 626 2522 melyrh'l
644 2452 819 2522 sttrds-sdrga
841 2451 1067 2520 selyemzsindron
1090 2449 1212 2518 apeosdt
1234 2457 1274 2503 ιδ·

352 2549 447 2602 reddke
458 2550 527 2616 filgg
537 2568 544 2614 ς
554 2549 668 2600 a-budai
681 2549 734 2600 hir.
748 2548 871 2598 kamarai
882 2542 1076 2611 levdltirban.)

606 2833 816 2849 Μ

678 3349 731 3416 lo.

148 3555 216 3623 III.
242 3556 354 3620 Endre
380 3552 488 3639 kirtly
518 3552 702 3636 maperdst'ti
733 3547 791 3615 IV.
816 3548 932 3613 Laeto
955 3542 1131 3630 ttrotyoat
1154 3539 1280 3607 Perstet

151 3667 306 3749 helyae'pet
323 3665 482 3748 tcirpyazd
506 3661 707 3745 odomdnyrtt
725 3658 873 3722 Herbord
890 3679 988 3724 corrues
1003 3658 1162 3720 ardurciru.
1179 3648 1277 3713 1291.

260 3861 412 3928 Andreas
425 3858 486 3924 Dei
496 3859 608 3940 gracia
623 3856 801 3940 Hungarie,
812 3851 991 3938 Dalmaoie,
1003 3849 1150 3934 Oroaeio,
1167 3847 1279 3930 Reme,

149 3969 275 4052 Seruie,
291 3967 444 4054 Gallicis,
460 3967 661 4052 Lodomerie,
689 3963 844 4032 Cumanis
860 3960 1079 4044 Balgarieque
1095 3957 1164 4023 Rex
1182 3952 1282 4018 omni·

149 4076 214 4144 bus
233 4077 355 4144 Christi
371 4074 522 4141 fidelihus
539 4081 725 4158 presentem
757 4073 913 4157 paginam
930 4064 1126 4153 inspecturis
1143 4062 1282 4129 salutern

148 4185 184 4250 in
202 4185 345 4251 omniurn
377 4182 551 4250 saluatore.
582 4180 737 4265 Congruit
767 4177 868 4262 Regio
893 4175 1056 4243 Maiestati
1082 4170 1284 4259 propensiori

149 4291 332 4378 diligencia
349 4312 478 4358 suorum
509 4289 652 4357 fidelium
678 4287 876 4354 utilitatibus
893 4291 925 4350 et
941 4281 1118 4350 commodis
1135 4279 1284 4362 uigilare,

149 4421 331 4486 eorumque
349 4398 474 4467 deuotis
492 4397 708 4486 peticionibus
734 4393 892 4476 inelinari,
911 4411 969 4478 per
987 4410 1068 4474 quos
1086 4392 1209 4456 (hirone
1225 4386 1285 4449 Re-

149 4515 208 4598 gie
225 4510 396 4580 eommoda
422 4508 586 4578 efficacius
616 4509 841 4593 procurantur.
873 4498 926 4565 Ad
944 4499 1170 4564 uniuersorum
1189 4493 1287 4576 igitur

150 4619 310 4686 noticiam
327 4625 441 4685 tenore
464 4615 665 4703 presencium
683 4613 796 4678 harum
828 4610 910 4676 serie
935 4609 1083 4673 uolumus
1109 4607 1286 4689 peruenire,

1088 4716 1127 4782 2*
