3170 5166
824 246 891 312 4'04

284 455 347 493 nem
360 453 507 508 prsuorum
521 439 669 502 homiuum,
682 443 766 508 iupye
784 456 890 508 semper
910 442 1082 508 cogitatione
1108 443 1142 493 de
1163 456 1273 493 amere
1294 443 1423 498 Boulesie

286 537 380 583 nostre
389 531 478 582 ireoto
490 530 581 596 pixide
594 529 676 596 (igy),
689 533 717 583 in
737 545 791 596 quo
809 529 981 594 seruabatur,
996 546 1059 582 oum
1081 530 1145 596 eliis
1167 528 1248 584 rebus
1261 532 1425 585 utriuslibus

288 621 394 672 oinium
407 635 455 673 seu
467 620 605 686 hospitum
624 620 657 670 de
671 621 784 672 oiuitete
806 621 856 670 sub
870 635 918 686 epe
943 620 1108 672 defensionis
1121 621 1149 670 in
1163 620 1265 672 distem
1278 635 1424 673 nemereus

286 710 414 762 Euoleeie
426 714 517 762 nostre
530 711 684 774 inportatis,
705 711 804 762 fuisset
830 711 969 761 subletum
995 725 1028 760 eo
1047 711 1228 772 subtractum,
1252 727 1356 777 uosque
1369 727 1421 762 vsu

286 799 372 866 sigilli
385 799 532 850 seeundum
546 796 634 864 Regni
646 801 787 866 antiquam
810 800 984 850 seuxoiouem
1004 814 1193 866 neequequem
1206 815 1300 851 serere
1312 807 1425 866 potere·

286 905 358 951 mue,
371 891 441 941 siout
450 891 532 940 moris
545 895 586 940 est
605 891 747 956 negroitns
759 884 832 957 (igy)
846 890 980 941 nobilium
995 891 1086 957 Regni
1099 905 1148 940 seu
1160 890 1373 957 regnicolarum.
1387 891 1420 941 de

287 979 403 1031 oonsilio
417 984 445 1029 et
464 993 597 1030 consensu
610 993 726 1044 quorum
739 979 865 1030 interfuit
878 983 910 1030 et·
919 981 1049 1031 interesse
1069 979 1162 1030 debuit
1171 978 1234 1042 jure
1247 979 1318 1030 etde
1330 981 1425 1042 tecm

285 1067 364 1120 eliud
376 1065 497 1134 sigillum
508 1081 610 1118 nouum
620 1065 650 1120 in
660 1066 768 1118 modurn
781 1067 846 1119 lune
859 1067 1015 1130 rotundum,
1025 1068 1147 1135 effigiem
1159 1067 1281 1135 Virginis
1295 1069 1420 1121 Glorioso

286 1164 410 1210 metrone
422 1157 548 1208 Eoolesie
567 1163 657 1208 nostre
669 1157 774 1208 hebens
787 1155 874 1208 filium
885 1157 906 1208 J
906 1172 981 1208 esum
1003 1161 1032 1208 in
1044 1158 1118 1210 vinis
1139 1161 1196 1209 suis
1213 1158 1349 1224 seuiptsm
1363 1158 1421 1210 fieri

288 1247 487 1310 ordineuimus‚
500 1245 714 1313 pupplioereque
736 1246 847 1298 ieoimue
868 1263 916 1312 per
928 1249 1096 1314 prouincias,
1122 1255 1153 1300 vt
1166 1263 1260 1300 omues
1272 1247 1379 1298 nobiles
1393 1253 1421 1300 et

286 1335 337 1400 elij
350 1337 399 1402 qui
410 1335 563 1402 priuilegye
574 1335 689 1405 hebent„
698 1351 731 1388 so
743 1336 807 1402 elye
826 1338 1005 1388 instrumente
1028 1351 1089 1387 oum
1111 1339 1195 1402 priori
1215 1339 1314 1388 emisso
1327 1336 1426 1403 sigillo

285 1430 380 1476 nostro
393 1423 426 1476 de
440 1439 602 1491 quecunque
614 1440 727 1492 re,.oum
749 1431 874 1490 presente
886 1425 979 1496 sigillo
992 1433 1088 1478 nostre·
1102 1442 1175 1478 nouo
1193 1429 1366 1490 inuenerem,
1386 1441 1421 1478 se

286 1515 311 1566 si
322 1528 357 1564 ex
379 1516 480 1565 euentu
501 1513 545 1564 uel
558 1513 699 1565 eoeideute
711 1513 743 1565 de
757 1515 883 1565 inoendio
903 1516 976 1582 ignis
998 1515 1044 1567 vel
1065 1517 1193 1583 potencie
1204 1515 1423 1582 aliquorumper

288 1605 529 1656 instrumentorum
542 1603 637 1670 elique
649 1605 794 1656 emissione
806 1605 908 1672 ‹ispery
928 1602 1064 1668 fecissent,
1077 1605 1225 1658 seeundum
1245 1607 1335 1670 Regni
1355 1621 1423 1657 oon·

286 1692 458 1746 suetudinem
471 1694 505 1744 de
518 1707 627 1745 eernere
649 1699 745 1746 nostre
766 1695 868 1762 inquiri
888 1697 1018 1756 irruerent,
1039 1711 1074 1745 ne
1087 1697 1152 1761 ipsis
1173 1697 1248 1747 sreus
1269 1711 1318 1747 seu
1341 1694 1425 1748 dolus

426 1787 517 1848 posset
528 1784 652 1836 euentre‘
669 1784 721 1836 etb.
731 1800 739 1848 ς
751 1798 769 1835 s
781 1784 865 1836 budsi
878 1784 931 1836 kir.
943 1783 1068 1836 temerei
1081 1781 1274 1852 levelttrbsu.)

740 2059 955 2080 nan—d·—

809 2601 886 2671 265.

286 2791 319 2859 Α
334 2793 519 2862 torostoros
534 2803 716 2885 extergant
739 2800 904 2885 toevmrje
929 2801 1030 2886 erttjo
1053 2801 1210 2868 Lodomer
1234 2808 1427 2891 metaponti

286 2903 435 2970 eructuet
449 2905 532 2992 πόρῃ
548 2929 588 2971 az
613 2907 714 2973 ottoni
737 2909 901 2995 kdptalan·
913 2908 1169 2996 jopoeitvdoyeit
1198 2913 1354 2997 torpyazo
1367 2913 1426 2978 ok·-

727 3019 870 3101 mosyes.
889 3018 988 3083 130οὲ

395 3207 463 3276 Nos
480 3203 671 3276 conuentus
682 3208 920 3278 Grueiierorum
945 3209 1060 3278 domus
1075 3211 1255 3297 Hospitalis
1271 3211 1425 3282 Eoolesie

261 3375 262 3378 ,
287 3313 401 3382 saneti
415 3313 516 3401 Regis
532 3313 692 3402 Stephani
717 3315 759 3384 de
783 3313 949 3398 Strigonio
973 3319 1130 3386 memorie
1155 3320 1423 3390 commendantes

285 3423 508 3508 significemus
532 3423 695 3493 uniuersis
727 3424 846 3508 quibus
873 3424 1005 3511 expedit
1028 3425 1231 3510 presentium
1256 3445 1318 3510 per
1333 3435 1430 3496 teno—

286 3549 374 3616 rem3
390 3530 477 3617 quod
493 3530 625 3598 disereti
645 3531 728 3617 viri,
744 3531 895 3617 Magistri
914 3531 1069 3601 uidelicet
1083 3531 1249 3602 Johennes
1264 3535 1425 3603 Deoeuus

284 3636 435 3706 Eooiesie
451 3637 699 3723 Strigoniensis,
711 3637 905 3708 etnndreas
924 3641 1088 3727 quondam
1103 3642 1257 3709 Deeeuue
1274 3641 1429 3709 eiusdem

287 3737 536 3832 senissimus
551 3754 583 3815 et
597 3749 728 3816 nomine
745 3747 958 3816 diseretorum
974 3749 1115 3818 virorum
1131 3749 1280 3834 Magistri
1296 3750 1424 3818 'rhome

285 3853 448 3940 Propositi
465 3861 498 3921 et
514 3853 658 3942 Capituli
673 3854 779 3940 ipsius
794 3857 942 3924 Ecclesie
966 3856 1199 3942 strigoniensis
1216 3855 1429 3926 dominorum

288 3981 431 4048 suorum,
449 3961 493 4028 ed
508 3967 654 4030 nostram
670 3963 1088 4050 eoeedentespreeeueism,
1108 3970 1245 4047 quatuor
1260 3969 1357 4050 peria
1372 3967 1424 4033 lit-

282 4077 429 4138 terarum
455 4071 666 4140 uenerabilis
688 4071 793 4157 petris
819 4071 941 4140 domiui
965 4073 1147 4158 Lodomerij
1174 4071 1425 4160 Arohiepisoopi

285 4176 435 4245 eiusdem
465 4177 612 4248 Eoolesie
628 4179 861 4265 Strigoniensis
884 4181 969 4250 bone
996 4179 1186 4267 memorie,¹
1204 4179 1265 4250 sub
1296 4200 1374 4248 uero
1390 4185 1430 4246 et

285 4293 376 4354 oerto
393 4284 502 4374 sigillo
517 4285 643 4375 ipsius,
661 4306 797 4370 querum
811 4287 955 4373 -quidem
981 4287 1045 4356 due
1060 4292 1136 4357 sunt
1153 4295 1186 4356 et
1200 4288 1345 4358 existunt
1360 4286 1429 4354 sub

285 4393 446 4565 pendenti
462 4393 593 4482 sigillo,
610 4402 644 4463 et
659 4397 723 4465 tue
739 4397 966 4495 memorielsss,
999 4396 1094 4464 uobis
1125 4396 1346 4466 exhibuerunt
1360 4393 1433 4461 sub

311 4517 353 4567 eo
368 4501 477 4568 forme
492 4527 502 4568 ε
