3170 5166
687 915 754 983 288

247 1116 310 1180 Po‘l
326 1115 389 1180 too
405 1117 551 1180 testudo&
568 1114 829 1198 Mikldatfiu'ouk
838 1111 994 1200 soyodja.
1012 1094 1062 1180 s‘v
1078 1113 1194 1182 nolluit.

265 1308 335 1376 Nos
351 1309 474 1377 Paulus
490 1309 601 1377 Banus
627 1309 849 1395 significamus
880 1308 1041 1377 uniuersis
1071 1311 1293 1395 presencium,

157 1437 217 1502 per
234 1424 398 1484 tenorem:
417 1419 506 1502 quod
522 1417 599 1503 quia
630 1417 787 1493 Nicolans
819 1417 923 1486 frater
954 1426 1063 1486 noster
1093 1419 1306 1486 karissimus*

159 1545 180 1590 a
197 1525 312 1610 primis
327 1527 469 1612 puericie
486 1546 543 1594 sue
558 1527 758 1614 temporibus
774 1526 950 1612 specialius
966 1534 998 1594 et
1014 1526 1168 1592 deuooius
1185 1527 1286 1594 omni·

158 1632 223 1698 bus
245 1631 324 1718 alijs
339 1632 497 1700 iratribus
513 1635 634 1702 nostris
650 1635 745 1702 nobis
775 1637 809 1702 in
836 1633 971 1702 diuersis
998 1634 1142 1720 negocijs
1167 1633 1294 1701 nostris

160 1748 195 1806 ot
211 1740 350 1824 agendis
365 1741 506 1809 fideliter
522 1741 704 1829 seruiendo,
721 1744 813 1810 iuxta
828 1742 958 1808 libitum
973 1748 1082 1810 nostre
1108 1739 1284 1808 uoluntatis

160 1855 350 1932 preceptum
362 1856 508 1916 nostrum
521 1869 592 1916 curn
603 1849 690 1917 omni
702 1849 889 1918 reuerenoia
898 1849 1065 1934 adinplere
1082 1847 1267 1934 procurauit
1279 1869 1292 1931 3·

160 1955 302 2024 eundern
318 1955 490 2024 Nicolaum
507 1957 639 2024 fratrem
657 1964 799 2024 nostrum
815 1957 999 2041 recepimus
1016 1957 1050 2026 in
1066 1958 1169 2024 filium
1186 1957 1284 2041 adopf

162 2065 276 2149 tiuum,
294 2072 327 2132 et
341 2083 452 2130 omues
467 2065 691 2149 possessiones
725 2071 854 2132 nostras
886 2064 1033 2131 emticias
1059 2072 1092 2130 et
1122 2063 1286 2146 aquisitae

161 2193 220 2242 seu
238 2191 429 2257 quoeunque
446 2173 540 2240 titulo
555 2173 696 2258 habitas,
716 2181 747 2240 et
763 2172 950 2259 specialiter
975 2178 1118 2238 oestrum
1142 2179 1288 2240 nostrum

161 2281 316 2348 Solumns
332 2287 497 2366 uocatum,
514 2301 554 2348 ex
571 2280 711 2368 proprijs
728 2279 940 2368 prodentibus
957 2279 1201 2364 possessionum
1214 2300 1289 2348 nos·

161 2397 286 2456 tuarum
303 2393 534 2474 constructum,
550 2385 699 2454 dedimus
716 2394 748 2453 et
779 2386 971 2471 reliquimus
1003 2387 1108 2456 eidem
1141 2388 1289 2472 Nyoolao

160 2496 257 2564 fratri
273 2504 384 2563 nostro
402 2495 575 2563 karissimo
593 2494 693 2582 pleno
708 2495 792 2562 iure.
809 2495 976 2584 Veientes,
992 2497 1080 2580 quod
1105 2497 1216 2564 nullus
1249 2517 1290 2564 ex

161 2605 287 2670 nostris
306 2603 471 2689 fratribus,
490 2603 663 2688 generibus
679 2623 737 2671 seu
754 2604 939 2691 nepotibus,
954 2623 1015 2671 neo
1032 2624 1097 2671 non
1124 2611 1156 2679 et
1172 2623 1291 2690 cogns-

160 2712 218 2796 tis‚
235 2713 367 2778 racione
385 2708 602 2795 predictarum
618 2711 858 2796 possessionum
875 2711 979 2795 possit
996 2713 1048 2778 uel
1075 2711 1193 2780 debeat
1227 2731 1309 2778 mo·-

161 2820 287 2886 lestare
302 2825 360 2885 aut
375 2819 562 2904 aliqualiter
578 2819 769 2903 perturbare
785 2821 967 2904 Nyoolaum
984 2818 1118 2884 fratrem
1145 2826 1300 2886 nostrum.

162 2926 399 3013 supradictum.

163 3123 304 3189 (Eredstie
317 3120 491 3189 blirhslrtytn‚
505 3125 618 3189 melyro'l
631 3139 648 3176 a
659 3123 804 3190 possetnek
825 3119 955 3175 tdredelre
980 3123 1042 3173 sold
1066 3119 1314 3187 selyomzsindron,.

418 3215 503 3282 idgg3
516 3231 533 3266 a
545 3214 631 3270 budai
643 3215 694 3266 kir.
708 3214 833 3264 kamarai
844 3208 1034 3279 leveltdrban.)
