3112 5158
791 325 950 437 ,[49-

290 525 376 603 idem
407 534 524 602 Comes
549 525 693 602 Jacobns
718 550 784 598 non
809 528 1003 617 comparuit,
1027 547 1133 614 neque
1152 527 1251 617 misit,
1276 531 1311 594 ct
1335 517 1425 596 nulla

292 663 423 730 prorsus
445 641 551 709 voluit
567 638 721 707 exhibere
737 639 973 722 instrumenta;
990 643 1023 703 et
1038 637 1087 704 sic
1102 635 1136 703 in
1151 656 1211 704 sna
1226 634 1345 704 defecit
1376 653 1426 700 ac·

292 751 397 816 cione.
415 747 530 815 Comes
546 765 624 813 nero
640 745 756 814 Petrus
771 752 864 830 pater
878 745 983 832 ipsius
998 743 1149 828 Magistri
1165 740 1270 821 che,
1287 739 1420 808 ebidem

295 859 452 941 Magister
469 854 563 922 (inde
579 872 687 920 coram
712 853 806 919 nobis
830 851 1048 937 personaliter
1073 855 1304 936 comparentes,
1331 847 1419 914 exhi-

296 967 437 1030 buerunt
454 962 551 1030 nobis
577 962 705 1028 litteras
731 980 827 1044 quam
853 961 962 1046 plnres
987 965 1020 1026 et
1044 955 1192 1025 diuersas
1222 954 1426 1023 diuersorum

294 1069 448 1136 Jndicum
465 1089 564 1155 super
580 1087 732 1153 processu
750 1067 876 1150 negocij
893 1068 928 1133 in
944 1065 1158 1152 requisicione
1174 1069 1288 1148 quarte
1300 1061 1427 1130 domine

295 1177 410 1244 matris
426 1175 531 1260 ipsius
548 1175 699 1260 Magistri
717 1171 810 1240 Gude
827 1173 945 1240 sororis
963 1171 1095 1252 Thema,¹
1108 1171 1191 1238 Bani
1215 1169 1286 1237 sine
1311 1168 1427 1234 herede

299 1283 492 1350 decedentis
512 1283 553 1348 de
569 1269 774 1368 possessione
789 1300 848 1348 sna
873 1281 988 1346 Dubos
1004 1285 1123 1347 vocata
1148 1285 1179 1345 et
1194 1276 1428 1363 pertinencium

303 1389 494 1476 earundem,
510 1391 551 1455 ab
568 1387 753 1456 Alexandro
770 1393 801 1454 et
818 1387 895 1471 alijs
913 1386 1066 1454 tratribus
1082 1387 1150 1453 suis
1176 1389 1368 1465 emanatas3
1397 1389 1427 1449 et

303 1499 389 1563 inter
405 1503 514 1564 cetera
538 1497 663 1564 litteras
696 1493 829 1560 Comitis
854 1492 1016 1559 Dominici
1041 1491 1201 1574 quondam
1229 1489 1425 1557 Viceiudicis

304 1603 401 1670 Gurie
417 1601 539 1668 domini
555 1601 706 1669 Ladizlai
730 1600 839 1686 Regis,
864 1601 898 1666 iu
930 1601 1047 1685 quibus
1077 1599 1217 1666 vidimus
1249 1597 1428 1664 contineri:

298 1709 385 1793 quod
402 1729 473 1776 cum
491 1729 586 1794 snper
602 1710 718 1776 facicm
735 1707 947 1796 possessionis
963 1707 1074 1774 Dubos
1090 1713 1214 1785 vocate,
1243 1705 1429 1794 porcionem

301 1816 452 1884 videlicet
467 1817 590 1884 Thome
605 1815 689 1883 Bani
705 1836 764 1900 pro
780 1814 1153 1900 quadringentismarcis
1171 1815 1321 1880 estimato
1349 1813 1424 1878 esti-

302 1932 443 1993 matores
469 1923 685 1993 accessissent
711 1922 840 2009 adhoc,
867 1929 902 1989 vt
926 1921 1026 2006 ijdem
1051 1921 1250 1987 estimatores
1276 1927 1425 2004 presente

305 2030 438 2098 homine
453 2031 576 2099 domini
591 2033 691 2115 Regis
708 2038 740 2097 ct
755 2029 938 2098 testimonio
954 2029 1096 2114 Capituli
1113 2028 1283 2112 Agriensis
1299 2027 1343 2093 ad
1368 2049 1425 2094 ua·

302 2137 404 2204 lorem
420 2145 549 2206 eentum
565 2158 745 2206 marcarum
762 2157 822 2222 pro
847 2143 964 2220 quarta
989 2135 1118 2202 dominc
1142 2135 1255 2201 matris
1281 2135 1429 2202 eiusdem

300 2244 454 2328 Magistri
469 2243 571 2330 (iude,
597 2265 659 2328 qne
685 2246 719 2311 iu
745 2245 890 2313 eiusdem
914 2243 1002 2310 cedit
1025 2244 1219 2329 porcionem,
1244 2242 1428 2308 estimando

306 2357 451 2418 statuere
467 2349 656 2419 debuissent
672 2351 930 2420 contradiccione
946 2351 1092 2434 qualibet
1119 2367 1183 2416 non
1209 2349 1374 2435 obstante,
1400 2357 1431 2417 et

304 2457 368 2524 dno
383 2457 515 2543 indicia,
531 2461 565 2525 in
591 2460 708 2542 qnibns
739 2459 869 2526 racione
891 2457 977 2524 dicte
993 2463 1108 2540 quarte
1132 2455 1218 2523 idem
1244 2455 1431 2524 Alexander
1548 2505 1549 2544 ξ

304 2563 499 2632 diuosscitur
514 2567 720 2648 remansisse,
737 2567 778 2633 de
794 2567 882 2633 dicta
897 2564 1102 2652 possessione
1118 2564 1228 2630 Dubos
1252 2563 1346 2629 iuxta
1371 2563 1432 2631 tor·

304 2689 389 2738 mam
405 2671 583 2740 litterarum
609 2671 733 2740 Jndicis
760 2673 930 2740 memorati
955 2672 1105 2756 exigere:
1133 2668 1219 2736 idem
1244 2669 1430 2737 Alexander

307 2799 407 2844 mauu
422 2789 549 2846 armata
565 2800 638 2846 cum
654 2781 721 2846 snis
737 2780 871 2848 veniens
897 2779 937 2844 de
968 2780 1081 2846 eadem
1098 2779 1314 2866 possessione,
1330 2777 1432 2846 uerba

305 2887 515 2972 obprobriosa
531 2889 654 2956 eisdem
670 2886 838 2955 inferendo
849 2888 1039 2972 expulisset,
1056 2895 1087 2952 ct
1103 2887 1135 2952 in
1153 2887 1329 2954 exaccione
1340 2887 1430 2972 ipso-

304 3013 374 3060 rum
399 2987 593 3063 iudiciorum
617 3016 688 3062 cnm
714 2996 862 3063 omnibus
888 2994 1103 3063 seruientibus
1129 3015 1169 3059 ac
1199 2994 1331 3080 populis
1363 2996 1431 3061 sois

306 3121 403 3168 mauu
419 3110 545 3170 armata
561 3104 677 3172 iterato
710 3104 856 3171 irruisset
873 3105 907 3170 in
921 3104 1062 3188 eosdem,
1080 3110 1112 3168 et
1128 3101 1248 3168 dictum
1267 3103 1431 3169 homiuem

306 3207 429 3276 domini
447 3211 544 3293 Regis
562 3209 603 3277 de
619 3231 701 3294 equo
717 3233 774 3278 suo
791 3211 926 3298 turpiter
952 3211 1143 3297 deiecisset;
1168 3210 1330 3277 bominem
1357 3231 1434 3277 nero

305 3313 449 3402 Capituli
464 3320 640 3402 memorati,
655 3339 694 3384 ac
709 3318 801 3403 alios,
818 3319 872 3402 oui
888 3318 967 3385 inibi
982 3325 1196 3405 accesserant,
1214 3320 1342 3388 scilicet
1362 3321 1436 3388 estl-

306 3429 445 3490 matores
470 3431 503 3491 et
519 3431 644 3509 partem
660 3425 843 3511 aduersum,
868 3426 956 3492 iactu
981 3425 1161 3511 sagitarnm
1186 3433 1218 3492 et
1243 3427 1435 3495 baculorum

306 3549 346 3596 ac
361 3531 627 3616 percussionibus
640 3531 773 3600 fustium
790 3531 824 3598 in
841 3533 933 3618 equis
949 3533 1132 3618 eorundem,
1149 3533 1313 3619 vituperia
1331 3555 1432 3619 qnam

305 3637 444 3724 plurima
459 3637 674 3724 imponentes,
701 3639 838 3725 turpiter
863 3641 1071 3726 effugassent.
1099 3641 1140 3706 Et
1164 3641 1241 3725 quia
1264 3642 1435 3726 predictus

303 3743 491 3812 Alexander
522 3766 583 3812 nec
607 3748 860 3832 estimacioncm,
887 3769 947 3815 nec
973 3749 1074 3814 eciam
1101 3748 1312 3816 statucionem
1346 3747 1437 3816 dicte
1545 3819 1546 3826 χ

305 3851 519 3936 passessionis
535 3852 604 3918 fieri
620 3853 775 3939 permisit,
791 3874 867 3940 ymo
898 3854 1125 3940 potencialiter
1155 3853 1354 3938 insurgendo
1381 3857 1439 3922 lno-

306 3958 423 4027 minem
439 3959 559 4026 domini
574 3961 683 4045 Regis,
700 3967 732 4028 ct
758 3963 975 4028 testimoninm
992 3963 1135 4046 Capituli
1151 3963 1321 4048 Agriensis
1339 3967 1440 4032 modo

304 4065 475 4152 prehabito
492 4067 693 4136 uerberauit:
710 4089 769 4155 pro
784 4069 846 4156 hys
861 4068 1010 4135 omnibus
1029 4071 1250 4154 posessioncm
1261 4089 1354 4137 snam
1370 4072 1439 4140 Dn-

304 4175 363 4239 bos
388 4179 556 4262 vocatam,
588 4175 630 4241 de
662 4195 726 4258 qua
751 4176 896 4244 exeundo
915 4177 1075 4261 premissa
1091 4179 1202 4243 omnia
1227 4182 1437 4264 perpetranit
1544 4263 1545 4266 Ἴ

305 4280 460 4350 amiserat
476 4291 587 4350 eontra
604 4283 795 4369 Magistrum
811 4282 937 4351 liudem
954 4291 1185 4369 memoratum
1202 4293 1235 4353 et
1251 4285 1444 4354 sicinean··
1544 4267 1545 4272 ἵ

307 4391 381 4459 dem
405 4391 644 4477 possessionem
661 4391 747 4458 idem
763 4391 920 4476 Magister
945 4391 1039 4459 (lude
1056 4391 1299 4460 sentencialiter
1326 4393 1440 4462 fuerat

305 4498 518 4568 introductus.
545 4503 587 4568 Et
622 4501 699 4584 qnia
724 4521 821 4586 super
846 4501 1003 4588 premissa
1027 4500 1270 4568 introduccione
1291 4503 1442 4571 omuino
1543 4589 1544 4592 Ἴ

305 4609 560 4698 contradixerat,
578 4616 610 4677 et
636 4610 756 4677 iterato
782 4608 900 4677 citatos
925 4609 960 4676 in
985 4611 1153 4698 presencia
1177 4607 1281 4698 ipsine
1310 4609 1446 4683 Judicis
