3130 5152
802 221 962 322 Α

311 417 436 502 nyarfa
450 421 600 499 vocans,
618 435 680 500 que
697 421 771 482 sunt
787 415 883 498 signa
901 423 1070 504 metarum,
1087 418 1142 483 vbi
1156 439 1178 484 a
1194 424 1290 503 parte
1306 423 1442 500 septem·

314 521 450 590 triouali
466 523 617 590 cessisset
635 521 836 608 possessioni
851 522 998 609 Panych,
1016 545 1036 591 a
1052 533 1145 610 parte
1160 524 1368 592 meridionali
1379 545 1445 610 pos·

316 627 453 696 sessioni
465 629 587 696 Gumur
602 637 654 714 ;et
664 627 781 696 deinde
791 628 882 696 uadit
891 630 935 696 ad
944 629 1026 698 duas
1036 631 1169 698 arbores
1184 632 1281 716 ilicis,
1293 649 1359 713 qne
1375 637 1442 696 sunt

318 737 415 822 signa
437 741 616 824 metarum;
633 743 666 802 ct
687 735 807 802 deinde
824 737 973 820 peruenit
982 737 1025 803 ad
1040 738 1333 824 Nogysyzpatalra,
1352 737 1444 802 etubi

318 845 361 912 ad
378 845 515 911 eandem
527 841 614 931 (igy)
631 843 732 928 patak
748 843 845 929 cadit,
863 843 908 910 ibi
925 851 1068 910 estvnus
1081 845 1166 930 lapis
1182 865 1240 931 pro
1257 851 1348 910 meta
1365 863 1441 910 eom·

318 953 454 1036 missns3
470 957 503 1016 ct
524 951 558 1016 in
576 949 689 1018 eodem
715 951 818 1036 patak
843 949 950 1016 adhue
974 951 1067 1018 vadit
1092 951 1213 1018 directe
1228 951 1272 1017 ad
1288 951 1442 1017 orientem

317 1079 374 1145 pcr
391 1059 522 1141 longum
539 1057 696 1142 spacium,
713 1064 745 1122 et
761 1057 908 1141 peruenit
933 1057 976 1122 ad
992 1055 1157 1140 quandam
1182 1059 1293 1138 niam,
1310 1057 1439 1141 queuis

319 1165 410 1230 iuxta
421 1159 577 1246 quasdam
588 1163 719 1230 arbores
731 1163 793 1248 piri
810 1162 948 1230 eandem
965 1163 1065 1248 patak
1082 1163 1244 1230 transiens
1261 1181 1363 1246 penes
1375 1183 1443 1230 ean·

319 1269 392 1336 dem
402 1269 490 1334 uiam
506 1273 628 1353 aparte
644 1269 778 1336 orientis
795 1275 844 1334 est
856 1288 920 1335 vna
935 1275 1024 1336 meta
1040 1275 1159 1354 terrea,
1176 1274 1209 1334 et
1223 1277 1350 1354 aperte
1367 1272 1444 1337 ocei-

321 1373 426 1442 dentis
442 1374 605 1458 secunda,
623 1373 714 1442 ouius
740 1375 839 1442 riuuli
858 1395 880 1441 a
903 1381 997 1461 parte
1022 1375 1278 1460 septemtrionali
1294 1378 1444 1444 cessisset

321 1479 520 1569 possessioni
531 1481 665 1567 Panych
681 1489 714 1548 et
730 1487 857 1567 aparte
873 1481 1079 1548 meridionali
1092 1481 1292 1568 possessioni
1304 1484 1443 1561 Grumum

321 1599 354 1658 et
365 1589 615 1675 inprceessione
631 1589 774 1657 eiusdem
794 1591 849 1656 uie
864 1591 1035 1658 reuertitur
1055 1591 1098 1657 ad
1114 1590 1289 1675 meridiem,
1309 1599 1342 1658 et
1359 1591 1445 1658 uadit

323 1697 364 1764 ad
374 1695 537 1779 quandam
549 1699 698 1764 arborem
715 1695 812 1779 ilicis,
830 1697 890 1763 snb
906 1717 971 1779 qua
984 1703 1051 1764 tres
1068 1698 1220 1782 antiquas
1236 1704 1342 1764 metas
1359 1717 1442 1784 repe·

322 1803 543 1889 ricndo,ulias
558 1811 625 1870 tres
641 1823 744 1870 nouas
763 1809 867 1870 metas
884 1805 1071 1890 erexissent,
1081 1825 1216 1887 quarum
1235 1825 1301 1872 vna
1318 1811 1445 1890 separat

325 1909 563 1996 pussessionem
578 1908 724 1995 Panyeh,
740 1907 885 1975 secunda
901 1908 1138 1995 possessionem
1155 1909 1329 1996 Orohwan,
1350 1910 1445 1979 tercia

324 2014 562 2102 possessionem
574 2015 711 2099 (inmun,
723 2014 799 2082 ctin
809 2015 923 2082 eadem
935 2015 1206 2084 niaadhucuadit
1216 2017 1444 2100 admeridiem,

325 2130 357 2189 et
372 2143 393 2188 a
408 2129 499 2207 parte
514 2121 655 2187 eiusdem
671 2122 723 2188 uie
751 2120 882 2188 orientis
899 2125 1051 2192 cessisset
1067 2123 1263 2208 possessioni
1285 2123 1444 2206 monum

327 2235 361 2296 et
375 2247 396 2292 a
411 2235 504 2314 parte
520 2227 697 2294 occidentis
712 2230 910 2314 possessioni
927 2227 1069 2316 Gumur3
1095 2231 1202 2297 adhue
1218 2233 1253 2296 iu
1270 2231 1387 2300 eadem
1397 2233 1446 2296 uia

325 2335 425 2402 currit
440 2333 483 2400 ad
498 2333 676 2422 meridiem,
692 2343 724 2400 et
743 2338 889 2420 peruenit
905 2337 948 2402 ad
963 2339 1121 2424 quasdam
1139 2341 1283 2422 arbores,
1300 2338 1357 2404 vbi
1377 2345 1446 2403 suut

327 2448 394 2508 tres
410 2447 493 2508 mete
512 2447 634 2526 terroe,
649 2461 784 2524 quarum
808 2463 872 2510 vua
895 2451 944 2511 cst
959 2453 1048 2511 meta
1063 2445 1224 2528 Orohuan,
1242 2445 1388 2511 secunde
1403 2451 1446 2509 esi

328 2555 415 2616 meta
424 2548 621 2634 possessioni
632 2551 751 2636 Lapsa,
762 2553 863 2617 tercia
873 2559 923 2618 cst
932 2553 1131 2637 possessioni
1145 2551 1286 2636 (inmun
1297 2551 1405 2617 adhue
1419 2551 1447 2613 in

328 2653 440 2723 eadem
456 2655 512 2722 uia
521 2657 621 2722 currit
635 2657 678 2722 ad
687 2657 861 2739 meridiem,
883 2663 914 2724 et
933 2677 1032 2742 penes
1047 2659 1209 2741 quandam
1230 2659 1379 2726 arborem
1392 2656 1446 2741 piri

328 2763 457 2830 nomine
467 2765 632 2851 leehcpow
641 2766 812 2850 nachaely
828 2761 917 2830 uadit
931 2763 974 2829 ad
984 2764 1145 2847 quendam
1155 2764 1258 2850 paiak
1269 2765 1448 2852 Sygypata·

329 2869 520 2955 kanominc,
537 2877 568 2935 et
583 2869 616 2935 in
634 2867 744 2937 ecdem
760 2877 867 2936 meatu
884 2869 972 2956 duuij
990 2871 1170 2957 reuertitur,
1192 2879 1225 2938 et
1241 2873 1332 2938 uadit
1349 2872 1393 2937 ad
1405 2889 1448 2936 oc

329 2977 487 3046 cidentem
504 2997 562 3062 per
576 2976 708 3060 longum
719 2977 875 3062 spacium,
891 2979 945 3044 vbi
962 2999 983 3042 a
1000 2987 1093 3063 parte
1108 2979 1252 3046 ciusdem
1276 2979 1367 3064 fluuij
1387 2997 1445 3042 me·

328 3083 421 3152 ridiei
431 3085 584 3151 cessisset
594 3083 791 3168 possessioni
801 3083 918 3168 Lapsa,
930 3093 961 3148 ct
976 3089 1100 3170 aparte
1116 3085 1370 3168 septemtrionali
1386 3104 1450 3170 pos·

331 3191 468 3260 sessioni
487 3191 628 3273 Gumnr3
654 3198 687 3256 ct
702 3189 821 3256 deiude
836 3191 926 3256 uenit
950 3190 993 3256 ad
1010 3191 1171 3274 quendam
1188 3193 1293 3258 iocum
1311 3194 1442 3275 ubique

331 3299 406 3365 dam
422 3296 538 3363 semita
553 3295 688 3364 eandem
706 3296 808 3381 petat
826 3297 997 3382 transiret,
1025 3305 1102 3383 eryt
1117 3298 1158 3363 de
1174 3298 1289 3365 eadem
1306 3299 1410 3382 patak
1425 3305 1452 3362 et

332 3403 425 3472 uadit
447 3405 489 3469 ad
506 3401 672 3469 meridiem
689 3404 731 3469 ad
747 3403 890 3489 lapidem
900 3405 1020 3493 jeqylec
1046 3405 1186 3490 dictum,
1212 3405 1265 3488 qui
1284 3425 1343 3490 pro
1362 3405 1451 3488 signu

332 3517 418 3580 mete
449 3508 631 3595 diuisisset,
659 3511 713 3576 vbi
745 3518 875 3595 aparte
905 3511 1039 3578 orientis
1072 3511 1225 3578 cessisset
1256 3509 1451 3594 possessioni

332 3623 450 3706 Lapsa,
466 3621 498 3684 et
514 3635 534 3679 a
550 3622 642 3701 parte
658 3615 832 3683 occidentis
855 3617 1056 3702 possessioni
1073 3618 1217 3692 (inmun
1236 3623 1268 3682 et
1284 3619 1326 3683 ab
1342 3617 1453 3683 eodem

334 3725 445 3813 lapide
460 3721 555 3790 uadit
580 3723 687 3790 adhuc
711 3722 754 3789 ad
771 3723 959 3811 meridiem,
986 3733 1020 3792 et
1042 3723 1206 3808 quandam
1224 3723 1311 3791 uiam
1328 3723 1455 3789 nomine

334 3837 490 3918 peretulo
508 3830 705 3897 transeundo
732 3831 901 3898 descendit
931 3833 972 3896 ad
998 3829 1160 3913 quandam
1192 3831 1310 3897 vallem
1326 3831 1455 3916 Kyskc·

333 3959 428 4008 mene
443 3939 582 4022 dictam3
600 3937 654 4005 ubi
671 3937 734 4004 duc
750 3938 853 4005 valles
869 3938 1055 4026 iunguntur,
1065 3938 1218 4025 peruenit
1229 3940 1272 4004 ad
1289 3937 1452 4021 quandam

335 4051 421 4116 niam
438 4049 471 4112 in
490 4047 603 4112 eadem
621 4047 708 4113 ualle
725 4047 926 4132 existentem,
941 4047 1033 4113 iuxta
1049 4066 1144 4130 quam
1161 4045 1247 4112 uiam
1265 4064 1305 4111 ex
1322 4053 1456 4126 utraque

336 4163 430 4240 parte
446 4163 520 4221 suut
534 4154 598 4221 due
614 4163 698 4221 mete
715 4162 836 4238 terroe,
867 4154 946 4220 etin
973 4153 1088 4220 cadem
1104 4153 1159 4220 via
1173 4155 1299 4238 giratur
1320 4157 1353 4216 ct
1369 4151 1459 4217 uadit

336 4264 380 4332 ad
396 4262 606 4345 occidentem,
623 4269 654 4327 et
670 4281 729 4345 pcr
744 4261 908 4346 quoddam
923 4261 1069 4348 spacium
1079 4261 1235 4330 currendo
1251 4258 1403 4346 peruenit
1417 4255 1457 4323 ad

337 4371 499 4458 quandam
519 4368 613 4448 uiam,
632 4387 725 4452 quarn
745 4369 824 4436 inibi
841 4369 1039 4436 transeundo
1071 4375 1146 4455 sunt
1160 4367 1223 4435 due
1240 4373 1327 4434 mete
1342 4373 1456 4448 terree,

305 4486 370 4562 ⁸et
385 4477 419 4542 in
434 4473 640 4560 processione
666 4476 809 4542 eiusdem
836 4477 888 4543 uie
919 4481 1050 4563 aparte
1081 4473 1284 4544 meridionali
1310 4471 1458 4541 cessisset
