3132 5162
821 184 980 284 Ar„

337 379 531 466 tandemque
555 387 629 465 post
662 379 785 446 multas
802 388 844 453 et
873 400 1011 464 magnas
1036 379 1260 475 turbationum
1287 381 1361 448 hinc
1388 381 1467 449 inde

338 495 551 578 tempestates
568 487 709 555 universi
724 487 858 555 humaui
888 488 1017 574 generis
1043 489 1190 555 conditor
1215 495 1248 555 et
1272 489 1467 576 redemptor,

339 598 426 665 lilius
441 597 619 666 secuudum
636 615 768 663 carnem
786 594 942 664 Glorioso
958 591 1101 679 Virginis
1118 597 1213 664 Jcsus
1230 596 1387 683 Christus,
1404 601 1468 666 Do-

339 706 480 772 minator
495 705 646 772 uniuerso
662 705 785 772 fabrice
808 704 919 771 mundi
929 757 938 790 ,
970 706 1041 770 Rex
1057 705 1183 787 Regum
1201 707 1363 793 omnium,
1381 708 1469 792 prin·

344 833 420 898 ceps
437 813 537 898 pacis,
567 813 651 880 iuter
682 832 741 880 nos
759 818 791 878 et
804 812 911 896 ipsum
927 813 1061 899 Ducem,
1093 817 1302 896 nostrumque
1320 821 1350 882 et
1364 815 1469 901 ipsius

339 919 439 988 Ducis
456 918 646 986 Catholioos
662 919 870 1003 Principatus
893 919 1019 1003 pacifici
1035 924 1140 988 status
1156 921 1213 1006 pia
1228 919 1345 990 Diuinc
1377 923 1470 990 mise·

198 1093 200 1096 .
289 1102 292 1108 ,
339 1029 480 1097 racionis
514 1048 572 1096 sue
599 1027 848 1114 dispensacione
880 1029 1147 1111 tranquillitatem
1181 1028 1334 1114 dignatus
1356 1031 1479 1100 luisset,

340 1137 455 1220 largiri
472 1155 643 1222 serenam;
663 1142 694 1202 et
717 1135 881 1202 mediante
896 1138 929 1202 in
941 1144 1035 1221 parte
1052 1140 1196 1204 maxima
1213 1139 1322 1206 dilecti
1340 1149 1371 1207 et
1390 1141 1467 1208 fide·

341 1246 384 1311 lis
408 1246 512 1311 nostri
528 1243 725 1311 venerabilis
742 1243 845 1329 patris
863 1243 1043 1329 Lodomerij
1076 1247 1141 1312 Dei
1156 1247 1269 1330 gracia
1285 1247 1469 1333 Archiepis-
1546 1323 1547 1328 ἵ

343 1354 416 1438 copi
433 1352 668 1438 strigoniensis
684 1351 904 1420 sollicitudine
920 1359 952 1418 et
970 1353 1179 1420 exactissima
1195 1354 1381 1439 diligencia,
1399 1377 1470 1441 pru·
1546 1419 1547 1428 ,

344 1459 600 1544 doctissimaque
610 1460 823 1546 prouidencia
840 1465 970 1526 ventum
988 1467 1074 1526 esset
1095 1460 1137 1527 ad
1147 1463 1238 1546 pacis
1256 1470 1287 1528 et
1305 1463 1471 1530 concordie

343 1567 1470 1657 unionem,compensataquefuissentutrinqueinuumcrabiliaetinc-
1546 1615 1547 1618 =

321 1675 521 1746 ‘stimabilia
531 1677 651 1744 damna
663 1678 808 1744 damnis:
823 1679 974 1744 conuenit
984 1679 1066 1743 intcr
1076 1699 1146 1762 uos,
1164 1685 1196 1744 et
1206 1677 1325 1745 dictum
1338 1657 1471 1764 Ducem,

345 1787 604 1854 amantissimum
623 1786 760 1854 amicum
788 1793 820 1851 et
837 1786 928 1870 quasi
941 1785 1070 1852 fratrem
1082 1793 1239 1873 nostrum,
1258 1795 1292 1854 vt
1308 1787 1470 1872 conquies-

344 1901 439 1962 cente
456 1913 495 1959 ex
512 1902 754 1980 vtraqueparte
764 1895 962 1980 judiciorum
974 1900 1005 1960 et
1016 1894 1196 1978 litigiorum
1208 1897 1357 1982 strepitu,
1375 1896 1471 1963 omni-

343 2005 404 2070 bus
420 2001 481 2091 lris,
500 2005 554 2087 qui
571 2010 693 2090 nostro,
711 2002 891 2088 velprefati
903 2002 1177 2088 Ducismandato,
1195 2003 1411 2070 conuiucncia
1423 2005 1472 2070 rel

347 2132 504 2179 consensu
517 2113 637 2180 damna
649 2111 804 2178 dederunt
815 2113 867 2178 vel
878 2112 1014 2178 iniurias
1027 2112 1374 2198 irrogarunt‚remissio
1385 2112 1473 2178 fieret

346 2220 526 2287 debitorum
546 2219 739 2302 simpliciter
755 2225 786 2286 ct
797 2219 836 2284 de
846 2221 946 2305 plano
959 2245 966 2284 :
978 2219 1160 2286 Pornoldus
1175 2220 1290 2287 (lomes
1307 2218 1475 2304 (lalcspru-

352 2349 448 2412 near,
475 2349 533 2413 pro
558 2331 777 2412 occupacioue
798 2329 920 2412 jurium
946 2329 1170 2414 temporalium
1196 2337 1228 2395 et
1254 2329 1478 2412 spiritualium

347 2427 661 2521 Arclr'iepiscopatus
678 2436 919 2520 strigoniensis,
935 2437 1107 2504 inuasionc
1123 2438 1388 2523 possessionum,
1407 2457 1476 2522 per-

348 2545 539 2630 petracione
550 2541 684 2630 cedium,
693 2543 852 2612 horrendo
863 2547 1009 2612 villarum
1022 2546 1312 2629 inccndio,Diuiuo
1323 2545 1480 2612 damnata

341 2650 469 2735 judicio
502 2653 699 2720 deeimarum
729 2653 941 2720 nihilominus
968 2655 1203 2738 usourpacione
1219 2653 1322 2739 ipsius
1338 2672 1475 2720 venera·

348 2760 422 2828 bilis
437 2763 546 2847 patris
562 2759 745 2846 Lodomerij
762 2762 825 2828 Dei
841 2763 954 2847 gracia
970 2762 1216 2848 archicpiscopi
1233 2761 1479 2846 StrigonicnsiS,

349 2869 495 2953 legitime
511 2877 542 2936 et
560 2871 714 2937 canonice
726 2870 827 2936 latam
844 2871 877 2936 in
894 2891 929 2937 sc
947 2875 978 2937 ct
994 2871 1027 2936 iu
1040 2891 1124 2956 suos,
1141 2870 1250 2937 illiciti
1267 2866 1413 2934 mandati
1431 2868 1484 2935 sui

349 2985 549 3065 executores,
569 2979 771 3046 sentenciam
788 2979 988 3067 excepisset,
1005 2981 1238 3064 premissorum
1254 2978 1385 3063 quidem
1402 2978 1484 3045 faci-

350 3105 464 3152 norum
483 3107 574 3154 reum
593 3106 628 3153 se
645 3108 710 3153 non
729 3109 864 3176 negans,
883 3088 941 3156 sed
957 3089 1043 3154 unde
1059 3088 1172 3155 illicite
1187 3089 1302 3154 ablata
1318 3085 1484 3169 redderet,

350 3215 413 3262 non
430 3194 550 3263 habere
567 3215 602 3261 sc
619 3215 769 3263 asserens
777 3197 925 3283 ,sicque
942 3196 1161 3263 absolucionis
1189 3194 1381 3262 beneficium
1400 3195 1485 3260 obti-

350 3323 426 3372 nere
442 3325 507 3371 non
524 3306 646 3386 valens,
660 3305 861 3373 ordinacioni
872 3308 964 3390 pacis
980 3307 1043 3375 hac
1060 3307 1230 3374 occasione
1246 3305 1410 3390 grandem
1431 3305 1489 3370 ad-

350 3411 482 3478 modum
498 3411 722 3481 difficultatem
749 3417 895 3500 ingerere
920 3415 1091 3482 rideretur.
1127 3415 1195 3481 Nos
1226 3435 1299 3480 cum
1317 3413 1489 3481 uniuerso·

352 3540 424 3585 rum
440 3521 691 3602 Reguicolarum
702 3531 885 3590 nostrorum
896 3530 981 3590 esset
992 3521 1126 3589 evidens
1142 3522 1281 3606 noeioni,
1298 3521 1384 3604 quod
1396 3521 1490 3586 idem

352 3627 544 3695 venerabilis
562 3634 654 3716 pater
671 3630 755 3696 iuter
773 3651 832 3698 nos
843 3630 1007 3697 etdiotum
1018 3631 1190 3698 Albertum
1201 3631 1323 3695 Ducem
1341 3623 1492 3715 Austris,

351 3741 561 3822 nostrumque
592 3745 625 3804 et
649 3737 752 3822 ipsius
778 3741 1003 3824 Principatus,
1031 3738 1174 3824 pacificis
1206 3755 1334 3822 semper
1351 3756 1494 3822 operam

354 3841 520 3908 ontinuam
537 3850 567 3910 et
584 3843 783 3913 indefessam
800 3846 909 3914 dando
941 3847 1067 3932 studiis,
1098 3865 1157 3914 nec
1176 3845 1320 3928 aliquam
1347 3863 1495 3912 causam

353 3948 407 4014 vel
433 3953 631 4019 occasionem
649 3953 770 4022 directe
788 3957 841 4022 vcl
873 3954 1031 4022 indirecte
1059 3956 1254 4022 damnorum
1280 3952 1334 4018 vel
1359 3953 1492 4020 iniuria

351 4081 421 4126 rum
437 4059 555 4128 nedum
588 4064 755 4150 grauium,
787 4065 845 4131 scd
873 4085 933 4132 nee
960 4065 1085 4132 leuium
1114 4063 1332 4150 quarumlibet
1348 4064 1500 4133 offensa·
1546 4081 1547 4134 l

353 4192 422 4238 rum
439 4172 618 4256 ingerendo
632 4175 803 4241 materiam
829 4173 1070 4261 temporalium,
1088 4175 1343 4260 damnatorum,
1361 4170 1501 4241 familie

351 4298 408 4346 sue
425 4280 530 4359 cedes,
554 4279 752 4348 edificiorum
769 4281 927 4363 incendia,
944 4283 1140 4350 decimarum
1161 4291 1193 4349 et
1209 4282 1351 4348 aliorum
1367 4283 1500 4351 iurium

354 4409 484 4455 suorum
500 4389 715 4472 spiritualium
747 4391 867 4458 damna
898 4411 955 4458 seu
975 4392 1170 4480 dispendia,
1203 4411 1304 4475 vsque
1330 4390 1454 4460 adhuc
1471 4401 1503 4460 el

356 4499 443 4568 vltra
458 4499 572 4582 uiginti
590 4513 775 4570 marearum
798 4505 925 4587 argenti
959 4503 1080 4589 millia,
1107 4508 1215 4588 pretor
1240 4499 1429 4586 aliqualem
1452 4503 1506 4569 de-
