3120 5172
637 296 704 362 279

598 388 627 397 n·
638 384 743 394 ›ana-on

103 495 333 576 conuencione,
352 489 457 558 eidem
472 489 627 556 Marcello
644 490 778 558 Custodi
788 492 1025 569 ¹contumaciter
1040 515 1106 560 non
1123 493 1228 562 dedie-

100 611 180 690 sent,
196 601 342 669 eiusdem
359 596 511 666 Custodie
527 599 560 664 in
577 598 789 682 preiudicinm
816 598 1009 668 detinentes.
1037 603 1141 688 Super
1166 622 1229 687 quo

100 713 186 778 lacto
203 729 275 776 cum
292 707 336 774 ad
352 703 553 772 fundandam
570 711 601 770 et
616 705 820 790 probandam
838 706 1055 775 intencionem
1072 729 1167 776 snam
1193 709 1228 775 in
1316 736 1318 744 ’

100 819 161 884 bac
176 820 270 903 parte
292 813 378 880 idem
403 811 578 878 Marcellus
613 811 730 880 Custos
762 812 892 881 easdem
924 821 1053 882 nostras
1079 823 1228 902 patentes

101 925 226 991 litteras
242 925 480 1009 presentasset;
496 917 596 1002 ijdem
612 912 801 986 sacerdotes
810 971 820 1006 ,
836 939 902 986 vna
918 941 993 987 cum
1009 921 1158 1006 pluribus
1186 942 1227 990 ex

100 1033 165 1100 suis
182 1028 410 1116 parochyanis,
429 1044 447 1090 e
464 1027 628 1092 contrario
644 1045 707 1092 non
718 1027 867 1094 valentes
894 1027 1019 1111 aliquid
1045 1028 1227 1097 racionabi-

100 1140 170 1206 liter
186 1136 391 1222 respondere,
414 1152 548 1200 caueam
573 1141 757 1218 presentem
789 1135 833 1202 ad
866 1153 1001 1202 examen
1027 1136 1224 1204 venerabilis

100 1245 200 1329 patris
218 1243 337 1311 domini
352 1242 465 1328 nostri,
488 1240 609 1306 domini
637 1239 821 1328 laodomarij
849 1239 1087 1326 strigoniensis
1113 1242 1225 1311 Archi-

101 1352 243 1440 episcopi
258 1349 497 1438 perduxerunt;
515 1347 557 1414 de
573 1369 638 1434 qua
654 1369 688 1414 re
709 1349 797 1416 idem
823 1350 972 1416 dominus
997 1350 1225 1436 Archiepisco·

99 1481 155 1548 pus
172 1457 373 1527 sentenciam
389 1455 534 1524 eiusdem
550 1456 699 1538 Magistri
715 1458 859 1543 Emyriei
876 1456 1035 1544 Prepesiti
1061 1457 1153 1542 prius
1179 1458 1225 1525 la·

105 1577 178 1654 lam,
196 1568 279 1635 uisis
295 1565 419 1632 eisdem
452 1564 574 1630 nostris
590 1563 777 1648 patentibus
803 1565 932 1648 litteris,
960 1565 1164 1652 approbabit,
1193 1572 1226 1632 et

100 1678 201 1744 eidem
218 1675 371 1741 Marcello
388 1670 520 1739 Custodi
536 1670 713 1738 secundum
730 1691 822 1740 anam
848 1672 1065 1740 assertionem
1093 1680 1126 1738 et
1151 1692 1232 1758 pro-.

100 1784 296 1870 posicionem
312 1783 347 1848 in
362 1781 531 1866 premissis
541 1777 743 1846 adiudicauit
753 1780 998 1848 sentencialiter
1008 1781 1224 1848 iuramentum

96 1892 136 1957 ‘de
149 1910 216 1956 non
232 1889 318 1956 datis
334 1887 454 1954 marcis
477 1885 653 1952 earundem
679 1886 896 1972 candelarum,
923 1888 957 1954 in
982 1886 1080 1955 stallo
1106 1908 1164 1954 suo
1190 1889 1225 1955 in

101 1998 245 2066 llcclesia
261 2001 373 2064 nostra
389 2014 479 2061 more
494 1994 590 2060 solito
612 2001 644 2060 et
660 1993 814 2062 canonice
839 1992 1073 2081 deponendum,
1102 1994 1154 2062 die
1179 1995 1224 2062 ad

104 2107 161 2174 hoc
178 2104 366 2192 specialiter
390 2104 571 2186 assignata.
596 2102 660 2170 Ubi
685 2103 890 2188 postmodum
915 2104 1073 2188 Magistro
1100 2103 1223 2171 Jacobo

104 2214 239 2282 Cantcre
249 2212 507 2297 strigoniensiet
517 2209 628 2277 multis
637 2211 713 2296 alijs
723 2231 762 2278 er
772 2211 872 2295 socijs
882 2218 914 2278 et
925 2211 1150 2281 concanonicis
1165 2231 1222 2278 no·
1323 2279 1332 2294 ,

103 2325 176 2390 stris
191 2320 408 2408 presentibus,
419 2317 650 2407 mediantibus,
662 2321 695 2386 ct
706 2319 924 2386 amicabiliter
934 2319 1201 2406 componentibus
1214 2341 1223 2405 ς

102 2434 180 2497 inter
196 2429 328 2497 easdem
344 2435 453 2513 partes
462 2429 570 2494 taliter
581 2427 688 2494 extitit
708 2428 901 2515 ordinatum,
912 2427 1094 2496 iuramento
1111 2427 1222 2495 huius·

103 2539 184 2604 modi
200 2543 333 2623 propter
351 2539 469 2602 bonum
486 2534 657 2602 concordie
672 2535 835 2602 relaxato:
855 2541 891 2600 ut
915 2535 1015 2620 ijdem
1043 2535 1222 2604 Ladizlaus

101 2645 259 2731 presbiter
275 2643 432 2710 candelas
447 2643 604 2730 ponderis
628 2643 739 2710 decem
765 2661 956 2730 marcarum,
982 2650 1014 2711 et
1039 2639 1224 2728 Gregorius,

100 2773 136 2819 ac
150 2753 339 2821 Dominieus
356 2751 542 2820 sacerdotes
559 2750 717 2817 candelas
734 2756 809 2816 octo
828 2769 1019 2836 marcarum,
1044 2751 1163 2838 partim
1187 2750 1222 2817 in

100 2861 175 2928 festo
191 2859 435 2927 Purifioacionis
450 2859 550 2925 Beate
564 2858 709 2942 Virginis
724 2877 811 2925 nunc
827 2866 970 2942 uenturo,
981 2859 1101 2944 partim
1112 2865 1220 2926 autem

101 2967 132 3032 in
146 2967 375 3054 Carnispriuio,
393 2967 498 3032 eidem
522 2967 678 3032 Marcello
706 2965 839 3033 Custodi
865 2967 989 3034 soluere
1014 2966 1221 3049 tenebuntur;

102 3077 257 3143 incursuri
272 3075 403 3142 nomine
420 3095 513 3160 pene,
528 3071 694 3142 sleosdem
719 3074 877 3140 terminos
901 3072 1106 3159 preterirent,
1132 3074 1221 3141 solu·

100 3185 217 3250 cionem
233 3181 376 3248 omnium
392 3179 603 3247 candelarum
619 3180 761 3262 illarum,
779 3197 862 3261 quas
879 3177 920 3244 de
939 3179 1038 3245 annis
1055 3177 1218 3264 preteritis
1282 3180 1285 3186 ’

101 3290 218 3355 inuenti
234 3287 355 3356 fuerint
370 3307 435 3353 non
451 3286 589 3371 dedisse,
605 3285 699 3352 iuxta
715 3292 858 3354 tenorem
884 3284 1039 3352 uidelicet
1063 3283 1221 3372 predicta-
1320 3293 1328 3318 '

99 3417 167 3462 rum
181 3403 363 3464 nostrarum
379 3395 564 3479 patentium
580 3394 782 3479 litterarum,
806 3393 921 3461 solutis
937 3411 1013 3459 uero
1029 3392 1096 3460 illis
1107 3393 1220 3460 decem

102 3509 133 3568 ct
149 3513 214 3569 octo
229 3521 410 3569 marcarum
427 3499 582 3585 candelis,
600 3501 641 3568 de
666 3507 774 3567 cetero
801 3499 895 3568 annis
922 3499 1062 3585 singulis
1087 3499 1120 3564 in
1148 3518 1217 3585 per·

99 3617 226 3694 petunm
251 3611 353 3695 ijdem
376 3609 574 3696 sacerdotes,
600 3615 765 3676 eteorum
797 3627 1001 3676 successores
1032 3610 1066 3675 in
1097 3606 1220 3677 eisdem

99 3719 252 3804 EcclesiJs
269 3737 329 3804 pro
346 3724 492 3803 tempore
508 3717 687 3800 constituti,
704 3717 900 3799 quantitates
916 3717 986 3783 siue
1004 3737 1130 3784 marcas
1145 3735 1219 3782 can·

99 3825 247 3911 delatum,
264 3826 300 3891 in
317 3825 440 3892 eisdem
457 3825 645 3911 patentibus
661 3823 777 3891 litteris
804 3830 1039 3911 contentarum,
1066 3823 1220 3892 Custodia

98 3931 309 4016 Strigoniensi
323 3933 392 4001 sine
408 3931 644 4020 refragacione,
673 3939 831 4018 perpetuo
856 3931 990 4018 pacifice
1014 3936 1048 4000 et
1072 3931 1221 4017 plenarie

98 4038 221 4107 soluere
236 4042 438 4108 tenebuntur.
455 4043 576 4107 Datum
592 4041 624 4106 in
643 4040 785 4109 erastino
802 4038 896 4105 Santi
912 4038 1105 4125 Wyncencij
1133 4057 1220 4105 mar·

97 4145 169 4212 titis
183 4167 264 4216 anuo
280 4148 412 4217 Domini
428 4149 548 4217 M⁰CC⁰
562 4150 777 4234 nonagesimo
794 4147 943 4233 septimo.

189 4341 235 4408 (Aa
248 4347 351 4400 eredsti
362 4343 430 4400 atta
442 4348 538 4400 hana
551 4343 673 4411 Ndndcr,
685 4347 800 4417 Magyar
814 4347 880 4402 Sion
893 4346 945 4398 111.
958 4347 1014 4412 lrbt,
1029 4346 1090 4401 948.
1103 4342 1135 4402 Ι.)
