3098 5172
822 291 982 396 pso*

339 517 397 587 per
407 515 597 580 annuamus,
608 491 756 580 quamuis
768 513 825 578 pro
835 487 960 575 mugnis
970 482 1114 569 minimo,
1124 501 1185 570 pro
1194 477 1306 551 arduis
1320 477 1456 568 exhigm

343 609 452 678 iacere
462 605 641 692 uideamur,
652 601 814 688 quandam
825 609 943 668 terram
955 603 1097 664 nostrum
1107 591 1175 660 auo
1195 589 1459 681 nocanmpdse·

343 713 429 802 guod
455 713 601 800 predium
617 715 760 778 nostrum
775 707 996 796 pertinentem,
1013 723 1085 772 oum
1101 697 1249 769 omnibus
1264 700 1333 768 suis
1347 700 1458 768 utilita-

344 824 432 890 tibus
448 827 481 888 et
495 802 683 902 attinenoijs
699 816 860 886 uniuersis
875 815 1033 894 dedimus,
1060 807 1251 878 douauimus
1277 813 1310 875 et
1334 807 1458 875 contuli-

347 951 418 998 mus
434 927 580 1014 sepefato
612 925 727 993 Comiti
743 923 909 1008 Ladizlao,
925 927 958 990 et
972 941 1031 1006 per
1046 939 1119 987 eum
1134 916 1202 984 suis
1217 915 1458 1005 heredibushe·

343 1036 519 1120 redumque
535 1053 663 1101 snorum
681 1030 929 1116 suecessoribus,
946 1027 1014 1095 iure
1030 1037 1184 1113 perpetuo
1200 1034 1339 1120 pacifice
1365 1036 1460 1118 possi·

343 1144 482 1212 dendam
499 1150 531 1212 et
547 1141 741 1210 habendam.
758 1142 796 1207 In
812 1140 904 1207 cuius
920 1141 968 1206 rei
994 1141 1192 1228 memoriam,
1216 1145 1460 1226 firmitatemque

343 1258 531 1338 perpetuam
549 1255 715 1336 presentes
731 1247 949 1316 concessimus
975 1246 1099 1315 litteras
1126 1249 1265 1336 duplicis
1290 1253 1390 1336 sigilli
1414 1271 1460 1316 no

344 1359 401 1424 stri
419 1355 594 1424 munimine
610 1357 790 1424 roboratas.
809 1357 929 1421 Datum
946 1374 1003 1438 per
1018 1375 1134 1424 manus
1150 1359 1350 1425 venerabilis
1366 1356 1459 1446 patris

346 1463 443 1530 Pauli
458 1463 519 1530 Dei
543 1462 656 1548 gradu
687 1461 842 1548 Episcopi
870 1460 1231 1545 Quinqueeociesiensis,
1257 1467 1332 1532 aule
1357 1472 1458 1532 nostre

345 1570 544 1654 cancellarij
562 1567 674 1637 dilecti
691 1577 724 1637 et
738 1567 844 1636 fidelis
860 1567 972 1656 nostri,
996 1589 1082 1636 anno
1106 1571 1239 1640 Domini
1265 1571 1386 1640 ΜὈΟο
1411 1592 1460 1639 no·

347 1679 519 1766 nogesimo
536 1676 659 1759 quinto.

430 1874 480 1946 (ds
495 1872 598 1928 eredeti
612 1870 679 1928 utin
692 1870 918 1940 nuenarianam,
933 1877 1047 1943 Magyar
1060 1876 1125 1930 Sion
1137 1878 1190 1931 111.
1202 1877 1259 1930 kur.
1283 1879 1343 1930 936.
1356 1877 1386 1947 1.)

799 2159 1010 2176 mun-q

877 2701 954 2770 123.
1543 2721 1544 2780 t

358 2899 555 2969 Homerico
572 2901 637 2970 III.
648 2899 759 2966 Eodre
774 2901 996 2988 kirdlyooyjo
1013 2897 1156 2968 duareno
1171 2901 1325 2989 delpodpet
1335 2903 1469 2988 idrodap·
1543 2945 1544 2948 ,

439 3009 589 3095 keadsilep
605 3007 793 3075 odarendcti
810 2983 914 3076 (ivoni
928 3007 1075 3076 Koronta
1093 3009 1270 3078 montemalo.
1286 3009 1385 3074 1295.

459 3205 528 3273 Nos
545 3202 676 3270 domina
692 3203 753 3269 Th.
771 3208 874 3270 mater
901 3201 1025 3270 domini
1052 3201 1183 3271 Andree
1197 3203 1259 3271 Dei
1275 3205 1388 3289 gracia
1401 3203 1472 3270 Ilia·

354 3311 430 3381 stris
445 3310 545 3395 Regis
563 3309 742 3395 Hungarie,
759 3329 817 3396 per
831 3309 967 3377 eandem
985 3309 1126 3378 Ducissa
1144 3311 1248 3379 tocius
1263 3311 1473 3380 Solanonieet

353 3419 571 3488 Gubernatrix
597 3415 939 3486 Citra-Danubiulium
956 3418 1107 3486 Porcium
1131 3437 1235 3505 usqua
1250 3439 1357 3506 mare,
1381 3419 1474 3505 signi·

355 3529 490 3596 ficamus
515 3526 677 3596 uniuersis
710 3527 827 3613 quibus
857 3526 990 3614 expedit
1015 3527 1169 3594 memorie
1199 3527 1475 3610 commendantem

360 3635 446 3720 qnod
463 3655 535 3702 oum
554 3635 713 3720 Magister
729 3633 892 3702 Corradus
908 3633 993 3702 fitius
1005 3633 1164 3721 Stephani
1180 3633 1221 3702 de
1232 3635 1330 3704 Owen
1346 3635 1474 3722 inquio·
1543 3715 1544 3722 ἵ

352 3742 447 3812 denis
457 3739 637 3810 residenoie
647 3741 806 3808 exercitus
821 3741 935 3827 nostri,
948 3742 1126 3810 secundum
1143 3743 1379 3811 continenciam
1394 3743 1474 3810 litte·
1543 3731 1544 3768 ³

351 3869 461 3916 rarum
472 3855 654 3915 nostrarum
666 3847 917 3936 memorialium,
931 3855 1043 3916 contra
1054 3849 1220 3917 dominum
1238 3851 1275 3916 Β.
1285 3849 1476 3938 Episcopum

352 3955 438 4023 Albo
448 3955 630 4045 Brigarioe,
640 3977 698 4044 pro
708 3975 771 4041 quo
781 3957 941 4041 Magister
957 3957 1073 4024 Petrus
1088 3955 1187 4025 irater
1203 3957 1273 4025 eius
1290 3959 1361 4026 vioe
1377 3964 1408 4028 et
1423 3979 1475 4024 no·

354 4061 440 4130 mine
452 4062 596 4158 eiusdem
607 4063 638 4130 in
649 4063 721 4150 ipso
731 4063 868 4131 termino
881 4064 1063 4150 comparuit
1073 4085 1145 4132 curn
1156 4064 1276 4133 litteris
1287 4067 1415 4152 uostris,
1426 4086 1476 4134 sn·

360 4189 419 4255 per
429 4167 514 4238 iacto
529 4171 743 4258 possessionis
759 4170 907 4238 (iueresd
923 4178 1036 4240 vocate
1046 4193 1106 4240 sua
1121 4173 1335 4240 instrumenta
1352 4182 1383 4241 et
1396 4173 1477 4240 litte·

362 4295 428 4362 ros,
439 4276 558 4360 quibus
575 4277 791 4345 mediantibus
807 4278 911 4364 ipsam
923 4285 1039 4345 umam
1051 4281 1194 4347 tenuitet
1209 4281 1366 4368 possedit,
1382 4280 1480 4366 exby-
1501 4337 1503 4341 ,

349 4385 428 4451 bore
436 4383 602 4455 debuisset
612 4407 717 4454 eoram
731 4386 835 4472 nobis,
848 4388 920 4474 ipso
930 4388 1065 4454 termino
1075 4387 1271 4456 adueniente
1280 4389 1365 4454 idem
1372 4385 1470 4470 Magi·
1543 4379 1544 4468 i

360 4495 425 4558 ster
441 4492 621 4562 Corraldns
640 4495 854 4581 personaliter
869 4514 978 4562 coram
1003 4495 1098 4562 nobis
1124 4496 1341 4582 comparendo
1365 4493 1480 4564 instro.

355 4605 468 4671 menta
483 4620 542 4676 sua
559 4609 591 4669 et
605 4603 731 4675 litteras
756 4601 912 4698 exhybuit
929 4623 1038 4677 coram
1063 4603 1177 4691 nobis;
1203 4604 1237 4671 in
1263 4605 1380 4691 quibus
1395 4601 1476 4670 uidi-
