3170 5166
855 239 995 338 ,4-14..
1576 287 1577 336 l

1576 339 1577 380 l

344 455 443 518 erum,
459 430 545 520 quod
560 432 595 500 in
612 431 727 502 Castro
743 430 888 499 Budensi
913 432 1084 500 consueuit
1108 431 1197 516 exigi
1216 431 1259 501 ab
1275 433 1419 523 antiquo,
1435 457 1497 504 no·

360 543 456 610 limus
472 561 531 628 per
547 539 734 626 quempiam
749 537 962 626 prciudieium
988 539 1150 625 generari,
1167 559 1245 628 ymo
1262 540 1368 628 ipsam
1383 541 1496 611 Eccle-

343 651 443 718 .siam
460 649 561 716 Beate
577 645 737 732 Virginis,
754 665 852 732 quam
868 647 925 732 pio
941 646 1059 714 mentis
1085 665 1277 715 veneramur
1292 647 1422 734 affectu,
1440 671 1496 718 ve·
1576 661 1577 728 ς

357 757 457 826 limus
474 749 681 842 indempnem
699 773 739 821 ac
753 752 882 821 illesam
908 754 944 820 in
960 753 1048 822 dicto
1064 753 1185 822 tributo
1212 759 1243 822 et
1269 754 1304 821 in
1328 757 1408 844 alijs
1425 760 1498 826 suis
1576 745 1577 804 ἕ

358 864 483 932 iuribus
500 881 722 947 conseruare;
737 861 895 949 volumus,
913 869 947 930 et
963 860 1110 930 districtc
1135 860 1343 948 precipiendo
1360 867 1497 934 manda·

358 993 441 1059 mus,
457 977 616 1056 quatenus
632 989 700 1037 non
725 969 930 1038 obstantibus
955 969 1123 1054 aliquibus
1147 969 1267 1040 litteris
1291 971 1326 1038 in
1352 973 1496 1059 preludi·
1576 987 1577 1008 ³

359 1081 446 1148 cium
461 1079 564 1166 ipsius
581 1075 695 1145 tributi
710 1077 892 1165 concessis,
918 1077 1067 1147 uniuersi
1090 1085 1286 1147 mercatores
1312 1086 1345 1148 ct
1360 1079 1496 1167 singuli,
1576 1127 1577 1132 ,

359 1208 400 1256 ac
415 1185 601 1273 specialiter
617 1181 763 1267 hospites
780 1182 820 1249 de
834 1183 908 1268 ling
924 1189 956 1250 et
968 1184 1011 1252 dc
1028 1185 1156 1268 Franco
1171 1184 1277 1272 Villa,
1296 1184 1497 1256 officialibus
1576 1255 1577 1262 ,

358 1315 418 1363 seu
434 1291 616 1377 tributarijs
631 1290 850 1377 predictarum
876 1290 1079 1361 dominarum
1105 1293 1147 1362 de
1173 1296 1269 1362 rebus
1294 1294 1362 1362 suis
1378 1295 1498 1363 merci·
1576 1337 1577 1384 3

347 1401 555 1470 ¹monialibus
570 1400 689 1468 iustum
705 1405 738 1466 et
754 1404 941 1467 consuetum
967 1401 1122 1468 tributum
1139 1401 1217 1470 dent
1232 1407 1265 1469 et
1280 1403 1493 1489 persoluant;
1576 1449 1577 1498 3

355 1509 501 1577 maxime
526 1527 597 1576 cum
624 1504 829 1592 priuilegium
854 1505 1014 1576 dictarum
1039 1507 1243 1578 dominarum
1268 1528 1367 1595 snper
1392 1510 1496 1577 dona·
1576 1505 1577 1598 l

360 1619 453 1690 sione
468 1616 572 1702 ipsius
587 1612 699 1681 tributi
715 1611 792 1678 olim
807 1612 963 1682 traditum
974 1617 1168 1684 auctoritate
1183 1616 1276 1686 Sedis
1292 1617 1495 1706 Apostolice,

346 1727 443 1793 ,siout
458 1723 585 1808 dicitur,
601 1722 645 1789 sit
660 1721 841 1806 uallatum,
873 1730 906 1789 et
921 1744 981 1820 pro
997 1729 1087 1792 tanto
1119 1725 1259 1793 nolimus
1290 1725 1496 1793 sentenciam

360 1831 482 1899 domini
496 1831 586 1914 Pape
601 1829 768 1896 incurrere
784 1827 818 1894 in
834 1827 898 1895 hac
923 1835 1026 1918 parte.
1053 1827 1174 1899 Datum
1190 1830 1281 1899 Bude
1305 1833 1420 1917 quinto
1437 1833 1495 1903 die
1576 1831 1577 1914 l

355 1943 433 2028 post
448 1938 568 2008 festum
584 1936 810 2008 Conuersionis
826 1937 939 2008 Sancti
953 1937 1049 2008 Pauli
1064 1938 1222 2026 Apostoli.

343 2134 498 2204 tfflredetie
508 2129 685 2206 bdrhartydn,
699 2135 822 2204 pecsdtje
836 2135 966 2189 elvesaett
979 2135 1089 2188 abudai
1102 2136 1152 2186 lrir.
1163 2136 1287 2188 hamuel
1300 2132 1494 2200 levdltdrban.)

354 3157 422 3222 ΙΙΙ.
437 3153 546 3220 Endre
562 3153 670 3238 kirdly
685 3154 873 3240 mepboyyjo
898 3151 1095 3218 abudacdri
1110 3153 1142 3220 ds
1154 3156 1238 3240 pesti
1248 3153 1488 3241 polqdrolcauls,

341 3287 372 3330 „a
388 3285 409 3328 a
419 3261 504 3351 pesti
521 3261 730 3349 bajdsoleoulc,
758 3261 839 3348 bopy
854 3283 875 3324 a
889 3255 1078 3346 ayalsziqcti
1095 3261 1319 3346 apcaazcula
1326 3261 1490 3346 joqaiaat

691 3371 787 3456 clepet
804 3369 960 3456 teqyeaelc.
979 3368 1028 3434 Eo
1044 3367 1164 3436 cellcill-

464 3565 502 3632 A.
518 3564 581 3632 Dei
596 3563 710 3648 gracia
724 3565 797 3632 Rex
811 3563 979 3648 Hungarie
1004 3561 1153 3630 fidelibus
1177 3560 1246 3629 suis
1272 3561 1487 3631 Vniuersitati

342 3671 484 3742 Cinium
500 3671 542 3739 de
558 3670 672 3739 Castro
697 3671 855 3758 Budensi,
871 3671 912 3739 de
931 3670 1040 3756 Pesth‚
1055 3677 1088 3737 et
1103 3670 1234 3737 Rectori
1249 3675 1432 3756 nautarum,
1448 3691 1486 3738 ac

354 3779 517 3848 uniuersis
532 3777 641 3847 nautis
656 3777 698 3846 de
722 3777 797 3866 ipsa
821 3777 902 3845 uilla
927 3776 1089 3846 Pestiensi
1113 3777 1253 3844 salutem
1283 3781 1315 3844 et
1329 3777 1486 3863 graciam.

346 3886 552 3973 ,Multiplices
568 3886 693 3954 litteras
709 3891 840 3953 nostras
857 3884 950 3953 uobis
966 3885 1118 3952 duximus
1145 3883 1336 3968 dirigendas
1360 3893 1393 3952 et
1409 3904 1486 3952 nun·

355 3995 423 4063 cios
439 3993 611 4080 speciales,
629 3999 663 4060 vt
679 3993 722 4060 ab
747 3993 966 4078 occupacione
997 3993 1189 4060 tributorum
1220 3991 1370 4060 Ecclesia
1386 3994 1487 4062 Beate

354 4102 458 4170 blarie
473 4122 512 4169 ac
542 4121 688 4168 sororum
706 4097 745 4167 dc
776 4102 888 4170 Insula
918 4102 1081 4186 Leporum
1108 4106 1254 4186 temporo
1269 4100 1487 4170 nundinarum

351 4217 536 4281 uestrarum
558 4209 689 4294 penitus
708 4208 901 4294 cessaretis;
918 4228 990 4276 cum
1007 4227 1072 4275 non
1088 4207 1131 4274 sit
1146 4227 1324 4275 consonum
1341 4208 1488 4296 equitati,

352 4327 389 4388 ut
403 4321 447 4388 ad
463 4321 537 4406 pias
553 4337 670 4386 causas
686 4318 808 4386 tradita
821 4337 880 4386 seu
896 4319 1016 4386 collatu
1032 4317 1066 4385 in
1082 4317 1192 4402 aliquo
1209 4316 1420 4404 minorentur,
1433 4318 1487 4386 nel

341 4426 600 4514 ¹presumpcione
617 4423 820 4511 dampnabili
844 4427 1089 4514 perturbentur3
1117 4424 1206 4510 quod
1230 4431 1340 4493 tamen
1364 4445 1424 4494 uos
1441 4427 1488 4492 ni·

340 4535 416 4600 mis
436 4541 683 4620 presumptuose
708 4534 897 4604 mandatum
921 4535 1060 4621 Regium
1091 4539 1341 4621 postponentes,
1372 4533 1490 4602 eiicere
