3130 5152
586 263 746 368 js-

53 523 57 530 .
97 459 299 547 possessioni
315 457 547 546 Starnaialvra,
566 465 629 526 eta
643 463 735 544 parte
752 462 1007 545 septemtrionali
1024 462 1227 545 possessioni

98 569 243 652 Gumur3
261 571 294 633 et
308 567 343 634 in
359 567 586 652 progressione
606 565 750 632 eiusdem
762 566 814 633 uie
829 568 954 651 giratur
963 568 1007 634 ad
1016 565 1225 654 occidentem,

100 680 134 742 et
150 674 305 760 peruenit
331 673 374 740 ad
402 673 562 759 quendam
590 679 729 739 meatum
762 673 856 740 riuuli
873 675 914 740 de
939 675 1078 764 quodam
1109 679 1226 757 stagno
1355 665 1357 672 ’

97 781 230 848 nomine
244 780 394 867 Pykente
425 787 605 865 meantem,
632 788 663 846 et
688 779 720 844 iu
745 780 858 846 eudem
886 787 993 848 meatu
1018 782 1113 848 riuuli
1140 783 1223 848 bene
1252 769 1257 780 ¹

97 887 257 955 currendo
274 887 317 953 sd
333 889 532 954 occidentem
553 888 668 954 iterum
687 886 774 954 cadit
790 888 834 953 ad
848 889 983 954 fluuium
1010 889 1097 972 Saye
1106 940 1114 973 ,
1133 887 1189 956 ubi
1204 907 1225 954 a

94 1003 190 1082 purte
206 993 410 1062 meridionali
427 994 571 1063 eiusdem
601 995 838 1062 meatusriuuli
856 998 1009 1064 cessisset
1023 997 1221 1083 possessioni

96 1103 218 1169 Starna
227 1153 237 1187 ,
264 1110 392 1186 aparte
403 1103 658 1188 septemtrionali
674 1102 872 1186 possessioni
891 1104 1031 1188 Gumur3
1051 1111 1083 1170 et
1108 1105 1140 1170 in
1170 1123 1219 1169 eo-

95 1209 170 1274 dem
187 1207 285 1274 fluuio
302 1207 389 1293 Saye
405 1208 547 1297 giratur,
580 1217 612 1274 et
627 1208 749 1275 directe
780 1211 877 1276 currit
903 1209 947 1275 ad
978 1210 1164 1296 meridiem,
1190 1217 1221 1277 et

94 1334 157 1400 per
181 1316 312 1396 longum
329 1316 474 1400 spacium
493 1316 650 1383 currendo
680 1316 713 1382 in
745 1316 856 1382 eodem
875 1317 971 1382 fluuio
987 1316 1074 1402 Sayc
1105 1337 1217 1403 perne·

96 1424 147 1488 nit
180 1442 277 1507 penes
302 1419 470 1506 ¹quoddum
511 1429 583 1490 tom
615 1423 657 1499 cd
689 1423 923 1508 possessionem
957 1423 1124 1510 Tornalya
1153 1423 1219 1488 alic

94 1530 227 1597 nomine
257 1529 362 1614 Kewy
396 1535 629 1616 constructam,
658 1530 710 1595 vbi
736 1550 756 1594 a
780 1537 872 1616 parte
907 1530 1041 1596 orientis
1073 1528 1225 1597 cessisset

95 1635 293 1723 possessioni
309 1637 481 1724 Tornalya,
512 1644 580 1703 eta
596 1645 687 1722 parte
720 1623 896 1705 occidentis
928 1634 1126 1720 possessioni
1159 1634 1230 1712 Gru,

95 1763 186 1826 mur;
218 1750 251 1807 et
280 1742 315 1806 iu
340 1743 451 1809 eodem
485 1742 573 1828 Sayo
591 1743 696 1810 adhuc
713 1743 811 1810 currit
827 1743 870 1808 ad
903 1741 1085 1826 meridiem,
1103 1747 1136 1808 et
1152 1759 1220 1825 per·

96 1849 187 1915 uenit
202 1847 246 1914 ad
261 1848 422 1931 quendam
449 1850 601 1933 angulum
624 1849 785 1934 nemoris,
818 1855 849 1914 et
874 1849 928 1913 ubi
954 1846 993 1914 de
1017 1846 1118 1916 fluuio
1134 1846 1221 1932 Sayo

97 1963 187 2022 meat
202 1975 285 2023 vnus
299 1955 423 2022 riuulus
439 1955 539 2040 fluuij,
565 1962 596 2022 et
611 1955 646 2020 in
662 1953 775 2022 ecdem
807 1960 913 2021 meatu
946 1952 1036 2020 uadit
1051 1960 1083 2020 et
1099 1952 1223 2020 cadite
1286 2011 1287 2015 ,

85 2064 287 2152 fekotesoar,
305 2061 395 2128 cuius
411 2067 518 2128 meatu
546 2059 643 2128 riuuli
657 2047 679 2126 a
694 2069 789 2146 parte
815 2060 948 2128 orientis
979 2058 1134 2130 cessisset
1150 2079 1222 2146 pos·

96 2167 235 2237 sessioni
252 2167 426 2253 Tornalya,
443 2175 476 2234 et
500 2174 628 2254 aparte
661 2167 837 2234 occidentis
863 2167 1063 2251 possessioni
1079 2167 1220 2250 sumum

95 2283 129 2343 et
144 2277 177 2342 in
194 2275 306 2342 codem
315 2275 501 2362 foketeocar
524 2271 615 2340 uadit
642 2272 747 2340 adhuc
772 2273 815 2340 ad
832 2273 999 2339 meridiem
1015 2273 1219 2358 perlongum

94 2383 252 2468 specium,
271 2389 303 2449 et
319 2381 467 2468 peruenit
483 2383 526 2448 ud
552 2382 650 2447 talem
669 2380 792 2462 locum,
824 2380 878 2448 rbi
903 2381 994 2446 aliud
1001 2381 1222 2466 felectesacra

94 2498 189 2577 parte
205 2489 382 2556 occidentis
399 2479 511 2554 means¹
538 2485 670 2554 insimul
703 2487 842 2570 cadunt,
869 2487 923 2553 rbi
938 2507 959 2552 a
973 2493 1069 2573 parte
1084 2485 1220 2551 orientis

94 2597 249 2664 cessisset
264 2595 466 2682 possessioni
481 2596 619 2680 Kyraly,
638 2600 669 2662 et
685 2615 705 2658 s
721 2599 813 2677 parte
829 2593 1006 2660 occidentis
1020 2593 1220 2679 possessioni

94 2707 239 2788 (iumur3
256 2710 289 2770 et
304 2703 338 2768 in
354 2703 413 2769 illo
429 2703 494 2769 elio
512 2703 697 2769 ieketesaur
721 2703 845 2787 giratur
861 2707 893 2768 et
908 2699 999 2768 uadit
1014 2698 1058 2768 ad
1074 2699 1219 2766 occiden-

93 2821 170 2896 tem,
189 2811 396 2893 etquasdam
413 2809 498 2876 alias
515 2811 585 2876 uias
611 2808 811 2876 transeundo
842 2807 1025 2892 perueniret
1051 2806 1093 2873 ad
1118 2826 1216 2890 quan·
1242 2800 1244 2804 ’

92 2919 172 2984 dam
188 2919 293 3003 mam,
321 2937 384 3000 que
400 2915 439 2980 de
471 2915 678 3000 possessione
711 2915 831 3001 Gunya
851 2912 938 2982 ducit
970 2915 1014 2981 ad
1041 2913 1217 2999 possessio-

97 3045 174 3092 nem
190 3025 290 3108 Beye,
307 3043 407 3109 penes
423 3043 519 3106 quam
535 3023 621 3089 urium
637 3029 712 3089 snut
727 3029 793 3088 tres
820 3031 903 3088 mete
933 3030 1053 3103 terres,
1087 3039 1218 3101 quarum

95 3148 161 3196 vna
192 3135 323 3213 separat
360 3130 598 3214 possessionem
631 3129 775 3213 Kyraly,
808 3127 951 3194 secunda
982 3127 1216 3212 possessionem

93 3237 202 3320 Beye,
233 3231 332 3301 tercie
350 3255 428 3301 uero
455 3237 693 3320 possessionem
720 3236 861 3318 Gumur;
895 3241 927 3299 et
957 3236 991 3300 in
1023 3233 1135 3300 eadem
1163 3234 1218 3300 uis

90 3341 266 3408 reuertitur
277 3347 309 3406 et
324 3341 415 3409 uadit
440 3361 536 3429 supra
552 3342 594 3409 ud
619 3341 877 3429 septemtrionem
903 3359 963 3427 per
981 3360 1217 3428 magnumspa-

91 3451 196 3534 cium,
228 3455 260 3514 et
275 3449 309 3514 in
326 3449 438 3516 eadem
471 3449 526 3515 uie
559 3451 705 3534 peruenit
731 3469 831 3534 prope
859 3447 902 3514 ad
923 3449 965 3514 ed
985 3449 1121 3517 eandem
1144 3469 1217 3536 pos-

91 3556 271 3623 sessionem
287 3557 383 3641 Beye,
395 3563 428 3622 et
447 3557 501 3622 ubi
521 3557 654 3622 eandem
674 3556 911 3642 possessionem
931 3557 1145 3644 Beyeeadem
1160 3559 1218 3624 uia

90 3663 358 3750 transiretpenos
368 3665 497 3748 aliquas
508 3671 613 3731 terras
622 3665 763 3732 arabiles
779 3665 927 3732 suntdue
944 3667 1216 3749 meteterree,vbi

93 3789 115 3834 a
141 3777 235 3854 perte
262 3771 404 3839 eiusdem
421 3771 473 3840 uie
489 3771 623 3840 orientis
638 3775 788 3842 cessisset
805 3773 999 3858 possessioni
1026 3772 1159 3866 Gumur,
1185 3781 1217 3840 et

90 3895 114 3942 a
129 3883 222 3963 parte
232 3878 406 3946 occidentis
428 3881 624 3966 possessioni
636 3881 740 3968 Beye3
758 3887 789 3948 et
806 3881 838 3946 in
850 3881 964 3947 eadem
980 3879 1035 3944 via
1046 3879 1215 3973 adhucne·

90 3981 142 4050 dit
157 3983 199 4048 ad
219 3987 479 4069 septemtrionem
498 4008 555 4071 per
574 3987 706 4070 aliquod
723 3989 878 4073 spacium,
900 3995 932 4052 et
948 3985 1111 4068 quendum
1128 3989 1215 4055 uiam

90 4091 289 4157 transeundo
307 4093 445 4160 oaditad
456 4097 748 4185 Kukenespataka,
759 4097 833 4164 etin
844 4095 956 4164 eodem
967 4095 1215 4180 Kukenespata·

91 4199 139 4264 ku
149 4197 240 4265 uadit
250 4220 354 4296 supra
370 4201 412 4267 ud
428 4211 566 4268 montem
587 4204 831 4289 Akaztcwhegy
851 4186 1011 4289 vocatum,
1023 4201 1110 4268 stibi
1126 4203 1215 4270 cadit

89 4305 135 4370 ad
151 4305 312 4386 quandem
329 4307 415 4374 uiam
432 4310 623 4396 berchywta
647 4301 854 4397 nominatam,
880 4311 912 4376 in
938 4311 1079 4394 quadam
1104 4315 1215 4400 der-rip

90 4411 250 4481 existente
266 4412 309 4478 ad
324 4417 596 4502 septemtrionem,
612 4437 713 4502 penes
730 4436 825 4500 quam
842 4417 929 4485 uiam
946 4425 1019 4485 sunt
1034 4420 1131 4504 signa
1147 4439 1211 4486 me·

90 4530 213 4604 tarum3
230 4527 263 4586 et
278 4521 312 4586 in
330 4523 442 4589 eadem
468 4523 521 4591 uia
548 4523 655 4595 adhuc
681 4524 778 4591 currit
802 4525 844 4590 ud
873 4527 1131 4615 septemtrionem
1156 4546 1214 4622 per
