<?xml version="1.0" encoding="UTF-8"?>
<!DOCTYPE html PUBLIC "-//W3C//DTD XHTML 1.0 Transitional//EN"
    "http://www.w3.org/TR/xhtml1/DTD/xhtml1-transitional.dtd">
<html xmlns="http://www.w3.org/1999/xhtml" xml:lang="en" lang="en">
 <head>
  <title>
</title>
<meta http-equiv="Content-Type" content="text/html;charset=utf-8" />
  <meta name='ocr-system' content='tesseract 3.04.00' />
  <meta name='ocr-capabilities' content='ocr_page ocr_carea ocr_par ocr_line ocrx_word'/>
</head>
<body>
  <div class='ocr_page' id='page_1' title='image "./codexdiplomatic19wenzgoog_0084.png"; bbox 0 0 3132 5162; ppageno 0'>
   <div class='ocr_carea' id='block_1_1' title="bbox 912 295 957 360">
    <p class='ocr_par' dir='ltr' id='par_1_1' title="bbox 912 295 957 360">
     <span class='ocr_line' id='line_1_1' title="bbox 912 295 957 360; baseline 0 0"><span class='ocrx_word' id='word_1_1' title='bbox 912 295 957 360; x_wconf 82' lang='lat'>44</span> 
     </span>
    </p>
   </div>
   <div class='ocr_carea' id='block_1_2' title="bbox 371 486 1558 1642">
    <p class='ocr_par' dir='ltr' id='par_1_2' title="bbox 371 486 1558 1642">
     <span class='ocr_line' id='line_1_2' title="bbox 373 486 1555 576; baseline -0.002 -22"><span class='ocrx_word' id='word_1_2' title='bbox 373 493 466 572; x_wconf 84' lang='lat' dir='ltr'>partc</span> <span class='ocrx_word' id='word_1_3' title='bbox 492 486 667 569; x_wconf 78' lang='lat' dir='ltr'>diligentia</span> <span class='ocrx_word' id='word_1_4' title='bbox 697 487 864 554; x_wconf 89' lang='lat' dir='ltr'>consulere</span> <span class='ocrx_word' id='word_1_5' title='bbox 889 487 1106 570; x_wconf 85' lang='lat' dir='ltr'>intendentes,</span> <span class='ocrx_word' id='word_1_6' title='bbox 1131 493 1280 569; x_wconf 79' lang='lat' dir='ltr'>gerentes</span> <span class='ocrx_word' id='word_1_7' title='bbox 1306 507 1430 570; x_wconf 88' lang='lat' dir='ltr'>quoqne</span> <span class='ocrx_word' id='word_1_8' title='bbox 1450 487 1482 553; x_wconf 85' lang='lat' dir='ltr'>de</span> <span class='ocrx_word' id='word_1_9' title='bbox 1554 556 1555 576; x_wconf 13' lang='grc' dir='ltr'>χ</span> 
     </span>
     <span class='ocr_line' id='line_1_3' title="bbox 372 593 1483 680; baseline 0.001 -22"><span class='ocrx_word' id='word_1_10' title='bbox 372 595 662 680; x_wconf 77' lang='lat' dir='ltr'>circumspectione</span> <span class='ocrx_word' id='word_1_11' title='bbox 675 599 732 659; x_wconf 86' lang='lat' dir='ltr'>tna</span> <span class='ocrx_word' id='word_1_12' title='bbox 747 593 899 661; x_wconf 88' lang='lat' dir='ltr'>fiduciam</span> <span class='ocrx_word' id='word_1_13' title='bbox 915 593 949 658; x_wconf 94' lang='lat' dir='ltr'>in</span> <span class='ocrx_word' id='word_1_14' title='bbox 965 593 1106 660; x_wconf 90' lang='lat' dir='ltr'>Domino</span> <span class='ocrx_word' id='word_1_15' title='bbox 1125 593 1324 678; x_wconf 87' lang='lat' dir='ltr'>pleniorem:</span> <span class='ocrx_word' id='word_1_16' title='bbox 1350 593 1483 662; x_wconf 80' lang='lat' dir='ltr'>fraterni-</span> 
     </span>
     <span class='ocr_line' id='line_1_4' title="bbox 372 699 1482 789; baseline -0.001 -23"><span class='ocrx_word' id='word_1_17' title='bbox 372 701 432 766; x_wconf 86' lang='lat' dir='ltr'>tati</span> <span class='ocrx_word' id='word_1_18' title='bbox 449 707 503 767; x_wconf 90' lang='lat' dir='ltr'>tue</span> <span class='ocrx_word' id='word_1_19' title='bbox 518 721 576 785; x_wconf 90' lang='lat' dir='ltr'>per</span> <span class='ocrx_word' id='word_1_20' title='bbox 600 699 791 784; x_wconf 83' lang='lat' dir='ltr'>Apostolica</span> <span class='ocrx_word' id='word_1_21' title='bbox 817 701 938 785; x_wconf 85' lang='lat' dir='ltr'>scripta</span> <span class='ocrx_word' id='word_1_22' title='bbox 964 699 1169 789; x_wconf 82' lang='lat' dir='ltr'>mandamus,</span> <span class='ocrx_word' id='word_1_23' title='bbox 1195 707 1357 784; x_wconf 88' lang='lat' dir='ltr'>qnatenus</span> <span class='ocrx_word' id='word_1_24' title='bbox 1382 702 1482 786; x_wconf 89' lang='lat' dir='ltr'>siper</span> 
     </span>
     <span class='ocr_line' id='line_1_5' title="bbox 372 806 1558 896; baseline 0.001 -24"><span class='ocrx_word' id='word_1_25' title='bbox 372 807 560 890; x_wconf 83' lang='lat' dir='ltr'>diligentem</span> <span class='ocrx_word' id='word_1_26' title='bbox 576 807 814 889; x_wconf 82' lang='lat' dir='ltr'>inquisitionem</span> <span class='ocrx_word' id='word_1_27' title='bbox 832 827 929 896; x_wconf 91' lang='lat' dir='ltr'>super</span> <span class='ocrx_word' id='word_1_28' title='bbox 945 809 1006 876; x_wconf 93' lang='lat' dir='ltr'>hoc</span> <span class='ocrx_word' id='word_1_29' title='bbox 1021 828 1042 873; x_wconf 86' lang='lat' dir='ltr'>a</span> <span class='ocrx_word' id='word_1_30' title='bbox 1058 815 1091 874; x_wconf 90' lang='lat' dir='ltr'>te</span> <span class='ocrx_word' id='word_1_31' title='bbox 1107 807 1292 874; x_wconf 84' lang='lat' dir='ltr'>faciendam</span> <span class='ocrx_word' id='word_1_32' title='bbox 1308 806 1367 875; x_wconf 93' lang='lat' dir='ltr'>tibi</span> <span class='ocrx_word' id='word_1_33' title='bbox 1378 810 1481 875; x_wconf 90' lang='lat' dir='ltr'>consti-</span> <span class='ocrx_word' id='word_1_34' title='bbox 1557 813 1558 828; x_wconf 34' lang='lat' dir='ltr'>l</span> 
     </span>
     <span class='ocr_line' id='line_1_6' title="bbox 371 913 1482 1001; baseline 0.001 -22"><span class='ocrx_word' id='word_1_35' title='bbox 371 915 447 980; x_wconf 87' lang='lat' dir='ltr'>terit</span> <span class='ocrx_word' id='word_1_36' title='bbox 461 915 503 980; x_wconf 89' lang='lat' dir='ltr'>de</span> <span class='ocrx_word' id='word_1_37' title='bbox 528 915 703 1001; x_wconf 86' lang='lat' dir='ltr'>premissis,</span> <span class='ocrx_word' id='word_1_38' title='bbox 727 934 825 1000; x_wconf 89' lang='lat' dir='ltr'>snper</span> <span class='ocrx_word' id='word_1_39' title='bbox 849 915 968 998; x_wconf 91' lang='lat' dir='ltr'>quibus</span> <span class='ocrx_word' id='word_1_40' title='bbox 992 923 1080 982; x_wconf 86' lang='lat' dir='ltr'>tuam</span> <span class='ocrx_word' id='word_1_41' title='bbox 1106 913 1302 980; x_wconf 89' lang='lat' dir='ltr'>intendimus</span> <span class='ocrx_word' id='word_1_42' title='bbox 1329 914 1482 981; x_wconf 89' lang='lat' dir='ltr'>conscien-</span> 
     </span>
     <span class='ocr_line' id='line_1_7' title="bbox 371 995 1558 1112; baseline -0.001 -26"><span class='ocrx_word' id='word_1_43' title='bbox 371 1021 449 1086; x_wconf 88' lang='lat' dir='ltr'>tiam</span> <span class='ocrx_word' id='word_1_44' title='bbox 465 1040 610 1101; x_wconf 90' lang='lat' dir='ltr'>onerare,</span> <span class='ocrx_word' id='word_1_45' title='bbox 627 1042 697 1088; x_wconf 92' lang='lat' dir='ltr'>cum</span> <span class='ocrx_word' id='word_1_46' title='bbox 709 1022 842 1106; x_wconf 85' lang='lat' dir='ltr'>prefatis</span> <span class='ocrx_word' id='word_1_47' title='bbox 853 1024 1055 1107; x_wconf 83' lang='lat' dir='ltr'>Drusingoni</span> <span class='ocrx_word' id='word_1_48' title='bbox 1071 1030 1103 1089; x_wconf 93' lang='lat' dir='ltr'>et</span> <span class='ocrx_word' id='word_1_49' title='bbox 1119 1023 1239 1108; x_wconf 61' lang='lat' dir='ltr'>(lorche,</span> <span class='ocrx_word' id='word_1_50' title='bbox 1260 1021 1348 1104; x_wconf 91' lang='lat' dir='ltr'>quod</span> <span class='ocrx_word' id='word_1_51' title='bbox 1360 1019 1482 1107; x_wconf 89' lang='lat' dir='ltr'>impedi·</span> <span class='ocrx_word' id='word_1_52' title='bbox 1555 995 1558 1112; x_wconf 58' lang='lat' dir='ltr'>l</span> 
     </span>
     <span class='ocr_line' id='line_1_8' title="bbox 372 1129 1483 1214; baseline -0.001 -21"><span class='ocrx_word' id='word_1_53' title='bbox 372 1135 479 1194; x_wconf 89' lang='lat' dir='ltr'>mento</span> <span class='ocrx_word' id='word_1_54' title='bbox 494 1129 762 1213; x_wconf 83' lang='lat' dir='ltr'>consaguinitatis</span> <span class='ocrx_word' id='word_1_55' title='bbox 779 1130 965 1197; x_wconf 90' lang='lat' dir='ltr'>huiusmodi</span> <span class='ocrx_word' id='word_1_56' title='bbox 980 1150 1046 1196; x_wconf 90' lang='lat' dir='ltr'>nou</span> <span class='ocrx_word' id='word_1_57' title='bbox 1064 1133 1201 1198; x_wconf 88' lang='lat' dir='ltr'>obsante</span> <span class='ocrx_word' id='word_1_58' title='bbox 1216 1129 1345 1214; x_wconf 79' lang='lat' dir='ltr'>possint</span> <span class='ocrx_word' id='word_1_59' title='bbox 1360 1130 1394 1194; x_wconf 93' lang='lat' dir='ltr'>in</span> <span class='ocrx_word' id='word_1_60' title='bbox 1410 1129 1483 1194; x_wconf 90' lang='lat' dir='ltr'>dioto</span> 
     </span>
     <span class='ocr_line' id='line_1_9' title="bbox 372 1235 1483 1323; baseline -0.001 -23"><span class='ocrx_word' id='word_1_61' title='bbox 372 1235 575 1301; x_wconf 89' lang='lat' dir='ltr'>matrimonio</span> <span class='ocrx_word' id='word_1_62' title='bbox 589 1236 677 1302; x_wconf 88' lang='lat' dir='ltr'>licito</span> <span class='ocrx_word' id='word_1_63' title='bbox 692 1255 869 1322; x_wconf 84' lang='lat' dir='ltr'>remanere,</span> <span class='ocrx_word' id='word_1_64' title='bbox 885 1239 1079 1304; x_wconf 87' lang='lat' dir='ltr'>auctoritate</span> <span class='ocrx_word' id='word_1_65' title='bbox 1098 1245 1211 1303; x_wconf 86' lang='lat' dir='ltr'>nostra</span> <span class='ocrx_word' id='word_1_66' title='bbox 1227 1235 1408 1323; x_wconf 72' lang='lat' dir='ltr'>dispenset,</span> <span class='ocrx_word' id='word_1_67' title='bbox 1424 1255 1483 1321; x_wconf 94' lang='lat' dir='ltr'>pro·</span> 
     </span>
     <span class='ocr_line' id='line_1_10' title="bbox 373 1342 1483 1430; baseline 0 -24"><span class='ocrx_word' id='word_1_68' title='bbox 373 1343 438 1408; x_wconf 88' lang='lat' dir='ltr'>lem</span> <span class='ocrx_word' id='word_1_69' title='bbox 456 1349 636 1428; x_wconf 88' lang='lat' dir='ltr'>susceptam</span> <span class='ocrx_word' id='word_1_70' title='bbox 653 1351 685 1410; x_wconf 86' lang='lat' dir='ltr'>et</span> <span class='ocrx_word' id='word_1_71' title='bbox 709 1343 949 1430; x_wconf 88' lang='lat' dir='ltr'>suscipiendam</span> <span class='ocrx_word' id='word_1_72' title='bbox 966 1364 1006 1410; x_wconf 85' lang='lat' dir='ltr'>cx</span> <span class='ocrx_word' id='word_1_73' title='bbox 1032 1344 1081 1410; x_wconf 88' lang='lat' dir='ltr'>eis</span> <span class='ocrx_word' id='word_1_74' title='bbox 1106 1342 1279 1428; x_wconf 79' lang='lat' dir='ltr'>ligitimam</span> <span class='ocrx_word' id='word_1_75' title='bbox 1305 1342 1483 1410; x_wconf 88' lang='lat' dir='ltr'>nuntiando.</span> 
     </span>
     <span class='ocr_line' id='line_1_11' title="bbox 372 1448 1483 1537; baseline 0.001 -25"><span class='ocrx_word' id='word_1_76' title='bbox 372 1449 493 1513; x_wconf 90' lang='lat' dir='ltr'>Datum</span> <span class='ocrx_word' id='word_1_77' title='bbox 508 1448 595 1532; x_wconf 88' lang='lat' dir='ltr'>apud</span> <span class='ocrx_word' id='word_1_78' title='bbox 610 1449 872 1518; x_wconf 85' lang='lat' dir='ltr'>Urbemvetcrem</span> <span class='ocrx_word' id='word_1_79' title='bbox 890 1450 961 1517; x_wconf 89' lang='lat' dir='ltr'>Vll.</span> <span class='ocrx_word' id='word_1_80' title='bbox 973 1449 1134 1517; x_wconf 86' lang='lat' dir='ltr'>kalendas</span> <span class='ocrx_word' id='word_1_81' title='bbox 1143 1450 1275 1537; x_wconf 86' lang='lat' dir='ltr'>Aprilis,</span> <span class='ocrx_word' id='word_1_82' title='bbox 1285 1451 1483 1518; x_wconf 86' lang='lat' dir='ltr'>Pontificatns</span> 
     </span>
     <span class='ocr_line' id='line_1_12' title="bbox 373 1556 718 1642; baseline 0.006 -24"><span class='ocrx_word' id='word_1_83' title='bbox 373 1556 475 1622; x_wconf 87' lang='lat' dir='ltr'>nostri</span> <span class='ocrx_word' id='word_1_84' title='bbox 492 1576 578 1622; x_wconf 86' lang='lat' dir='ltr'>anno</span> <span class='ocrx_word' id='word_1_85' title='bbox 594 1564 718 1642; x_wconf 90' lang='lat' dir='ltr'>quarto.</span> 
     </span>
    </p>
   </div>
   <div class='ocr_carea' id='block_1_3' title="bbox 374 1717 1484 1876">
    <p class='ocr_par' dir='ltr' id='par_1_3' title="bbox 374 1717 1484 1876">
     <span class='ocr_line' id='line_1_13' title="bbox 374 1717 1484 1780; baseline 0.001 -15"><span class='ocrx_word' id='word_1_86' title='bbox 374 1717 508 1780; x_wconf 85' lang='lat' dir='ltr'>(Thciner,</span> <span class='ocrx_word' id='word_1_87' title='bbox 535 1718 636 1770; x_wconf 87' lang='lat' dir='ltr'>Vetera</span> <span class='ocrx_word' id='word_1_88' title='bbox 658 1719 833 1770; x_wconf 77' lang='lat' dir='ltr'>Monumenta</span> <span class='ocrx_word' id='word_1_89' title='bbox 856 1719 1000 1771; x_wconf 83' lang='lat' dir='ltr'>Slavorum</span> <span class='ocrx_word' id='word_1_90' title='bbox 1023 1721 1241 1773; x_wconf 84' lang='lat' dir='ltr'>Meridionalinm</span> <span class='ocrx_word' id='word_1_91' title='bbox 1266 1721 1408 1772; x_wconf 71' lang='lat' dir='ltr'>historiam</span> <span class='ocrx_word' id='word_1_92' title='bbox 1432 1717 1484 1768; x_wconf 89' lang='lat' dir='ltr'>illu-</span> 
     </span>
     <span class='ocr_line' id='line_1_14' title="bbox 814 1808 1055 1876; baseline -0.008 -16"><span class='ocrx_word' id='word_1_93' title='bbox 814 1812 937 1860; x_wconf 83' lang='lat' dir='ltr'>strantia.</span> <span class='ocrx_word' id='word_1_94' title='bbox 952 1811 1011 1860; x_wconf 87' lang='grc'>110.</span> <span class='ocrx_word' id='word_1_95' title='bbox 1025 1808 1055 1876; x_wconf 92' lang='lat' dir='ltr'>l.)</span> 
     </span>
    </p>
   </div>
   <div class='ocr_carea' id='block_1_4' title="bbox 830 2039 1040 2050">
    <p class='ocr_par' dir='ltr' id='par_1_4' title="bbox 830 2039 1040 2050">
     <span class='ocr_line' id='line_1_15' title="bbox 830 2039 1040 2050; baseline 0 -2"><span class='ocrx_word' id='word_1_96' title='bbox 830 2039 1018 2050; x_wconf 43' lang='lat' dir='ltr'><em>m-..--....</em></span> <span class='ocrx_word' id='word_1_97' title='bbox 1028 2041 1040 2048; x_wconf 88' lang='grc'>-.</span> 
     </span>
    </p>
   </div>
   <div class='ocr_carea' id='block_1_5' title="bbox 920 2481 974 2549">
    <p class='ocr_par' dir='ltr' id='par_1_5' title="bbox 920 2481 974 2549">
     <span class='ocr_line' id='line_1_16' title="bbox 920 2481 974 2549; baseline -0.019 0"><span class='ocrx_word' id='word_1_98' title='bbox 920 2481 974 2549; x_wconf 81' lang='grc'>33.</span> 
     </span>
    </p>
   </div>
   <div class='ocr_carea' id='block_1_6' title="bbox 372 2642 1492 2843">
    <p class='ocr_par' dir='ltr' id='par_1_6' title="bbox 372 2642 1492 2843">
     <span class='ocr_line' id='line_1_17' title="bbox 372 2642 1492 2734; baseline 0.003 -28"><span class='ocrx_word' id='word_1_99' title='bbox 372 2642 435 2708; x_wconf 86' lang='lat' dir='ltr'>IV.</span> <span class='ocrx_word' id='word_1_100' title='bbox 453 2643 571 2710; x_wconf 68' lang='lat' dir='ltr'>Miletos</span> <span class='ocrx_word' id='word_1_101' title='bbox 581 2645 744 2729; x_wconf 76' lang='lat' dir='ltr'>pdpdouk</span> <span class='ocrx_word' id='word_1_102' title='bbox 760 2645 811 2710; x_wconf 70' lang='lat' dir='ltr'>leot</span> <span class='ocrx_word' id='word_1_103' title='bbox 827 2646 955 2712; x_wconf 74' lang='lat' dir='ltr'>absurdi</span> <span class='ocrx_word' id='word_1_104' title='bbox 971 2645 1124 2730; x_wconf 71' lang='lat' dir='ltr'>(adsueui</span> <span class='ocrx_word' id='word_1_105' title='bbox 1139 2669 1224 2734; x_wconf 71' lang='lat' dir='ltr'>capp</span> <span class='ocrx_word' id='word_1_106' title='bbox 1249 2649 1422 2734; x_wconf 63' lang='lat' dir='ltr'>ausas-iat)</span> <span class='ocrx_word' id='word_1_107' title='bbox 1447 2647 1492 2710; x_wconf 85' lang='lat' dir='ltr'>lu·</span> 
     </span>
     <span class='ocr_line' id='line_1_18' title="bbox 480 2752 1388 2843; baseline 0.002 -27"><span class='ocrx_word' id='word_1_108' title='bbox 480 2753 534 2817; x_wconf 76' lang='lat' dir='ltr'>loos</span> <span class='ocrx_word' id='word_1_109' title='bbox 549 2752 638 2818; x_wconf 72' lang='lat' dir='ltr'>tecti</span> <span class='ocrx_word' id='word_1_110' title='bbox 663 2755 853 2840; x_wconf 77' lang='lat' dir='ltr'>lustauasdpot</span> <span class='ocrx_word' id='word_1_111' title='bbox 868 2755 1271 2843; x_wconf 72' lang='lat' dir='ltr'>tdrqpazofelmcutve&#39;cye.</span> <span class='ocrx_word' id='word_1_112' title='bbox 1290 2757 1388 2822; x_wconf 85' lang='lat'><em>1291.</em></span> 
     </span>
    </p>
   </div>
   <div class='ocr_carea' id='block_1_7' title="bbox 369 2929 1558 4200">
    <p class='ocr_par' dir='ltr' id='par_1_7' title="bbox 369 2929 1558 4212">
     <span class='ocr_line' id='line_1_19' title="bbox 479 2929 1489 3018; baseline 0.002 -24"><span class='ocrx_word' id='word_1_113' title='bbox 479 2929 635 2997; x_wconf 86' lang='lat' dir='ltr'>Nicolaus</span> <span class='ocrx_word' id='word_1_114' title='bbox 667 2931 849 3018; x_wconf 84' lang='lat' dir='ltr'>Episcopus</span> <span class='ocrx_word' id='word_1_115' title='bbox 879 2951 993 3000; x_wconf 82' lang='lat' dir='ltr'>servus</span> <span class='ocrx_word' id='word_1_116' title='bbox 1023 2952 1187 3001; x_wconf 86' lang='lat' dir='ltr'>servorum</span> <span class='ocrx_word' id='word_1_117' title='bbox 1219 2933 1280 3000; x_wconf 90' lang='lat' dir='ltr'>Dei</span> <span class='ocrx_word' id='word_1_118' title='bbox 1310 2932 1489 3001; x_wconf 83' lang='lat' dir='ltr'>venerabili</span> 
     </span>
     <span class='ocr_line' id='line_1_20' title="bbox 373 3036 1493 3127; baseline 0.002 -25"><span class='ocrx_word' id='word_1_119' title='bbox 373 3036 467 3104; x_wconf 83' lang='lat' dir='ltr'>fratri</span> <span class='ocrx_word' id='word_1_120' title='bbox 484 3086 492 3102; x_wconf 92' lang='lat'><strong>.</strong></span> <span class='ocrx_word' id='word_1_121' title='bbox 510 3085 518 3102; x_wconf 92' lang='lat'><strong>.</strong></span> <span class='ocrx_word' id='word_1_122' title='bbox 537 3085 544 3102; x_wconf 94' lang='lat'><strong>.</strong></span> <span class='ocrx_word' id='word_1_123' title='bbox 561 3038 721 3124; x_wconf 80' lang='lat' dir='ltr'>Episcopo</span> <span class='ocrx_word' id='word_1_124' title='bbox 737 3041 926 3127; x_wconf 88' lang='lat' dir='ltr'>Ausarensi,</span> <span class='ocrx_word' id='word_1_125' title='bbox 944 3042 1130 3108; x_wconf 88' lang='lat' dir='ltr'>salutemet</span> <span class='ocrx_word' id='word_1_126' title='bbox 1154 3041 1377 3126; x_wconf 82' lang='lat' dir='ltr'>Apostolicam</span> <span class='ocrx_word' id='word_1_127' title='bbox 1401 3040 1493 3106; x_wconf 88' lang='lat' dir='ltr'>bene·</span> 
     </span>
     <span class='ocr_line' id='line_1_21' title="bbox 372 3143 1497 3237; baseline 0 -27"><span class='ocrx_word' id='word_1_128' title='bbox 372 3143 554 3210; x_wconf 90' lang='lat' dir='ltr'>dictionem.</span> <span class='ocrx_word' id='word_1_129' title='bbox 571 3143 689 3210; x_wconf 87' lang='lat' dir='ltr'>Potitio</span> <span class='ocrx_word' id='word_1_130' title='bbox 705 3145 817 3212; x_wconf 88' lang='lat' dir='ltr'>dilecti</span> <span class='ocrx_word' id='word_1_131' title='bbox 833 3145 892 3212; x_wconf 92' lang='lat' dir='ltr'>filii</span> <span class='ocrx_word' id='word_1_132' title='bbox 909 3147 1032 3214; x_wconf 85' lang='lat' dir='ltr'>Mathei</span> <span class='ocrx_word' id='word_1_133' title='bbox 1049 3148 1213 3230; x_wconf 87' lang='lat' dir='ltr'>quondam</span> <span class='ocrx_word' id='word_1_134' title='bbox 1224 3146 1319 3237; x_wconf 67' lang='lat' dir='ltr'>sudi,</span> <span class='ocrx_word' id='word_1_135' title='bbox 1338 3155 1371 3214; x_wconf 88' lang='lat' dir='ltr'>et</span> <span class='ocrx_word' id='word_1_136' title='bbox 1379 3145 1497 3213; x_wconf 85' lang='lat' dir='ltr'>dilecte</span> 
     </span>
     <span class='ocr_line' id='line_1_22' title="bbox 370 3250 1495 3339; baseline 0.002 -24"><span class='ocrx_word' id='word_1_137' title='bbox 370 3251 405 3316; x_wconf 91' lang='lat' dir='ltr'>in</span> <span class='ocrx_word' id='word_1_138' title='bbox 421 3250 547 3318; x_wconf 78' lang='lat' dir='ltr'>Christo</span> <span class='ocrx_word' id='word_1_139' title='bbox 562 3251 629 3316; x_wconf 91' lang='lat' dir='ltr'>filie</span> <span class='ocrx_word' id='word_1_140' title='bbox 646 3253 756 3335; x_wconf 86' lang='lat' dir='ltr'>Drage</span> <span class='ocrx_word' id='word_1_141' title='bbox 771 3259 847 3318; x_wconf 91' lang='lat' dir='ltr'>nate</span> <span class='ocrx_word' id='word_1_142' title='bbox 862 3254 1027 3337; x_wconf 89' lang='lat' dir='ltr'>quondam</span> <span class='ocrx_word' id='word_1_143' title='bbox 1043 3253 1182 3339; x_wconf 87' lang='lat' dir='ltr'>Andree,</span> <span class='ocrx_word' id='word_1_144' title='bbox 1200 3254 1318 3320; x_wconf 87' lang='lat' dir='ltr'>civium</span> <span class='ocrx_word' id='word_1_145' title='bbox 1334 3254 1495 3320; x_wconf 88' lang='lat' dir='ltr'>Ausaren·</span> 
     </span>
     <span class='ocr_line' id='line_1_23' title="bbox 372 3358 1558 3462; baseline -0.001 -37"><span class='ocrx_word' id='word_1_146' title='bbox 372 3358 466 3442; x_wconf 86' lang='lat' dir='ltr'>sium,</span> <span class='ocrx_word' id='word_1_147' title='bbox 483 3358 576 3424; x_wconf 89' lang='lat' dir='ltr'>nobis</span> <span class='ocrx_word' id='word_1_148' title='bbox 592 3359 741 3443; x_wconf 82' lang='lat' dir='ltr'>exposita</span> <span class='ocrx_word' id='word_1_149' title='bbox 766 3361 962 3446; x_wconf 85' lang='lat' dir='ltr'>continebat,</span> <span class='ocrx_word' id='word_1_150' title='bbox 990 3362 1075 3446; x_wconf 88' lang='lat' dir='ltr'>quod</span> <span class='ocrx_word' id='word_1_151' title='bbox 1092 3361 1154 3448; x_wconf 91' lang='lat' dir='ltr'>ipsi</span> <span class='ocrx_word' id='word_1_152' title='bbox 1170 3362 1247 3428; x_wconf 92' lang='lat' dir='ltr'>olim</span> <span class='ocrx_word' id='word_1_153' title='bbox 1264 3359 1382 3446; x_wconf 82' lang='lat' dir='ltr'>ignari,</span> <span class='ocrx_word' id='word_1_154' title='bbox 1408 3361 1494 3444; x_wconf 87' lang='lat' dir='ltr'>quod</span> <span class='ocrx_word' id='word_1_155' title='bbox 1557 3373 1558 3462; x_wconf 59' lang='lat' dir='ltr'>l</span> 
     </span>
     <span class='ocr_line' id='line_1_24' title="bbox 371 3465 1558 3556; baseline 0.001 -26"><span class='ocrx_word' id='word_1_156' title='bbox 371 3465 484 3547; x_wconf 88' lang='lat' dir='ltr'>aliqua</span> <span class='ocrx_word' id='word_1_157' title='bbox 500 3471 587 3530; x_wconf 86' lang='lat' dir='ltr'>esset</span> <span class='ocrx_word' id='word_1_158' title='bbox 603 3467 871 3552; x_wconf 74' lang='lat' dir='ltr'>consanguini‘as</span> <span class='ocrx_word' id='word_1_159' title='bbox 895 3469 979 3536; x_wconf 88' lang='lat' dir='ltr'>inter</span> <span class='ocrx_word' id='word_1_160' title='bbox 1005 3488 1071 3556; x_wconf 87' lang='lat' dir='ltr'>eos,</span> <span class='ocrx_word' id='word_1_161' title='bbox 1089 3489 1151 3555; x_wconf 90' lang='lat' dir='ltr'>quc</span> <span class='ocrx_word' id='word_1_162' title='bbox 1175 3467 1414 3538; x_wconf 81' lang='lat' dir='ltr'>matrimonium</span> <span class='ocrx_word' id='word_1_163' title='bbox 1444 3467 1498 3531; x_wconf 91' lang='lat' dir='ltr'>im·</span> <span class='ocrx_word' id='word_1_164' title='bbox 1557 3465 1558 3554; x_wconf 70' lang='lat' dir='ltr'>l</span> 
     </span>
     <span class='ocr_line' id='line_1_25' title="bbox 371 3569 1497 3656; baseline 0.005 -21"><span class='ocrx_word' id='word_1_165' title='bbox 371 3569 506 3656; x_wconf 84' lang='lat' dir='ltr'>pediret,</span> <span class='ocrx_word' id='word_1_166' title='bbox 523 3573 654 3653; x_wconf 88' lang='lat' dir='ltr'>publice</span> <span class='ocrx_word' id='word_1_167' title='bbox 670 3575 702 3638; x_wconf 94' lang='lat' dir='ltr'>in</span> <span class='ocrx_word' id='word_1_168' title='bbox 719 3575 803 3641; x_wconf 82' lang='lat' dir='ltr'>facie</span> <span class='ocrx_word' id='word_1_169' title='bbox 828 3577 974 3643; x_wconf 82' lang='lat' dir='ltr'>Ecclesia</span> <span class='ocrx_word' id='word_1_170' title='bbox 998 3577 1239 3643; x_wconf 82' lang='lat' dir='ltr'>matrimonium</span> <span class='ocrx_word' id='word_1_171' title='bbox 1265 3575 1398 3642; x_wconf 87' lang='lat' dir='ltr'>insimul</span> <span class='ocrx_word' id='word_1_172' title='bbox 1426 3596 1497 3643; x_wconf 93' lang='lat' dir='ltr'>con·</span> 
     </span>
     <span class='ocr_line' id='line_1_26' title="bbox 371 3682 1492 3773; baseline 0.008 -33"><span class='ocrx_word' id='word_1_173' title='bbox 371 3683 546 3763; x_wconf 83' lang='lat' dir='ltr'>traxerunt,</span> <span class='ocrx_word' id='word_1_174' title='bbox 563 3685 594 3746; x_wconf 89' lang='lat' dir='ltr'>et</span> <span class='ocrx_word' id='word_1_175' title='bbox 610 3682 736 3747; x_wconf 87' lang='lat' dir='ltr'>carnali</span> <span class='ocrx_word' id='word_1_176' title='bbox 753 3682 885 3773; x_wconf 85' lang='lat' dir='ltr'>tandem</span> <span class='ocrx_word' id='word_1_177' title='bbox 901 3683 987 3749; x_wconf 87' lang='lat' dir='ltr'>iuter</span> <span class='ocrx_word' id='word_1_178' title='bbox 1003 3685 1194 3769; x_wconf 83' lang='lat' dir='ltr'>eoscopula</span> <span class='ocrx_word' id='word_1_179' title='bbox 1219 3686 1391 3751; x_wconf 89' lang='lat' dir='ltr'>subsecuta</span> <span class='ocrx_word' id='word_1_180' title='bbox 1418 3704 1492 3768; x_wconf 91' lang='lat' dir='ltr'>pro·</span> 
     </span>
     <span class='ocr_line' id='line_1_27' title="bbox 369 3785 1558 3875; baseline 0.005 -25"><span class='ocrx_word' id='word_1_181' title='bbox 369 3786 432 3851; x_wconf 92' lang='lat' dir='ltr'>lem</span> <span class='ocrx_word' id='word_1_182' title='bbox 460 3785 557 3852; x_wconf 86' lang='lat' dir='ltr'>etiam</span> <span class='ocrx_word' id='word_1_183' title='bbox 583 3799 803 3870; x_wconf 84' lang='lat' dir='ltr'>procrearunt.</span> <span class='ocrx_word' id='word_1_184' title='bbox 830 3791 948 3857; x_wconf 86' lang='lat' dir='ltr'>Verum</span> <span class='ocrx_word' id='word_1_185' title='bbox 973 3791 1052 3874; x_wconf 89' lang='lat' dir='ltr'>quia</span> <span class='ocrx_word' id='word_1_186' title='bbox 1078 3789 1283 3875; x_wconf 85' lang='lat' dir='ltr'>postmodum</span> <span class='ocrx_word' id='word_1_187' title='bbox 1310 3789 1354 3854; x_wconf 88' lang='lat' dir='ltr'>ad</span> <span class='ocrx_word' id='word_1_188' title='bbox 1380 3811 1494 3858; x_wconf 90' lang='lat' dir='ltr'>eorum</span> <span class='ocrx_word' id='word_1_189' title='bbox 1557 3791 1558 3868; x_wconf 82' lang='lat' dir='ltr'>l</span> 
     </span>
     <span class='ocr_line' id='line_1_28' title="bbox 370 3893 1498 3982; baseline 0.005 -22"><span class='ocrx_word' id='word_1_190' title='bbox 370 3893 518 3976; x_wconf 81' lang='lat' dir='ltr'>peruenit</span> <span class='ocrx_word' id='word_1_191' title='bbox 534 3895 694 3982; x_wconf 86' lang='lat' dir='ltr'>notitiam,</span> <span class='ocrx_word' id='word_1_192' title='bbox 717 3896 803 3980; x_wconf 93' lang='lat' dir='ltr'>quod</span> <span class='ocrx_word' id='word_1_193' title='bbox 813 3904 928 3980; x_wconf 88' lang='lat' dir='ltr'>quarto</span> <span class='ocrx_word' id='word_1_194' title='bbox 938 3897 1234 3982; x_wconf 82' lang='lat' dir='ltr'>consanguinitatis</span> <span class='ocrx_word' id='word_1_195' title='bbox 1259 3898 1363 3981; x_wconf 86' lang='lat' dir='ltr'>gradu</span> <span class='ocrx_word' id='word_1_196' title='bbox 1388 3898 1436 3964; x_wconf 90' lang='lat' dir='ltr'>ad</span> <span class='ocrx_word' id='word_1_197' title='bbox 1452 3899 1498 3966; x_wconf 94' lang='lat' dir='ltr'>in·</span> 
     </span>
     <span class='ocr_line' id='line_1_29' title="bbox 370 3997 1558 4090; baseline 0.006 -24"><span class='ocrx_word' id='word_1_198' title='bbox 370 4001 472 4066; x_wconf 88' lang='lat' dir='ltr'>vicem</span> <span class='ocrx_word' id='word_1_199' title='bbox 482 4021 517 4068; x_wconf 91' lang='lat' dir='ltr'>se</span> <span class='ocrx_word' id='word_1_200' title='bbox 528 4003 726 4089; x_wconf 84' lang='lat' dir='ltr'>contingunt,</span> <span class='ocrx_word' id='word_1_201' title='bbox 737 4005 800 4089; x_wconf 89' lang='lat' dir='ltr'>ipsi</span> <span class='ocrx_word' id='word_1_202' title='bbox 816 4025 912 4089; x_wconf 88' lang='lat' dir='ltr'>super</span> <span class='ocrx_word' id='word_1_203' title='bbox 922 4005 982 4072; x_wconf 90' lang='lat' dir='ltr'>hoc</span> <span class='ocrx_word' id='word_1_204' title='bbox 998 4006 1185 4090; x_wconf 87' lang='lat' dir='ltr'>Apostolioe</span> <span class='ocrx_word' id='word_1_205' title='bbox 1200 4003 1293 4072; x_wconf 85' lang='lat' dir='ltr'>Sedis</span> <span class='ocrx_word' id='word_1_206' title='bbox 1309 4005 1496 4072; x_wconf 87' lang='lat' dir='ltr'>misericor·</span> <span class='ocrx_word' id='word_1_207' title='bbox 1557 3997 1558 4090; x_wconf 57' lang='lat' dir='ltr'>l</span> 
     </span>
     <span class='ocr_line' id='line_1_30' title="bbox 369 4106 1496 4200; baseline 0.007 -30"><span class='ocrx_word' id='word_1_208' title='bbox 369 4106 456 4173; x_wconf 91' lang='lat' dir='ltr'>diam</span> <span class='ocrx_word' id='word_1_209' title='bbox 472 4107 689 4192; x_wconf 88' lang='lat' dir='ltr'>implorarunt</span> <span class='ocrx_word' id='word_1_210' title='bbox 705 4115 766 4178; x_wconf 88' lang='lat' dir='ltr'>stb.</span> <span class='ocrx_word' id='word_1_211' title='bbox 788 4111 823 4198; x_wconf 87' lang='lat' dir='ltr'>(a</span> <span class='ocrx_word' id='word_1_212' title='bbox 838 4113 926 4179; x_wconf 84' lang='lat' dir='ltr'>tobui</span> <span class='ocrx_word' id='word_1_213' title='bbox 946 4113 1027 4179; x_wconf 89' lang='lat' dir='ltr'>mint</span> <span class='ocrx_word' id='word_1_214' title='bbox 1048 4117 1100 4180; x_wconf 73' lang='lat'>32.</span> <span class='ocrx_word' id='word_1_215' title='bbox 1122 4133 1167 4179; x_wconf 87' lang='lat' dir='ltr'>sn.</span> <span class='ocrx_word' id='word_1_216' title='bbox 1188 4111 1246 4200; x_wconf 85' lang='lat' dir='ltr'>a).</span> <span class='ocrx_word' id='word_1_217' title='bbox 1262 4115 1383 4180; x_wconf 89' lang='lat' dir='ltr'>Datum</span> <span class='ocrx_word' id='word_1_218' title='bbox 1402 4113 1496 4196; x_wconf 89' lang='lat' dir='ltr'>apud</span> 
     </span>
    </p>
   </div>
   <div class='ocr_carea' id='block_1_8' title="bbox 370 4211 1558 4401">
    <p class='ocr_par' dir='ltr' id='par_1_8' title="bbox 370 4211 1558 4401">
     <span class='ocr_line' id='line_1_31' title="bbox 371 4211 1558 4308; baseline 0.012 -32"><span class='ocrx_word' id='word_1_219' title='bbox 371 4211 633 4283; x_wconf 83' lang='lat' dir='ltr'>Urbemvotercm</span> <span class='ocrx_word' id='word_1_220' title='bbox 647 4217 716 4286; x_wconf 91' lang='lat' dir='ltr'><strong>VII.</strong></span> <span class='ocrx_word' id='word_1_221' title='bbox 735 4219 895 4284; x_wconf 83' lang='lat' dir='ltr'>kalendas</span> <span class='ocrx_word' id='word_1_222' title='bbox 910 4219 1044 4306; x_wconf 84' lang='lat' dir='ltr'>Aprilis,</span> <span class='ocrx_word' id='word_1_223' title='bbox 1059 4221 1269 4288; x_wconf 85' lang='lat' dir='ltr'>Pontificatus</span> <span class='ocrx_word' id='word_1_224' title='bbox 1286 4223 1389 4302; x_wconf 86' lang='lat' dir='ltr'>nostri</span> <span class='ocrx_word' id='word_1_225' title='bbox 1406 4243 1499 4290; x_wconf 86' lang='lat' dir='ltr'>anno</span> <span class='ocrx_word' id='word_1_226' title='bbox 1557 4249 1558 4308; x_wconf 50' lang='lat' dir='ltr'>p</span> 
     </span>
     <span class='ocr_line' id='line_1_32' title="bbox 370 4325 493 4401; baseline 0.016 -16"><span class='ocrx_word' id='word_1_227' title='bbox 370 4325 493 4401; x_wconf 86' lang='lat' dir='ltr'>quarto.</span> 
     </span>
    </p>
   </div>
   <div class='ocr_carea' id='block_1_9' title="bbox 369 4457 1558 4650">
    <p class='ocr_par' dir='ltr' id='par_1_9' title="bbox 369 4457 1558 4650">
     <span class='ocr_line' id='line_1_33' title="bbox 369 4457 1558 4549; baseline 0.013 -17"><span class='ocrx_word' id='word_1_228' title='bbox 369 4469 504 4549; x_wconf 71' lang='lat' dir='ltr'>(Theium,</span> <span class='ocrx_word' id='word_1_229' title='bbox 517 4488 617 4541; x_wconf 78' lang='lat' dir='ltr'>Vetera</span> <span class='ocrx_word' id='word_1_230' title='bbox 628 4492 812 4542; x_wconf 85' lang='lat' dir='ltr'>Momumenta</span> <span class='ocrx_word' id='word_1_231' title='bbox 822 4489 964 4541; x_wconf 74' lang='lat' dir='ltr'>slavorum</span> <span class='ocrx_word' id='word_1_232' title='bbox 976 4491 1194 4544; x_wconf 75' lang='lat' dir='ltr'>Meridionclium</span> <span class='ocrx_word' id='word_1_233' title='bbox 1205 4491 1346 4543; x_wconf 81' lang='lat' dir='ltr'>historiam</span> <span class='ocrx_word' id='word_1_234' title='bbox 1359 4495 1507 4548; x_wconf 84' lang='lat' dir='ltr'>illustran·</span> <span class='ocrx_word' id='word_1_235' title='bbox 1557 4457 1558 4498; x_wconf 78' lang='lat'>3</span> 
     </span>
     <span class='ocr_line' id='line_1_34' title="bbox 799 4580 1071 4650; baseline 0.007 -20"><span class='ocrx_word' id='word_1_236' title='bbox 799 4582 838 4630; x_wconf 82' lang='lat' dir='ltr'>tia</span> <span class='ocrx_word' id='word_1_237' title='bbox 851 4581 873 4632; x_wconf 91' lang='lat'>1.</span> <span class='ocrx_word' id='word_1_238' title='bbox 887 4580 947 4632; x_wconf 70' lang='lat' dir='ltr'>leot.</span> <span class='ocrx_word' id='word_1_239' title='bbox 962 4582 1021 4632; x_wconf 89' lang='grc'><strong>110.</strong></span> <span class='ocrx_word' id='word_1_240' title='bbox 1037 4581 1071 4650; x_wconf 83' lang='lat' dir='ltr'>l.)</span> 
     </span>
    </p>
   </div>
   <div class='ocr_carea' id='block_1_10' title="bbox 824 4697 1038 4713">
    <p class='ocr_par' dir='ltr' id='par_1_10' title="bbox 824 4697 1038 4713">
     <span class='ocr_line' id='line_1_35' title="bbox 824 4697 1038 4713; baseline 0.014 -3"><span class='ocrx_word' id='word_1_241' title='bbox 824 4697 1038 4713; x_wconf 55' lang='lat' dir='ltr'>m-</span> 
     </span>
    </p>
   </div>
   <div class='ocr_carea' id='block_1_11' title="bbox 0 0 1570 5162">
    <p class='ocr_par' dir='ltr' id='par_1_11' title="bbox 0 0 1570 5162">
     <span class='ocr_line' id='line_1_36' title="bbox 0 0 1570 5162; baseline 0 0"><span class='ocrx_word' id='word_1_242' title='bbox 0 0 1570 5162; x_wconf 95' lang='lat' dir='ltr'> </span> 
     </span>
    </p>
   </div>
  </div>
 </body>
</html>
