3098 5172
730 983 808 1051 141.

193 1167 264 1232 111.
282 1167 395 1232 Eadre
410 1165 587 1252 kirctlpaak
600 1186 767 1250 paramese
783 1187 805 1228 a
814 1165 1013 1252 pdmodradi
1028 1163 1224 1253 konvemttez,
1248 1173 1333 1258 impp

188 1299 218 1340 ια
232 1277 337 1358 Mttop
351 1271 470 1360 Fitpsra
485 1274 653 1338 mesternek
662 1272 726 1355 fia,
743 1275 775 1340 ds
801 1271 919 1338 Kemen
944 1294 1043 1338 comes
1067 1273 1263 1341 Ldrineanek
1279 1277 1335 1360 fla

194 1383 284 1466 etat,
302 1354 408 1446 ’όυάνὶ
422 1379 555 1444 Korord
562 1380 728 1464 jonatho-n
744 1378 904 1444 eliodoetett
937 1379 1239 1447 taratmastadctsai
1264 1389 1333 1450 trir-

491 1489 617 1574 ppdbaa
634 1491 761 1573 tepyjon
778 1487 927 1574 jelentdet
944 1487 1042 1553 1296.

305 1641 455 1750 Andreas
465 1681 527 1748 Dei
537 1683 728 1766 graeiaRex
739 1682 908 1765 Hungarie
928 1679 1080 1751 fidelibus
1098 1681 1168 1748 suis
1188 1683 1336 1752 Censen

190 1791 245 1859 tui
271 1789 491 1875 Waradyensi
508 1790 646 1857 salntem
672 1789 870 1874 etgraoiam.
897 1787 1066 1856 Intimenit
1076 1789 1169 1856 nobis
1180 1791 1337 1876 Magiter

192 1899 376 1967 Gorrardus
392 1899 433 1964 de
458 1896 566 1985 Owar,
585 1899 671 1982 quod
697 1897 881 1984 Phylippus
897 1896 982 1963 tilius
1007 1896 1155 1982 Magistri
1171 1898 1229 1965 Ph.
1247 1901 1330 1969 duas

196 2007 296 2074 villas
321 2025 398 2073 suas
424 2005 577 2073 Kemund
602 2013 635 2071 et
660 2005 732 2072 Lok
759 2010 895 2072 uocatas
920 2002 1155 2094 destruxisset3
1179 2007 1257 2074 item
1273 2009 1336 2076 Ke-

197 2134 273 2180 men
289 2110 405 2182 Comes
421 2113 506 2180 iilius
524 2111 658 2180 Comitis
674 2112 843 2196 Laurenoij
863 2110 979 2178 villam
999 2131 1093 2180 suern
1109 2113 1188 2182 Jola
1203 2116 1333 2183 nomine

197 2221 427 2304 destruxisset3
445 2229 477 2288 et
491 2223 580 2288 taeta
598 2219 672 2306 ipsa
697 2219 918 2288 destrneoione
949 2220 1082 2288 eosdem
1113 2221 1155 2288 ad
1182 2231 1330 2292 nostram

194 2331 405 2397 Presenoiam
439 2327 572 2396 fecisset
603 2328 742 2395 euoeeri.
767 2327 873 2413 deem
899 2346 976 2393 vero
1012 2328 1166 2412 Magister
1200 2329 1259 2394 Ph.
1294 2339 1327 2398 et

199 2434 318 2502 Comes
339 2436 466 2501 Kemen
493 2454 557 2499 non
584 2433 738 2517 contenti,
764 2433 920 2518 Magister
946 2435 1005 2500 Ph.
1023 2435 1237 2504 villamsuam
1247 2437 1329 2505 Has-

199 2563 260 2627 sag
276 2551 431 2610 vocatam
448 2542 506 2608 lite
521 2543 684 2627 pendente
701 2542 933 2625 destruxisset;
950 2543 1076 2610 Kemen
1101 2564 1179 2610 vero
1206 2543 1332 2627 Comes,

199 2651 298 2718 viltas
315 2669 391 2717 suas
409 2650 574 2735 Pollione,
592 2644 701 2715 Greeh
717 2655 750 2716 et
766 2649 850 2715 duas
866 2649 966 2716 villas
983 2649 1066 2716 Cher
1092 2649 1242 2718 similiter
1267 2649 1337 2719 offi-

199 2759 300 2826 oieler
318 2760 370 2826 sni
387 2757 625 2826 destruxissent
642 2757 737 2824 bonis
754 2757 906 2825 omnibus
924 2757 1107 2842 spoliando.
1126 2757 1234 2836 Quare
1258 2757 1335 2827 tide·

199 2865 286 2935 litati
302 2872 411 2933 vestre
427 2865 639 2951 precipiendo
655 2866 864 2949 mandamus,
890 2874 1052 2948 qnatenus
1079 2866 1163 2933 detis
1189 2865 1334 2936 testimo·

197 2974 288 3041 nium
305 2981 459 3060 vestrum,
477 2993 585 3040 eoram
600 2990 664 3056 qno
679 2971 868 3040 Alexander
884 2972 926 3038 de
943 2973 1079 3057 Hozogd
1095 2973 1191 3040 homo
1218 2981 1332 3044 noster

194 3082 284 3150 sciat
300 3089 335 3149 et
348 3081 493 3166 inquirat
523 3101 620 3165 super
645 3081 815 3166 premissis
841 3080 1060 3146 omnimodam
1085 3081 1275 3164 veritatem
1301 3089 1336 3152 et

202 3189 287 3258 sieut
302 3190 397 3256 uobis
413 3189 533 3256 veritas
550 3187 741 3270 eonstiterit,
759 3184 798 3252 de
817 3185 972 3272 predictis
998 3186 1093 3254 nobis
1118 3186 1257 3254 fideliter
1282 3209 1334 3257 re·

195 3295 361 3364 seribatis.
376 3298 497 3364 Datum
512 3296 546 3362 in
561 3295 692 3362 Kedhel
708 3296 741 3361 in
757 3293 872 3378 vigilia
888 3292 1022 3381 Methey
1038 3295 1199 3381 Apostoli.

198 3489 412 3558 ‘tdpeesvtredi
436 3495 614 3547 kenrentnek
628 3493 742 3544 itte-ki
767 3497 905 3559 ugysnam
928 3490 1090 3544 tertalmazd
1110 3488 1293 3556 jelonrsstbol
1316 3507 1336 3546 ι

473 3581 547 3635 metr.
570 3578 595 3634 b.
620 3581 717 3648 Bevay
730 3578 824 3634 esaldd
842 3577 1053 3647 leveltdrtiban.)

669 3869 880 3880 -n—-u—-n——n
