3170 5166
806 277 967 380 -ass-

325 483 411 545 teme
428 473 564 543 Bachka
579 475 724 548 habebut
742 495 850 542 coram
867 475 962 543 nobis
970 527 980 562 ,
1010 494 1069 560 per
1088 473 1260 541 arbitrium
1276 471 1452 559 proborum

325 585 468 651 uirorum
484 586 525 651 de
541 592 653 652 nostra
668 583 884 670 permissione
915 585 949 649 in
966 583 1067 650 talem
1083 584 1177 670 pacis
1202 582 1338 648 formam
1356 601 1392 647 se
1408 578 1454 644 di-

324 698 444 759 xerunt
460 691 654 760 deuenisse:
678 692 765 774 quod
780 692 867 758 idem
885 693 998 759 Comes
1024 691 1137 757 Baeba
1160 691 1347 776 porcionem
1369 696 1454 754 terre

329 801 370 866 de
385 801 459 888 ipsa
476 809 563 868 terra
579 799 716 868 Baeblru
726 853 735 886 ,
767 821 866 886 quam
883 802 955 886 ipse
980 801 1096 868 Comes
1112 799 1270 866 Nicolaus
1285 799 1320 864 in
1337 796 1454 864 eadem

325 909 481 976 habuisse
498 910 748 994 dinoscebatur,
781 917 815 976 et
847 909 948 976 eciam
966 927 1059 975 suam
1083 907 1271 994 porcionem
1286 908 1453 991 propriam

326 1022 410 1082 terre
427 1016 468 1083 de
485 1015 609 1100 eudem,
626 1037 723 1100 quarn
739 1016 968 1084 exeollaeione
984 1018 1075 1082 Baan
1092 1015 1149 1100 filij
1166 1013 1329 1098 Garwasij
1349 1012 1455 1080 soceri

327 1124 377 1188 sni
395 1123 593 1208 possidebat,
611 1124 742 1207 reliquit
765 1124 871 1192 eidem
889 1123 1007 1190 Comiti
1023 1124 1162 1190 Nicolao
1178 1127 1333 1210 perpetuo
1351 1119 1455 1205 possi-

327 1229 454 1297 dendas
470 1251 508 1297 eo
523 1231 637 1316 modo;
662 1231 748 1316 quod
766 1253 826 1318 pro
851 1233 1005 1316 porcione
1035 1238 1121 1297 terre
1148 1230 1294 1297 eiusdem
1320 1227 1455 1294 Comitis

328 1337 440 1403 Baeba
456 1338 620 1424 predictus
638 1337 754 1408 Comes
765 1339 1033 1408 Nicolausvnam
1049 1338 1176 1425 peciam
1193 1337 1293 1422 panni
1310 1333 1456 1402 dedorni

328 1466 387 1530 pro
404 1446 506 1512 tribus
524 1448 642 1514 marcis
659 1455 691 1514 et
706 1449 831 1515 fertone
847 1449 880 1514 in
897 1448 1071 1531 quindenis
1086 1448 1291 1514 Pentecosten
1309 1443 1457 1528 proxime

330 1555 478 1620 uenturis
494 1554 573 1620 dare
591 1555 697 1620 eidem
716 1555 836 1622 Comiti
856 1555 978 1640 Baclra,
996 1562 1028 1622 et
1045 1561 1110 1622 tres
1125 1574 1253 1620 marcas
1268 1552 1300 1616 in
1318 1557 1457 1634 argento

329 1661 564 1728 mercimoniali
591 1663 698 1729 minus
730 1662 857 1731 fertone
872 1662 905 1728 in
939 1663 1067 1728 outauis
1083 1660 1276 1729 Natiuitatis
1292 1659 1390 1723 Beati
1405 1659 1456 1725 Jo-

329 1766 448 1833 banuis
472 1769 622 1854 baptiste
653 1769 779 1835 soluere
810 1770 973 1836 tenebitur
998 1790 1106 1836 coram
1123 1768 1276 1853 Capitale
1293 1767 1456 1849 Agriensi‚

329 1877 389 1939 tali
407 1895 491 1960 pena
507 1875 696 1961 interiecta,
723 1875 810 1962 quod
835 1878 863 1944 si
890 1879 1067 1961 quemlibet
1083 1877 1225 1962 ipsorum
1241 1875 1457 1940 terminorum

332 1983 564 2067 pretermiserit
581 1984 614 2048 in
632 1984 801 2068 soluendo,
829 1993 948 2052 entune
964 1985 1074 2070 porcio
1090 1989 1174 2050 terre
1190 1981 1335 2048 eiusdem
1353 1981 1457 2048 Comi-

331 2089 374 2155 tis
392 2090 502 2156 Bacha
518 2092 582 2157 sibi
597 2093 661 2177 ipsi
687 2092 868 2159 remanebit
893 2099 1049 2178 perpetuo
1065 2087 1281 2176 possidenda,
1306 2107 1367 2154 neo
1383 2108 1456 2174 pre·

332 2196 421 2264 satus
439 2197 555 2266 Comes
569 2199 725 2266 Nicotaus
742 2221 840 2286 super
855 2201 929 2285 ipsa
948 2200 1102 2285 porcione
1127 2205 1214 2264 terre
1229 2198 1336 2283 ipsum
1353 2194 1457 2261 (lomi-
1575 2187 1576 2248 l

332 2311 397 2368 tem
413 2306 557 2372 Baeham
574 2307 615 2374 de
631 2313 736 2376 cetero
748 2311 868 2394 poterit
878 2309 1061 2374 molestare.
1071 2305 1269 2375 Pretereain
1285 2304 1339 2371 die
1355 2305 1460 2391 prime

333 2411 508 2480 solucionis
526 2415 633 2482 dietus
650 2413 765 2484 Comes
782 2417 894 2482 Baeha
911 2415 1120 2501 priuilegium
1136 2413 1353 2498 Vieepalatini
1369 2411 1460 2479 Bude

333 2517 504 2586 residentis
521 2528 552 2587 et
570 2520 712 2608 Capituli
743 2523 938 2610 Agriensis,
970 2523 1088 2607 quibus
1113 2519 1333 2588 mediantibus
1349 2521 1461 2605 porcio

333 2633 417 2694 terre
449 2630 553 2713 ipsius
569 2631 703 2698 Comitis
719 2631 848 2698 Nicolai
876 2631 916 2697 de
942 2631 1079 2698 Bachka
1105 2631 1148 2697 ad
1179 2629 1284 2715 ipsum
1302 2628 1463 2696 deuolute

334 2733 449 2822 tuerat,
465 2745 498 2804 et
514 2741 685 2806 uniuersas
701 2740 828 2808 litteras
851 2761 948 2826 super
973 2741 1050 2825 ipsa
1066 2759 1165 2805 causa
1179 2757 1364 2825 processus,
1379 2743 1412 2803 et
1428 2737 1461 2802 in

334 2843 386 2907 die
397 2845 508 2913 vltime
518 2847 698 2913 solucionis
716 2847 923 2932 priuilegium
933 2847 1031 2932 Regis
1047 2847 1105 2932 St,
1116 2865 1179 2930 quo
1195 2845 1363 2912 mediante
1372 2845 1463 2910 idem
1574 2829 1575 2852 ¹

335 2949 449 3019 Comes
466 2953 577 3020 Baeha
593 2955 778 3040 porcionem
793 2960 879 3023 terre
894 2975 951 3021 sue
967 2954 1007 3022 de
1023 2953 1135 3020 eadem
1145 2950 1347 3041 possidebat,
1363 2951 1465 3020 debet

334 3058 469 3128 reddere
486 3081 595 3128 coram
607 3061 718 3128 eodem
729 3063 879 3148 Capitale
894 3061 1048 3147 Agriensi
1060 3060 1177 3128 Comiti
1193 3061 1331 3128 Nicolao
1348 3081 1462 3148 supra·

334 3169 430 3254 dicto,
449 3177 481 3237 et
496 3171 669 3258 priuilegio
680 3171 824 3238 eiusdem
841 3171 984 3256 Capituli
1001 3169 1255 3254 resignationem
1272 3169 1465 3256 porcienum

334 3277 479 3361 ipsarum
495 3285 652 3346 terrarum
669 3279 775 3346 cidem
793 3279 909 3344 Oomiti
925 3277 1065 3344 Nicolao
1089 3277 1289 3344 confirmare.
1310 3277 1466 3346 Nostan-

335 3405 432 3467 quam
459 3385 602 3472 Judieem
635 3391 669 3455 in
703 3395 768 3453 toto
799 3385 965 3472 predictus
997 3383 1112 3453 Comes
1128 3387 1294 3472 Nycolaus
1325 3387 1466 3472 placare

334 3493 519 3578 assumpsit.
537 3494 607 3559 Nec
623 3493 683 3559 hoc
699 3493 963 3579 pretermittimus
974 3515 982 3577 ;
995 3491 1120 3577 quodsi
1138 3512 1220 3576 quas
1235 3493 1363 3560 litteras
1373 3493 1467 3560 idem

335 3598 451 3666 Comes
468 3599 579 3666 Bacha
595 3601 768 3687 superhoc
793 3601 881 3670 facto
908 3601 941 3668 in
967 3601 1115 3668 fraudem
1139 3607 1340 3688 reseruaret,
1367 3622 1469 3670 casse

335 3710 400 3774 sint
416 3707 546 3792 penitus
563 3714 595 3774 et
611 3707 732 3775 inanes.
758 3711 879 3776 Datum
896 3708 988 3776 Bude
1004 3707 1086 3779 feria
1104 3709 1203 3776 tercia
1217 3710 1369 3796 proxima
1383 3717 1470 3776 ante
1572 3745 1573 3754 κ

336 3813 455 3882 festum
470 3815 681 3884 ascensionis
697 3817 828 3883 Domini
845 3836 933 3883 anuo
950 3816 1094 3884 eiusdem
1110 3815 1241 3883 M⁰GCC
1249 3830 1267 3881 ⁰.

441 3925 598 3992 Kivlll:
631 3927 694 3992 Pro
711 3927 835 3993 Gemite
863 3925 998 3994 Nicolao
1023 3925 1124 3992 fratre
1148 3928 1249 4012 Batyu
1277 3932 1391 4022 eontra
1408 3925 1473 3994 Oo-

334 4032 443 4100 mitem
459 4033 605 4100 Bacbam
621 4033 723 4101 filium
737 4035 843 4102 Mark.

334 4231 474 4300 (Ersdstie
484 4229 662 4300 borhtrtytn,
682 4249 700 4286 a
712 4230 850 4302 udrpeesdt
864 4232 1012 4300 clusuram
1032 4251 1049 4288 a
1069 4235 1152 4288 budai
1173 4235 1226 4287 kir.
1240 4234 1368 4288 kamarai
1380 4233 1474 4289 level·
1571 4223 1572 4238 ³

839 4321 959 4392 tarbua.)
