3120 5172
608 323 767 424 ,ἕρ-5-

124 522 151 588 oi
165 521 288 588 dictam
306 519 545 603 possessionem
571 519 734 585 Salabach
767 524 918 584 vocatam
950 515 1036 584 idem
1052 518 1168 584 Comes
1185 517 1252 602 My-

124 629 199 696 kow
215 627 298 713 ipsis
313 625 392 708 filijs
407 625 589 712 Myohaelis
606 645 800 694 conseruare
818 624 977 712 nequiret,
989 631 1107 702 extunc
1124 624 1165 690 de
1175 623 1252 708 alijs

123 714 387 821 possessionibus
402 733 471 800 suis
488 733 521 799 in
539 731 698 802 Comitatu
720 731 959 816 Neugradiensi
976 732 1189 798 existentibus
1207 739 1253 797 ta

124 844 186 909 lem
202 849 236 908 et
251 847 377 907 tantam
394 839 601 924 inqualitate
618 847 650 906 et
672 840 854 925 quantitate
878 859 936 924 pro
953 839 1066 906 eadem
1081 839 1160 926 ipsis
1175 838 1253 922 filijs

124 949 305 1035 Myohaelis
321 948 400 1012 dare
415 952 587 1013 teneretur.
605 947 751 1013 Dicimus
764 953 883 1034 tamen,
893 946 978 1031 quod
989 947 1155 1013 Johannes
1166 946 1253 1012 filius

125 1056 257 1124 Comitis
273 1056 383 1141 eyter,
412 1063 443 1120 et
459 1052 640 1121 Hermanus
660 1057 804 1122 seruiens
838 1053 981 1120 eiusdem
998 1053 1134 1120 comitis
1150 1054 1250 1138 Byter

124 1185 195 1231 cum
211 1161 329 1228 litteris
347 1161 467 1229 nostris
482 1160 715 1247 procuratorijs
740 1183 799 1246 pro
817 1159 929 1227 eodem
946 1159 1070 1228 Oomite
1087 1162 1186 1246 Byter
1201 1183 1253 1228 eo·

124 1289 194 1336 ram
210 1269 305 1336 nobis
321 1267 536 1352 compareudo
553 1268 715 1353 dixerunt,
733 1267 820 1353 quod
836 1267 923 1332 idern
940 1267 1053 1334 Comes
1068 1267 1254 1354 Byterhuic

125 1375 297 1442 donacioni
333 1375 515 1441 voluntarie
546 1374 765 1461 permittendo
797 1395 989 1442 consensum
1020 1377 1206 1458 prebuisset
1222 1383 1254 1443 et

127 1502 310 1552 assensum.
327 1482 364 1546 Iu
382 1483 473 1549 cuius
490 1485 538 1549 rei
554 1482 774 1549 testimonium
789 1489 955 1566 presentes
980 1489 1196 1552 concessimus
1213 1485 1254 1550 si-

123 1592 195 1675 gilli
212 1591 314 1658 nostri
346 1590 526 1656 munimine
541 1591 720 1656 roboratas.
754 1591 875 1656 Datum
900 1610 959 1676 per
974 1611 1089 1658 manus
1106 1593 1255 1676 Magistri

125 1699 253 1766 Herriei
267 1699 411 1765 Lectoris
427 1699 572 1765 Ecclesia
597 1703 708 1765 nostre
717 1747 727 1783 ,
760 1718 845 1764 anno
861 1697 991 1764 Domini
1010 1697 1180 1766 millesimo
1197 1701 1254 1766 du-

125 1807 302 1872 centesimo
319 1805 534 1890 nonagesimo
564 1807 714 1892 septimo.
741 1805 931 1872 Venerabili
949 1813 1042 1893 patre
1059 1807 1188 1873 domino
1214 1807 1254 1874 Η.

126 1915 188 1981 Dei
205 1916 321 1998 gracia
336 1913 498 2000 Episcopo
514 1914 691 2000 Wacyensi
725 1912 903 1999 existente,
936 1913 1067 1981 domino
1082 1907 1254 1982 Dominico

127 2021 275 2109 Castore,
294 2022 425 2088 Juliano
442 2019 602 2107 Custode,
628 2018 782 2104 Olyuerio
807 2020 1055 2106 Archydiacono
1081 2021 1252 2109 Vaoyensi,

125 2128 262 2196 Nicolao
278 2129 448 2214 Pestienei‚
464 2129 647 2211 Augustino
663 2128 706 2194 de
721 2127 922 2215 Zygcthtew,
933 2129 1071 2196 Nicolao
1088 2126 1255 2212 Ghongra-

126 2233 240 2318 diensi,
258 2243 290 2302 et
305 2237 441 2305 Sublino
458 2236 498 2302 de
522 2237 649 2306 Zolnok
674 2236 931 2327 Archydiaconis
963 2237 1197 2321 existentibus3
1214 2259 1254 2306 ao

127 2343 200 2429 aliJs
217 2342 372 2412 fratribus
388 2345 422 2410 in
447 2345 598 2414 Ecclesia
628 2345 730 2412 Beate
755 2345 901 2430 Virginis
915 2343 1057 2430 Deo'pie
1072 2343 1254 2412 famulanti·

127 2450 186 2517 bus
201 2449 368 2519 humiliter
384 2459 417 2519 et
432 2451 559 2521 deuote.

130 2645 162 2712 (A
173 2644 252 2702 vlcsi
264 2646 456 2716 klptalannnk
473 2650 551 2702 1366.
575 2649 703 2712 „infesto
728 2651 889 2702 Natiuitatis
907 2651 988 2702 Beati
1000 2650 1137 2702 Johannis
1162 2651 1254 2716 Bapti-

131 2740 194 2801 ste“,
207 2739 291 2804 Lajos
307 2737 398 2804 kirtly
416 2753 510 2805 ugyan
525 2740 595 2790 1366
609 2741 657 2804 „in
669 2739 816 2806 vissegrad
829 2741 949 2792 seeundo
961 2740 1006 2792 uie
1018 2745 1084 2794 festi
1096 2743 1174 2792 Beati
1187 2741 1253 2792 Vin·

132 2828 231 2893 concij“
256 2829 372 2892 „Fallros
385 2829 458 2880 tilius
472 2829 574 2880 Thomu
586 2829 620 2879 de
639 2829 790 2881 Liberche“
805 2826 956 2882 ireresenck
968 2827 1074 2896 folytan
1088 2830 1146 2881 lucit
1159 2845 1255 2897 paran-

132 2914 204 2969 eslra
217 2919 325 2969 kiadott
338 2913 486 2970 ltiratlbol
498 2934 505 2983 ;
518 2919 590 2984 moly
604 2934 621 2969 a
636 2916 715 2970 uloai
734 2915 923 2985 kaptalannalr
937 2935 989 2986 egy
1004 2921 1083 2970 1418.
1097 2921 1199 2980 ‚tercio
1212 2918 1255 2970 die

131 3004 190 3058 sesti
203 3008 283 3061 Beati
296 3007 447 3074 Myohaelis
465 3003 649 3074 Archangeli“
663 3009 722 3060 kelt
740 3004 932 3074 okmtnylban
951 3008 1127 3077 soglaltatik;
1141 3024 1158 3059 a
1172 3009 1255 3060 budai

506 3098 557 3150 kir.
570 3099 694 3152 kamarai
706 3095 897 3166 leveltlrban.)

659 3813 735 3882 182.

134 4010 162 4076 A
178 4013 366 4081 kerozcecek
382 4012 573 4098 coaterpama'
586 4011 969 4100 konnentq'caeljclaatcac
984 4013 1052 4080 ΙΙΙ.
1078 4012 1188 4077 Eodre
1212 4013 1255 4078 lt-

133 4123 275 4208 rdlyhoz‚
301 4125 381 4208 hopy
413 4121 524 4208 Doroq
549 4121 729 4206 seipsoque·
754 4121 943 4205 luctuajctrcts
969 4131 1122 4189 turtctott
1150 4121 1246 4189 1297.

235 4297 518 4367 Excellentissimo
535 4298 740 4367 dominusne
757 4297 887 4366 domino
903 4295 1031 4366 Andrec
1054 4297 1116 4364 Dei
1141 4298 1254 4383 gracia

135 4402 252 4474 Illustri
285 4403 395 4494 (Regi)
431 4407 598 4492 Hungarie
629 4408 814 4474 Contentus
845 4406 1082 4473 Oruciferorum
1113 4405 1257 4472 Ecclesie

136 4509 242 4580 Sancti
259 4515 359 4599 Regis
375 4515 533 4598 Stephani
550 4513 591 4580 de
607 4513 774 4596 Strigonio
791 4515 961 4582 oraciones
976 4517 1017 4588 in,
1038 4513 1177 4579 Domino
1202 4513 1256 4582 de·
1364 4543 1370 4598 j

137 4613 215 4686 litas
230 4627 262 4687 et
277 4620 413 4688 denotas
430 4641 489 4708 pro
508 4621 633 4690 eodem.
657 4619 776 4688 Uestra
799 4622 928 4690 nouerit
951 4622 1055 4708 Regia
1081 4621 1255 4708 celsitudo,
