3120 5172
592 305 751 403 jou—

108 493 146 560 lis
160 496 275 582 nostri,
292 515 379 563 anno
394 493 527 564 Domini
543 494 655 564 lucc
671 499 880 581 nonagesimo
891 498 1040 584 septimo,
1050 498 1151 565 tercio
1160 495 1235 565 idus

107 599 206 687 Junlj‚
222 601 330 688 Regni
345 609 455 671 autem
470 605 575 671 nostri
588 623 674 671 anno
690 603 835 691 septimo.

107 781 155 846 (Aa
168 781 270 835 aredeti
283 779 350 836 utdn
362 783 460 836 Knaua
473 779 594 848 Ndndon
608 783 724 850 ldagyar
736 785 800 837 Sion
814 785 866 836 111.
880 784 936 839 kat.
951 785 1010 836 att.
1026 784 1043 836 1.
1062 780 1136 838 utos
1148 781 1232 839 aldbb

593 873 653 924 186.
664 886 700 925 sa.
715 873 753 940 a.)

562 1125 776 1137 ιιι-...ηια-

645 1607 719 1678 168.

117 1809 204 1874 VIII.
223 1807 384 1896 Bonifciee
398 1813 490 1896 popo
505 1809 609 1874 Petert
616 1809 847 1896 fmeocareoda'
862 1810 999 1894 bordtot
1017 1809 1150 1876 bioeoozi
1166 1833 1238 1894 opo·

489 1916 570 1982 letali
595 1917 744 1982 ersekaelc
764 1911 862 1982 1297.

217 2111 405 2179 Bonilacius
421 2112 603 2198 Episcopus
619 2129 732 2180 servus
748 2131 912 2180 serrorum
935 2111 1008 2200 Dei,
1036 2113 1156 2180 dilecto
1173 2112 1239 2179 lilio

111 2221 206 2288 lratri
224 2221 322 2288 Petro
340 2221 453 2286 Electo
468 2219 668 2309 Spalatensi,
683 2220 820 2287 salntem
838 2226 871 2288 et
896 2221 1119 2305 Apostolicam
1145 2221 1239 2287 bene·

111 2329 295 2396 dictionem.
315 2327 628 2416 damascenorum
646 2328 789 2394 omnium
803 2329 960 2417 Romana,
975 2330 1115 2397 Domino
1137 2330 1241 2416 dispo·

109 2442 221 2518 nante,
240 2439 281 2504 sit
297 2437 420 2502 Mater:
436 2437 485 2504 sic
501 2456 572 2503 eam
589 2457 723 2523 preesse
738 2444 867 2523 oportet
883 2440 916 2503 in
940 2437 1160 2506 sollicitudine
1171 2438 1242 2503 uni·-

110 2546 224 2631 rersis,
243 2543 414 2631 presertim
431 2543 507 2631 illis,
532 2565 594 2628 que
621 2553 756 2630 possent
781 2563 821 2611 ex
846 2545 982 2612 diutinis
1014 2546 1241 2614 vacationibus

109 2653 227 2736 gravia
242 2651 405 2718 incurrere
431 2650 644 2736 detrimenta;
670 2652 756 2738 quod
782 2654 962 2721 distributis
989 2654 1159 2722 affectibus
1182 2673 1242 2740 pro

107 2761 267 2828 varietate
283 2779 432 2826 ansarum
450 2760 637 2844 specialiter
652 2760 803 2828 intendat
819 2781 876 2847 per
893 2761 1015 2830 credite
1025 2759 1241 2846 dispensatio·

108 2869 158 2936 nis
175 2869 320 2936 officium
337 2867 511 2936 commodis
526 2867 738 2956 singularum,
755 2888 798 2936 nc
813 2889 871 2954 per
888 2869 1014 2954 aliquos
1031 2868 1151 2936 Diuine
1174 2867 1236 2934 Do·

109 2997 180 3044 mos
197 2977 406 3043 inobseratos
424 2975 530 3043 aditus
547 2976 581 3042 in
597 2977 705 3061 gregis
717 2978 891 3063 perniciem
903 2977 971 3064 lupi
983 2997 1040 3062 pro
1051 2975 1243 3062 pastoribus,

109 3091 166 3150 ant
182 3085 218 3152 in
235 3091 360 3171 pestem
378 3081 585 3151 domesticam
605 3085 717 3152 hostes
742 3105 801 3171 pro
827 3084 1008 3170 hospitibus
1036 3083 1242 3150 inducantur.

106 3193 194 3260 Sane
211 3191 400 3276 Spalatensi
417 3191 570 3260 Ecclesia
585 3191 706 3260 dudum
722 3191 858 3260 viduata
872 3198 1021 3278 pastore3
1042 3191 1119 3257 licet
1145 3191 1179 3257 in
1204 3209 1244 3257 ca

106 3299 147 3366 dc
164 3300 289 3366 dilecto
306 3300 372 3366 lilio
388 3301 512 3368 Iacobo
528 3300 765 3368 Archidiacono
780 3302 888 3386 ipsius
904 3300 1049 3368 Ecclesie
1066 3299 1163 3367 fuerit
1180 3299 1244 3368 ele·

105 3409 171 3476 ctio
189 3409 369 3489 celebrata,
387 3410 466 3492 qnia
481 3417 591 3476 tamen
608 3409 693 3476 infra
709 3417 837 3495 tempus
853 3429 874 3474 a
890 3407 959 3474 iure
976 3411 1132 3475 statutum
1156 3405 1243 3472 idem
1308 3437 1310 3440 ·

104 3515 369 3584 Archidiaconus
385 3537 449 3584 non
466 3517 527 3583 suit
542 3517 708 3602 negotium
734 3515 900 3584 electionis
926 3513 1108 3582 huiusmodi
1134 3533 1243 3599 prose·

93 3629 223 3710 -cutus3
241 3623 330 3692 dicta
346 3625 462 3692 electio
479 3625 613 3706 iuribus,
629 3627 658 3692 si
675 3645 737 3709 qne
754 3623 877 3708 babuit,
896 3623 1003 3690 extitit
1029 3627 1180 3708 vacuata,
1212 3629 1246 3690 ct

102 3733 342 3800 nichilominus
359 3731 659 3819 postmodumidcm
676 3730 935 3798 Arelidioconus
953 3731 1013 3813 ius,
1030 3733 1058 3798 si
1071 3729 1158 3815 quod
1169 3728 1245 3819 sibi,

103 3861 145 3906 ex
162 3841 329 3908 electione
345 3837 529 3907 huiusmodi
546 3840 757 3925 competebat,
768 3839 801 3904 in
814 3839 963 3906 manibus
975 3837 1171 3905 venerabilis
1181 3836 1246 3904 fra·

103 3949 164 4014 tris
183 3946 293 4014 nostri
309 3945 347 4014 G.
364 3944 518 4032 Episcopi
534 3945 715 4030 Sabiensis,
733 3945 774 4012 dc
797 3947 952 4015 mandato
968 3950 1078 4013 nostro
1103 3943 1247 4029 resigna·

102 4057 234 4124 tionem
250 4074 342 4121 suam
359 4053 555 4140 recipientis,
571 4054 673 4120 libere
690 4052 877 4136 resignavit.
894 4053 963 4120 Nos
974 4052 1083 4136 igitur,
1095 4052 1149 4136 qui
1159 4051 1248 4120 circa

102 4165 266 4232 viduatas
282 4161 449 4230 Ecclesiae
465 4161 618 4231 continue
642 4162 833 4230 attentionis
860 4162 961 4230 oculis
987 4161 1170 4248 vigilamus,
1194 4181 1246 4228 vo·

103 4273 216 4340 lentes
236 4267 341 4336 eidem
361 4269 517 4354 Ecclesie,
534 4289 575 4336 ne
591 4268 734 4356 dampna
750 4291 791 4337 ex
807 4270 907 4354 longa
928 4267 1099 4336 vacatione
1124 4265 1248 4334 subiret

102 4380 287 4448 salubriter
303 4376 483 4464 providere,
500 4384 532 4444 te
547 4376 683 4446 fratrum
699 4376 833 4446 Ordinis
847 4378 1007 4444 Minorem
1018 4374 1248 4464 professorem,

103 4485 331 4574 Capellannm
347 4484 517 4553 carissime
531 4484 567 4552 in
582 4485 688 4554 Oristo
703 4485 772 4554 filie
787 4491 897 4553 nostre
917 4483 1021 4551 blarie
1045 4483 1171 4568 Regius
1199 4481 1248 4548 Si·

103 4597 202 4667 ciliae
220 4593 376 4680 Illustris‚
390 4593 442 4661 cui
457 4592 499 4660 de
514 4594 580 4662 vite
595 4593 769 4681 mundicia,
785 4592 956 4678 religionis
972 4592 1054 4682 uelo,
1071 4589 1247 4676 disciplina
