3132 5162
80 1081 136 1144 ΙΙΙ.
154 1078 265 1146 Faedrc
280 1080 391 1166 kira'ly
408 1081 672 1166 bizouysdplevele
692 1105 772 1148 uzon
793 1089 1087 1172 per-epyscopum,
1117 1091 1198 1174 moy

84 1188 194 1254 Taruda
219 1199 330 1254 morter
356 1191 540 1274 eeaterpami
570 1213 613 1255 oz.
653 1191 772 1255 Taruda
804 1193 940 1278 cyyboiae'
966 1195 1098 1280 proposi
1114 1201 1144 1260 c'a
1175 1219 1197 1259 o
1308 1229 1310 1233 ⁴

79 1297 263 1381 uyalnaipcti
289 1296 521 1380 apdczaadrda
537 1295 605 1361 lozr
630 1321 651 1360 a
671 1301 758 1383 pesti
784 1300 1028 1384 aamjonedelem
1046 1299 1199 1385 salandrae

397 1405 580 1490 tarrqpotau
606 1404 750 1472 rocroort.
769 1408 866 1471 1291.

175 1597 322 1666 Andreas
340 1599 399 1666 Dei
410 1600 522 1685 gracia
540 1601 719 1686 Hungarie,
732 1601 912 1690 Dalmacic,
928 1601 1074 1691 Oroacie,
1086 1605 1197 1689 Reme,

79 1706 192 1790 Seruis,
210 1705 361 1793 Gallicie,
378 1707 588 1795 Lodomerie,
615 1707 780 1794 Gumauie,
799 1709 1015 1793 Bulgaricque
1047 1711 1117 1776 Rex
1134 1730 1198 1776 om·

78 1815 164 1878 nibus
179 1813 298 1880 Christi
329 1814 481 1882 fidelibus
513 1823 697 1900 presentem
713 1818 868 1902 paginam
891 1818 1082 1904 inspecturis
1108 1817 1194 1882 salu·

79 1926 135 1984 tem
159 1920 190 1985 in
214 1921 356 1988 omnium
385 1922 558 1990 saluatore.
587 1923 637 1988 Ad
664 1925 883 1990 uniuersorum
910 1925 1061 1990 noticiam
1088 1931 1199 1990 tenore

79 2027 269 2108 presencium
285 2027 401 2096 harum
417 2031 500 2098 serie
516 2034 663 2098 uolumus
679 2032 861 2117 peruenire,
889 2031 974 2114 quod
1001 2051 1075 2098 cum
1102 2049 1195 2096 vene·

79 2135 181 2202 rabilis
197 2142 289 2220 pater
304 2136 453 2206 dominus
469 2139 679 2206 Lodomerius
696 2139 909 2206 miseracione
934 2138 1056 2204 Diuina
1086 2137 1198 2203 Archi·

79 2242 239 2328 episcopus
255 2243 488 2326 strigoniensis
505 2253 538 2311 et
553 2247 669 2313 Comes
685 2253 859 2332 perpetuus
883 2245 945 2312 loci
973 2242 1115 2312 eiusdem
1142 2264 1195 2312 no-

79 2352 157 2417 mine
173 2355 203 2416 et
217 2351 290 2417 uice
305 2351 452 2435 Magistri
469 2353 591 2420 Tharne
607 2353 768 2439 Prepesiti
785 2353 932 2420 Ecclesia
949 2351 1062 2420 Sancti
1072 2351 1196 2418 Thema

79 2457 209 2524 martiris
224 2457 266 2522 dc
280 2459 476 2544 promotorio
491 2460 717 2544 Strigoniensi,
740 2459 876 2526 scolaris
891 2458 1038 2526 Paduaui
1055 2457 1097 2524 ad
1122 2477 1194 2545 pre-

77 2582 153 2650 sens,
168 2583 264 2650 super
279 2563 416 2632 dimidia
432 2573 526 2652 parte
550 2567 662 2635 tribuli
694 2567 754 2633 fori
786 2568 826 2634 de
859 2575 969 2636 uetere
1001 2567 1089 2652 uilla,
1122 2566 1197 2632 Pest

77 2683 182 2737 contra
196 2671 366 2756 religiosas
391 2680 425 2739 et
441 2674 510 2740 Deo
527 2672 661 2741 denotas
681 2695 848 2762 personas,
875 2693 1001 2742 sorores
1019 2679 1051 2739 et
1076 2673 1192 2740 sancti·

77 2779 222 2847 moniales
238 2781 385 2848 Ecclesie
401 2781 503 2848 Beate
521 2781 664 2865 Virginis
682 2781 722 2846 de
737 2781 849 2849 Insula
865 2781 1009 2848 eiusdem
1035 2781 1076 2848 de
1101 2782 1192 2847 Buda

79 2882 199 2955 Ordinis
224 2889 374 2955 Fratrum
399 2888 619 2956 Predictorum
646 2889 798 2958 mouisset
822 2889 990 2956 materiam
1006 2888 1196 2971 questionis,

78 2995 248 3078 predictam
265 2996 437 3063 dimidiam
463 3004 587 3082 partem
612 2997 725 3064 tributi
749 2998 926 3064 Pestiensis
952 3017 992 3061 ex
1018 2996 1197 3063 donacione

79 3101 191 3170 domini
205 3103 346 3172 Emerici
360 3103 461 3187 Regis
477 3103 617 3171 illustris
634 3103 795 3188 qnondam
822 3104 991 3186 Hungarie
1016 3105 1197 3187 progenito·

78 3210 117 3275 ris
147 3211 245 3282 nostri
263 3211 306 3278 ad
331 3213 436 3298 ipsam
452 3209 634 3278 Ecclesiam
651 3211 763 3278 Sancti
778 3211 899 3278 Thome
928 3229 1077 3276 asserens
1103 3211 1197 3294 perti·

10 3379 11 3390 ἢ
78 3335 165 3402 nere3
181 3318 313 3385 tandem
345 3317 507 3403 exhibitis,
538 3319 702 3404 perlectis,
734 3317 907 3403 diligenter
938 3315 1133 3384 examinatis
1166 3324 1199 3382 et

76 3425 197 3507 plenius
213 3427 388 3494 intellectis
405 3427 480 3492 hinc
495 3427 571 3494 inde
586 3446 684 3512 super
710 3426 856 3512 predicto
886 3426 1022 3510 negocio
1048 3423 1194 3510 parcium

75 3531 296 3616 instrumentis,
316 3535 440 3620 placuit
455 3535 604 3621 partibus
621 3537 775 3622 apposita
792 3541 882 3600 certa
899 3554 995 3621 pena,
1014 3553 1108 3618 quam
1120 3547 1196 3620 pars

75 3659 133 3707 non
149 3651 324 3729 acceptans
340 3641 473 3710 deberet
488 3645 619 3712 soluere
635 3643 723 3728 parti
740 3650 882 3709 nostrum
900 3641 1068 3708 arbitrium
1085 3661 1198 3726 accep-

73 3749 159 3837 tanti,
177 3755 286 3818 nostro
302 3769 338 3816 se
355 3750 553 3817 committere
570 3751 700 3818 arbitrio
718 3771 774 3818 seu
790 3751 898 3817 laudo.
917 3748 983 3816 Sed
1011 3756 1087 3816 ante
1105 3768 1198 3814 euen-

74 3863 132 3922 tum
151 3857 251 3924 nostri
268 3857 396 3941 arbitrij
415 3857 501 3924 idem
518 3858 717 3924 venerabilis
735 3864 827 3942 pater
843 3855 1197 3923 nominedieti'lhome

73 3963 226 4050 Prepesiti
242 3965 335 4032 Santi
362 3965 486 4032 Tbome
511 3973 543 4032 et
568 3964 712 4050 Capituli
738 3965 800 4052 sui,
824 3964 988 4047 religiosis
1014 3971 1047 4029 et
1073 3962 1196 4029 sanctis

71 4069 231 4161 fratribus,
247 4073 374 4141 scilicet
400 4075 532 4159 Wgrino
557 4074 625 4140 lilio
657 4074 805 4158 Magistri
835 4071 974 4138 Paraath
1006 4072 1047 4137 de
1078 4089 1198 4155 genere

70 4179 191 4265 Chaak,
208 4181 367 4266 Gregorio
383 4183 528 4269 Lectore,
545 4183 647 4250 Paulo
664 4189 695 4248 et
711 4181 835 4248 Briccio
852 4181 892 4246 de
910 4177 1031 4246 Ordine
1047 4179 1197 4246 Fratrum

69 4287 322 4378 Predicatorum,
357 4291 557 4376 prefatarum
591 4293 816 4374 religiosarum
836 4307 984 4366 sororum
1010 4286 1196 4370 Monasterij

69 4397 211 4466 Gloriose
226 4399 374 4482 Virginis
390 4399 492 4466 Marie
517 4398 559 4466 de
590 4399 701 4466 Insula
730 4396 884 4484 Budensi,
916 4393 1135 4462 mediantibus
1167 4402 1198 4459 et

68 4491 321 4594 conponentlbus
338 4507 441 4595 nobis,
459 4507 652 4592 quibusdam
670 4505 889 4572 Ecclesiarum
906 4503 1044 4572 Prelatis
1062 4511 1094 4568 et
1104 4503 1200 4569 Baro·
