3120 5172
798 279 959 378 joe-

313 467 361 536 eis
377 467 437 535 sub
454 469 546 537 bulla
561 477 676 538 nostra
692 471 847 540 mittimus
872 473 1094 561 interclusam,
1110 476 1144 539 ct
1167 493 1190 540 a
1212 477 1247 540 te
1271 479 1373 540 nostro
1394 477 1423 538 et

313 575 459 643 Ecclesia
473 578 620 644 Romane
636 579 776 666 nomine,
793 581 853 648 sub
869 579 984 667 forma,
1001 601 1099 665 quam
1124 579 1185 648 sub
1210 579 1327 648 eadem
1346 577 1425 644 hullt

314 682 494 768 dirigimus,
509 683 678 752 fidelitatis
692 687 855 772 recipiant
868 688 1096 756 iuramentum.
1113 689 1164 756 Tu
1179 692 1289 754 autem
1313 686 1363 753 illn
1382 683 1420 750 in·

314 789 366 857 fra
381 791 564 860 Ecclesiam
579 800 669 862 tuam
684 795 752 861 illis
768 795 883 864 diebus
898 795 1011 884 utaris,
1028 795 1084 880 qui
1109 795 1255 881 expressi
1278 795 1314 862 in
1337 791 1421 879 ipsius

313 897 461 967 Ecclesie
476 899 659 986 privilegiis
675 902 891 970 continentur.
911 901 953 968 Ut
969 902 1069 988 igitur
1084 901 1215 987 siguum
1230 921 1297 969 uon
1320 900 1424 968 ducre-

313 1011 407 1092 peta
422 1006 561 1093 signato,
578 1007 639 1074 sed
655 1007 741 1094 quod
757 1009 845 1093 geris
862 1009 1015 1096 exterius,
1028 1007 1111 1076 illud
1127 1028 1237 1077 serves
1251 1008 1287 1076 iu
1312 1013 1424 1088 mentc;

314 1111 553 1181 fraternitatem
562 1120 652 1181 tuam
667 1134 834 1184 monemus
847 1122 880 1184 et
895 1114 1207 1202 hortamurattente,
1222 1134 1282 1201 per
1305 1117 1423 1200 Aposto-

312 1220 380 1287 lica
396 1219 455 1287 tibi
466 1222 590 1306 scripta
599 1221 814 1310 mandantes3
832 1231 993 1307 quatenus
1008 1223 1227 1291 humilitatem
1242 1227 1274 1289 et
1283 1219 1423 1290 iustitiam

313 1327 412 1395 dante
427 1329 578 1418 Domino,
595 1330 650 1416 qui
665 1329 723 1399 dat
739 1351 884 1420 munera,
901 1338 935 1400 et
949 1332 1075 1419 premis
1091 1330 1258 1416 elargitur,
1268 1332 1424 1399 obseruare

312 1433 454 1521 studeas,
472 1454 535 1521 que
550 1455 645 1504 suurn
660 1445 793 1507 seruant
808 1446 841 1506 et
856 1445 1047 1525 promouent
1062 1445 1270 1524 servatorem,
1286 1435 1425 1522 etSpala·
1452 1499 1456 1508 .

311 1547 437 1609 teusem
452 1543 641 1631 Ecclesiam,
658 1565 810 1632 sponsam
827 1561 926 1633 tuam,
943 1565 1038 1616 cures
1052 1545 1202 1631 sollicite,
1220 1551 1351 1612 auctore
1372 1543 1427 1607 Dc

313 1649 414 1732 mino,
429 1649 640 1736 spiritualiter
656 1660 688 1720 et
703 1655 927 1740 temporaliter
942 1659 1165 1740 augmentare.
1182 1651 1315 1740 {Datum
1338 1651 1426 1716 Rome

312 1755 401 1842 apud
416 1757 571 1826 Sanctum
586 1761 717 1829 Petrum
732 1763 805 1830 XV.
830 1761 993 1830 kalendas
1019 1761 1122 1850 Junij,
1147 1759 1357 1830 Pontificatus
1377 1774 1426 1821 no·

314 1865 372 1932 stri
388 1885 474 1934 auno
490 1869 616 1948 quarto.

312 2057 450 2124 (Thelser,
463 2063 562 2117 Vetera
574 2063 749 2116 Monuments
761 2061 903 2115 slavorum
916 2061 1135 2116 meridionalium
1148 2061 1289 2113 historiam
1298 2059 1426 2112 illustrau-

743 2155 792 2206 tia.
804 2155 826 2205 1.
839 2154 895 2206 ket.
920 2153 979 2204 115.
991 2152 1010 2204 l.

842 2963 918 3034 lat.

324 3165 414 3232 Vm·
430 3163 887 3250 Bonsfmzpepampuappja
903 3185 925 3227 a
940 3163 1042 3227 trau-i
1057 3161 1249 3228 samsom·
1258 3157 1426 3249 places-

314 3273 385 3354 mek,
411 3277 490 3359 kopp
520 3293 558 3336 aa
583 3271 683 3337 dccli
710 3269 883 3358 palliumct
913 3268 1015 3353 adjdlc
1045 3273 1080 3335 dt
1095 3291 1116 3333 a
1130 3268 1273 3354 spalatds'
1286 3265 1427 3334 drsdrrrelr.
1530 3251 1531 3274 ’

831 3374 929 3442 1298.

420 3571 610 3641 Bonilacius
630 3572 810 3657 Episcopus
825 3589 939 3639 servus
949 3587 1115 3638 servorum
1124 3567 1186 3635 Dei
1195 3564 1423 3636 venerabilibus

316 3681 470 3750 fratribus
487 3729 495 3747 .
514 3729 522 3745 .
539 3730 548 3748 .
564 3679 776 3776 Tragurieusi
792 3685 824 3745 et
850 3727 858 3746 .
878 3727 885 3746 .
903 3727 911 3744 .
928 3673 1088 3744 Pharensi
1112 3674 1285 3763 Episcopis
1301 3673 1428 3741 salutem

318 3797 350 3858 et
365 3789 590 3877 Apostolioam
605 3785 875 3858 benedictionem.
897 3783 977 3852 (lum
992 3783 1135 3872 palleum
1152 3789 1210 3851 etc.
1225 3780 1429 3849 transmittes·

165 3939 167 3946 ·
285 3975 288 3984 ,
316 3897 401 3968 dum.
418 3897 577 3978 Quocirca
591 3894 788 3964 fraternitati
804 3899 912 3961 vestre
927 3913 985 3979 per
1000 3889 1190 3978 Apostolica
1213 3888 1336 3976 scripta
1349 3903 1429 3953 man-

318 4007 443 4098 damus,
460 4013 619 4094 quatenus
635 4025 694 4076 uos
720 4005 774 4074 vel
790 4003 872 4071 alter
897 4007 1041 4070 restrum
1066 4000 1210 4088 palleum
1226 3998 1333 4086 ipsum
1347 3998 1430 4063 iuxta

317 4117 510 4206 premissam
526 4115 662 4183 formam
679 4112 742 4181 sibi
757 4112 929 4196 assignare
945 4107 1086 4194 curetis,
1111 4114 1144 4175 et
1158 4107 1201 4175 ab
1223 4107 1296 4192 ipso
1311 4101 1431 4170 nominc

316 4231 426 4294 nostro
443 4231 475 4292 et
490 4222 640 4291 Ecclesia
654 4223 800 4289 Romane
815 4219 876 4288 sub
891 4217 1008 4300 torma,
1025 4236 1124 4302 quam
1138 4211 1232 4283 vobis
1250 4212 1310 4281 sub
1326 4207 1433 4278 eadem

316 4333 411 4404 bulla
426 4329 607 4416 dirigimus,
623 4327 791 4396 fidelitatis
814 4326 958 4414 recipere
974 4327 1201 4393 iuramentum.
1218 4311 1367 4389 Formam
1382 4333 1435 4380 au·

319 4449 386 4509 tern
401 4436 585 4522 iuramenti,
602 4435 688 4518 quod
703 4435 776 4523 ipse
786 4431 957 4522 prestabit,
972 4431 1013 4499 de
1027 4431 1126 4498 verbo
1142 4427 1184 4496 ad
1199 4427 1332 4496 verbum
1347 4419 1437 4490 uobis

320 4565 381 4634 per
398 4543 544 4613 eiusdem
560 4543 665 4610 illecti
689 4549 839 4630 patentes
871 4539 999 4611 litteras
1015 4557 1074 4607 suo
1088 4535 1202 4623 sigillo
1221 4535 1368 4618 signatas
1383 4543 1440 4614 per
