3112 5158
794 259 948 356 ,Ars-

309 450 458 537 pcruenit
475 449 517 516 ad
541 457 608 516 tres
635 455 735 518 metas
762 439 899 532 ueteres,
928 451 961 516 in
989 471 1123 535 quarum
1157 473 1224 519 nna
1255 459 1306 520 est
1339 454 1432 518 arbor

310 557 501 644 yyarteefa,
519 561 550 621 et
567 555 599 621 in
616 557 684 623 alia
701 563 751 623 est
766 559 864 646 salsa,
890 565 921 624 et
947 559 1049 626 tercia
1074 567 1162 628 meta
1187 569 1307 640 terrea,
1336 565 1368 624 et
1398 558 1434 622 ad

312 665 393 731 duas
409 683 511 730 nouas
528 671 630 731 metas
646 671 781 751 terreas,
808 673 841 731 et
856 666 903 732 ibi
930 665 1019 732 cadit
1043 668 1077 732 in
1102 668 1242 736 riualem
1268 663 1431 752 Lckocha

313 771 368 854 qui
399 769 521 837 eisdem
555 777 603 837 est
634 792 693 856 pro
710 779 797 840 meta
813 793 833 838 a
849 779 942 858 parte
972 771 1190 856 meridionali,
1218 775 1274 858 qui
1303 777 1432 857 separat

313 876 435 944 directe
453 877 696 946 desecendende
713 901 734 944 a
758 881 854 946 terris
879 879 1038 965 Ladizlai,
1065 882 1230 949 Zerechnn
1258 889 1290 948 et
1322 882 1435 960 Dama,

312 986 482 1054 custodum
500 986 656 1053 siluarum
674 995 876 1072 uestrarum3
894 997 925 1054 et
942 990 1019 1056 inde
1034 993 1076 1056 ab
1092 990 1163 1076 ipsc
1192 989 1309 1075 rynnlo
1335 985 1436 1052 Loko-

311 1095 372 1161 cha
388 1093 587 1160 transeundo
604 1094 694 1159 uenit
709 1095 752 1160 ad
778 1105 845 1162 tres
870 1103 998 1164 ueteres
1023 1105 1126 1164 metas
1143 1106 1269 1164 terreas
1298 1101 1329 1162 et
1358 1089 1460 1159 duas

311 1221 423 1285 nonas,
439 1221 501 1286 quc
517 1210 670 1286 separant
685 1223 705 1267 a
722 1209 817 1286 parte
834 1203 1028 1270 occidentali
1045 1227 1065 1270 a
1081 1203 1175 1268 terris
1188 1204 1344 1286 Pannani,
1373 1201 1433 1285 Ny·

311 1309 364 1377 sik
380 1317 412 1374 et
428 1307 574 1392 Radizlaj
595 1309 791 1392 piscatorum
808 1317 990 1378 uestrorum
1007 1311 1048 1378 de
1065 1312 1188 1394 Hataz;
1207 1309 1326 1376 abhinc
1344 1307 1437 1374 decli-

308 1421 367 1480 nat
381 1434 495 1481 uersus
512 1415 645 1481 fluuium
663 1417 770 1483 Geren
803 1418 846 1483 ad
878 1419 1050 1502 quemdam
1082 1421 1186 1484 lcenm
1219 1414 1436 1500 Mcgcsmcrth

310 1532 470 1608 uocatum,
487 1528 519 1589 et
534 1523 579 1588 ibi
595 1505 715 1591 tr'ansit
729 1525 861 1592 tiernium
873 1527 979 1593 Geron
996 1525 1039 1593 ad
1056 1532 1180 1610 partem
1197 1525 1436 1603 occidentalem,

311 1637 343 1697 ct
359 1651 418 1718 per
435 1631 540 1718 ipsum
556 1632 688 1697 fluuium
705 1631 813 1698 Geren
829 1635 899 1700 sine
915 1655 972 1720 per
990 1633 1155 1718 quandam
1167 1653 1284 1700 uenam
1297 1629 1437 1697 eiusdem

312 1738 476 1806 asscendit
492 1757 606 1806 uersus
623 1740 896 1826 septemtrionem,
914 1749 946 1806 et
963 1741 1113 1826 peruenit
1129 1741 1172 1806 ad
1188 1738 1352 1823 quendam
1370 1757 1438 1822 ryn-

313 1847 400 1911 ulum
416 1846 597 1913 Welchena
613 1855 773 1933 uocatum,
791 1848 845 1913 ubi
863 1854 937 1914 sunt
953 1857 1020 1914 tres
1039 1854 1165 1914 ueteres
1181 1853 1264 1912 mete
1283 1853 1388 1912 terrae
1411 1849 1440 1910 ct

312 1954 376 2020 duc
392 1974 497 2038 ncne;
515 1955 607 2020 stibi
623 1951 738 2020 enitet
753 1955 919 2022 asscendit
935 1975 992 2042 per
1007 1956 1115 2040 ipsum
1125 1955 1279 2040 ryunlum
1290 1953 1435 2020 Welche·

312 2083 357 2128 na
373 2061 416 2127 ad
431 2069 557 2146 partem
574 2063 817 2148 occidentalem,
835 2064 889 2147 qni
907 2069 1038 2148 separat
1054 2083 1075 2128 a
1090 2062 1182 2130 terris
1192 2064 1386 2148 populorum
1402 2060 1439 2124 de

311 2169 478 2254 Zelnicha,
497 2174 528 2236 et
544 2170 695 2254 peruenit
711 2169 753 2234 ad
772 2169 853 2235 duas
869 2175 972 2238 metas
996 2177 1125 2236 ueteres
1150 2175 1182 2235 ct
1208 2168 1290 2234 duas
1317 2185 1438 2247 nonas;

314 2283 347 2342 et
361 2277 407 2342 ibi
424 2275 490 2341 exit
505 2275 546 2341 ab
563 2275 635 2358 ipso
653 2278 768 2362 rynulc
785 2276 972 2365 Wclchena,
999 2285 1031 2343 et
1046 2277 1138 2344 uadit
1162 2295 1276 2343 uersus
1302 2281 1437 2359 septem·

314 2382 462 2466 trionem,
478 2388 510 2448 et
526 2383 674 2467 peruenit
690 2383 734 2448 ad
750 2381 832 2450 duas
849 2389 952 2450 metas
968 2389 1094 2451 ueteres
1111 2389 1144 2450 et
1156 2383 1235 2449 duas
1252 2402 1371 2466 nouas,
1382 2399 1439 2465 que
1541 2393 1542 2424 ¹

317 2496 471 2576 separant
497 2488 720 2557 acestodibus
736 2491 890 2558 siluarum
900 2499 1081 2558 uestrarum
1107 2491 1147 2556 dc
1173 2490 1310 2572 Badun;
1329 2487 1442 2554 abhinc

316 2596 408 2664 uadit
423 2595 537 2663 iterum
557 2597 598 2662 ad
616 2595 697 2664 duas
713 2605 818 2664 metas
835 2605 962 2665 ueteres
979 2606 1011 2664 et
1028 2598 1109 2666 duas
1126 2617 1229 2663 nonas
1245 2599 1438 2680 angulares;
1541 2603 1542 2680 t

314 2707 356 2772 de
372 2706 448 2772 inde
465 2707 556 2772 uadit
571 2707 613 2773 ad
630 2705 712 2772 duas
738 2715 843 2774 metas
859 2711 987 2773 ueteres
1005 2705 1133 2773 etdnas
1149 2723 1263 2791 nonas,
1283 2711 1315 2771 et
1332 2703 1378 2769 ibi
1394 2723 1442 2770 ca·
1541 2719 1542 2736 ¹

317 2815 366 2880 dit
381 2815 415 2878 in
432 2814 596 2898 quendam
612 2814 760 2900 ryuulum
777 2815 984 2880 Mchclnicha
1000 2829 1169 2897 rrecatnm3
1188 2820 1218 2879 st
1233 2831 1292 2897 per
1308 2810 1442 2877 eundem

317 2923 454 2990 riuulum
472 2921 566 2987 uadit
582 2921 714 3004 directe,
732 2928 764 2987 et
780 2920 868 2987 cadit
884 2923 998 2987 iterum
1025 2923 1059 2988 in
1085 2921 1216 2986 fluuium
1243 2921 1365 3004 Geron,
1391 2917 1442 2984 nbi

316 3031 576 3112 euntducmcte;
597 3034 629 3095 et
644 3048 702 3114 per
719 3029 856 3096 eundem
869 3031 1000 3096 fluuium
1018 3027 1137 3116 Geron,
1153 3048 1210 3094 scu
1227 3047 1344 3094 venam
1363 3028 1442 3094 eins·
1541 3075 1542 3122 ᾗ

316 3138 389 3204 dem
405 3138 494 3221 fluuij
512 3143 642 3220 aparte
658 3136 852 3202 occidentali
869 3137 1061 3202 existentem
1078 3135 1200 3200 directe
1216 3133 1391 3220 asscendit,
1412 3142 1443 3199 et
1541 3153 1542 3228 ss

316 3247 403 3312 cadit
417 3247 533 3311 iterum
549 3245 590 3310 ad
607 3245 779 3328 quemdam
795 3245 943 3330 rynulum
959 3245 1130 3311 Heberche
1145 3250 1305 3326 necatum,
1333 3248 1365 3307 et
1392 3241 1437 3306 ibi

317 3353 516 3419 terminatur.
536 3354 655 3419 Datum
671 3353 704 3418 in
721 3353 832 3418 Zolum
849 3353 931 3418 feria
947 3353 1047 3419 tercia
1072 3351 1222 3437 proxima
1247 3355 1322 3434 pest
1347 3347 1443 3415 domi-
1541 3383 1542 3456 ᾗ

266 3467 270 3470 ’
317 3462 436 3526 nicam.
453 3461 582 3526 Letare.

350 3695 413 3762 (ΙΙΙ.
427 3696 514 3748 Endre
529 3693 617 3759 kirtly
632 3695 743 3745 taes-ki
756 3690 1029 3758 adomdnyleveldbdl
1044 3695 1111 3742 mint
1125 3693 1239 3744 ientabb
1253 3695 1298 3743 71.
1312 3707 1347 3743 sn.
1364 3691 1407 3756 a.)
