3170 5166
657 225 823 328 „aea-

171 417 337 485 inrtunam
353 420 463 486 mortis
488 419 667 505 periculum
692 422 748 488 vix
775 419 891 489 euasit.
919 420 1067 488 Ceterum
1095 440 1168 488 oum
1194 427 1306 489 eontra

176 526 362 594 Lorandnm
373 528 568 612 Wajuodam
581 536 613 596 et
628 529 745 596 fratres
756 549 844 616 suos,
855 527 940 596 filios
950 529 1082 608 Thome,
1099 550 1159 616 pro
1175 529 1306 614 quihus·

177 635 253 702 dam
270 634 338 701 suis
355 635 543 702 excessibus
560 635 743 704 manifestis
760 636 938 702 exercitum
965 636 1182 704 mouissemns
1206 657 1304 720 gene-

173 744 285 828 ralem,
301 749 334 810 et
351 749 490 810 castrum
507 745 652 828 ipsorum
678 743 821 811 Adorian
837 749 990 812 vocatum
1007 745 1187 830 expugnari
1213 744 1306 813 secis-

174 869 294 933 semus,
312 851 346 916 in
363 851 609 936 expugnaclone
624 851 711 937 ipius
728 850 827 919 castri
843 849 998 920 Nicolaus
1013 851 1159 936 prefatus
1170 851 1306 919 lethalia

174 957 298 1022 wlnera
315 957 350 1022 in
366 977 424 1024 sno
439 957 523 1042 pede
539 979 598 1044 per
613 958 712 1024 ictum
729 957 901 1026 balistaria
918 959 1039 1042 sagitte
1054 959 1149 1026 nobis
1174 980 1305 1028 oernen-

174 1063 261 1129 tibus
277 1066 490 1149 supportauit.
508 1065 560 1132 Ad
578 1065 637 1131 heo
652 1085 725 1132 cum
743 1073 859 1132 contra
871 1065 957 1133 filios
973 1065 1107 1132 Henrici
1132 1065 1213 1133 Bani
1231 1065 1302 1132 infi-

175 1169 266 1237 deles
281 1177 410 1236 nostros
427 1179 458 1238 et
482 1172 586 1254 Regni
612 1171 714 1239 nostri
740 1170 915 1238 exereitum
942 1171 1157 1256 duxissemus,
1186 1179 1218 1238 et
1249 1191 1301 1239 oa·

172 1284 274 1344 strum
290 1278 504 1366 Simegiense,
516 1279 602 1362 quod
613 1287 725 1345 eontra
735 1286 879 1348 nostram
891 1279 1080 1346 detinebant
1088 1279 1304 1365 Maiestatem,

175 1384 366 1451 fecissemus
382 1385 525 1472 prellari,
544 1385 579 1450 in
595 1385 836 1471 expreliacione
853 1387 957 1469 ipsius
973 1384 1073 1450 castri
1089 1404 1168 1470 sepe
1193 1383 1301 1454 dictus

173 1490 331 1557 Nicolaos
347 1509 420 1556 oum
436 1490 512 1572 alijs
529 1490 680 1559 fidelibus
696 1493 826 1576 nostris,
843 1491 1071 1557 demonstrans
1089 1511 1147 1557 sue
1167 1489 1308 1558 fidelita-

172 1597 214 1662 tis
229 1599 389 1679 vlrlutem,
405 1597 500 1664 nobis
516 1597 702 1664 videntibus
718 1605 750 1664 et
766 1598 948 1665 Beronibus
964 1593 1095 1663 ‘nostris
1120 1616 1160 1662 ao
1184 1595 1302 1662 nobili·

176 1706 237 1771 bns
253 1702 359 1785 Regni
375 1703 546 1787 uniuersis,
562 1705 618 1788 qui
634 1709 710 1772 tnnc
726 1711 894 1788 presentes
906 1703 1055 1790 aderant,
1070 1703 1104 1767 in
1120 1704 1188 1769 suis
1204 1723 1305 1769 mem-

179 1812 248 1878 hris
265 1829 325 1897 per
341 1831 460 1894 graues
473 1812 557 1877 ictus
571 1810 723 1895 lapideos
740 1811 875 1878 lethalia
891 1811 1018 1877 ulnera
1034 1809 1211 1876 tollerauit.
1238 1812 1306 1878 Pro

173 1925 221 1984 tot
239 1923 272 1984 et
287 1919 389 1984 tantis
404 1917 578 2003 meritorijs
594 1918 744 2002 seruicijs
762 1924 794 1985 el
810 1917 977 2002 obsequiJs
994 1914 1179 1982 manifestis
1205 1919 1302 1984 Nico·

172 2025 220 2092 lai
235 2023 428 2110 supradicti,
445 2046 484 2091 ac
501 2025 658 2092 effusione
675 2025 725 2092 sui
742 2025 923 2110 sanguinis,
940 2023 1019 2090 lieet
1036 2042 1076 2088 ex
1092 2023 1209 2108 Regali
1234 2044 1302 2089 mu-

171 2134 343 2200 nificencia
357 2133 392 2198 in
409 2131 625 2216 amplioribus
642 2139 675 2198 et
690 2130 867 2198 maioribus
892 2130 1128 2197 donacionibus
1154 2149 1306 2196 remune-

170 2240 294 2308 randus
312 2240 491 2324 extitisset,
507 2245 618 2306 tamen
633 2239 668 2304 in
684 2235 861 2322 aliqualem
878 2236 1216 2324 recompensacionem
1233 2256 1300 2305 ser·

168 2349 329 2416 uieiorum
355 2368 485 2415 suorum
511 2349 753 2434 premissorum,
783 2345 965 2433 predictam
990 2352 1113 2413 terram
1139 2345 1303 2413 Ohrmone

170 2462 392 2540 nuncupatam
424 2475 495 2520 eum
526 2455 673 2522 omnibus
706 2454 901 2522 utilitatibus
927 2453 994 2522 suis
1022 2461 1055 2520 et
1085 2453 1297 2540 pertinenoijs

171 2563 321 2631 eiusdem
338 2563 506 2648 universis,
522 2561 582 2628 sub
600 2561 704 2628 eidem
722 2563 817 2628 metis
834 2569 866 2628 et
897 2563 1045 2628 terminis
1070 2581 1109 2629 ao
1126 2561 1297 2627 limitacio·

168 2671 269 2738 nibus
286 2669 439 2754 antiquis,
456 2669 573 2754 quibus
589 2689 648 2754 per
663 2669 789 2754 priores
806 2689 1012 2754 possessores
1028 2669 1170 2735 limitata
1194 2668 1301 2736 luerat

171 2783 208 2845 et
222 2797 385 2863 possessa,
402 2776 540 2842 Nicolao
556 2794 634 2862 sepe
660 2776 747 2844 dieto
774 2784 806 2842 et
836 2796 894 2862 per
925 2797 997 2842 eum
1029 2776 1097 2844 suis
1126 2776 1303 2844 heredibus

170 2885 394 2966 heredumque
420 2904 551 2950 suornm
583 2883 824 2952 suecessoribus
855 2883 1013 2968 dedimus,
1040 2884 1235 2950 donauimus
1267 2889 1299 2950 et

169 2993 368 3061 contulimus
384 2993 454 3058 inre
470 2998 625 3078 perpetuo
643 2999 675 3058 et
690 2991 950 3058 irreuooabiliter
964 2991 1196 3076 possidendam
1211 2990 1299 3076 pari-

166 3110 221 3167 ter
237 3105 270 3166 et
285 3099 476 3185 tenendam3
491 3097 655 3183 predictas
670 3104 819 3186 patentes
839 3098 967 3166 litteras
984 3119 1048 3165 non
1065 3100 1214 3184 abrasas,
1230 3119 1298 3165 non

168 3209 383 3294 cancellatas,
400 3227 461 3274 nec
478 3209 511 3274 in
528 3207 638 3292 aliqua
656 3207 816 3291 suiperte
831 3206 970 3274 violatas
987 3205 1028 3274 de
1044 3207 1142 3273 verbo
1159 3208 1201 3272 ad
1227 3225 1298 3273 ver·

165 3319 248 3383 bum
265 3317 468 3403 presentibus
484 3317 583 3384 inseri
599 3317 767 3384 iacientes.
784 3317 821 3381 In
837 3316 926 3382 cuius
944 3316 992 3382 rei
1007 3314 1196 3382 memoriam
1222 3312 1301 3398 dup-

166 3423 269 3509 pliois
285 3423 385 3505 sigilli
401 3423 504 3488 nostri
520 3423 696 3488 munimine
712 3422 882 3489 roboratas
897 3428 1065 3506 presentes
1082 3420 1303 3488 concessimus

165 3531 307 3596 litteras.
324 3528 447 3595 Datum
464 3549 521 3614 per
537 3549 652 3597 manus
669 3528 800 3597 disereti
815 3529 876 3597 viri
893 3530 1051 3616 Stephani
1067 3527 1302 3596 Archidiaconi

165 3637 320 3703 Ecclesie
336 3635 488 3704 Albensis
514 3636 748 3704 Transsiluane
774 3637 848 3704 aule
873 3643 984 3704 nostre
1009 3634 1299 3718 Viae-Cancellarij

165 3744 284 3811 dilecti
301 3747 333 3810 et
349 3743 453 3812 fidelis
469 3745 571 3813 nostri
586 3755 671 3812 anno
680 3744 813 3813 Domini
828 3745 1120 3832 M⁰trecentesimq
1130 3742 1236 3827 Regni
1246 3763 1301 3810 no-

165 3854 230 3922 stri
247 3871 335 3919 anno
353 3852 487 3920 decimo.

206 4049 256 4116 (Aa
271 4045 455 4116 Okoliosdnyi
466 4045 558 4102 esaltd
569 4047 757 4112 levdltdrtbbl,
767 4050 875 4104 hbnblto
887 4049 968 4102 ndhai
982 4049 1122 4117 Szontagh
1134 4047 1253 4116 Daniel.)

213 4631 317 4668 nosen.
335 4630 418 4669 sunno.
434 4631 505 4670 uren.
521 4642 564 4654 —-
579 4635 689 4672 nuncu.
708 4627 742 4673 lt.
