3120 5172
661 956 738 1026 loc.

144 1155 239 1225 VIII.
257 1158 420 1246 Bouifutca
430 1161 522 1245 papa
542 1157 694 1224 Peteruek
713 1156 834 1242 ojonao
859 1157 1034 1224 kinsoezett
1057 1158 1199 1244 palatui
1224 1160 1270 1224 er

140 1265 246 1332 sainct
257 1266 448 1354 augmenti,
459 1267 725 1353 uopyacupozyi,
735 1289 819 1353 capy
828 1265 1011 1332 burmimda
1021 1267 1104 1332 tract
1120 1267 1269 1354 ditalfel-

509 1375 778 1442 suenteltetteestk.
803 1372 899 1440 1297.

243 1533 432 1603 Bonifatius
447 1533 630 1622 Episcopus
645 1552 760 1602 servus
776 1553 942 1600 servorum
967 1531 1029 1600 Dei
1057 1532 1174 1602 dilecto
1201 1539 1269 1604 filio

136 1641 231 1710 fratri
245 1643 342 1710 Petro
358 1645 469 1710 Eleoto
485 1641 676 1730 Spaletensi
691 1641 834 1710 salutem
851 1645 884 1708 et
898 1641 1119 1729 Apostolioam
1136 1643 1269 1710 benedi·

135 1751 288 1818 ctionem.
305 1747 385 1817 Cum
400 1769 502 1837 nuper
519 1749 708 1835 Spalutensi
726 1749 872 1816 Ecclesie
887 1757 964 1816 tunc
986 1750 1118 1818 vacanti
1135 1758 1269 1836 propter

138 1866 273 1926 tuorum
290 1857 510 1944 exhigentiam
543 1859 732 1927 meritorum
764 1855 806 1923 de
836 1877 979 1943 persona
1005 1863 1062 1924 tua
1086 1857 1269 1927 duxerimus

146 1967 402 2053 providendum:
418 1967 487 2036 Nos
503 1969 651 2036 volentes
667 1967 733 2034 tuis
750 1973 784 2033 et
800 1962 944 2033 Ecclesie
959 1971 1012 2032 tue
1029 1984 1163 2052 parcere
1183 1967 1274 2035 labo.

139 2077 228 2142 ribus
244 2081 278 2141 et
293 2075 453 2162 expensis,
471 2095 552 2160 quas
577 2080 609 2140 te
635 2080 761 2160 oportet
785 2071 893 2142 subire
918 2071 1088 2158 veniendo,
1116 2071 1271 2142 morando

140 2189 173 2250 et
193 2181 368 2272 redeundo,
394 2183 439 2250 ud
465 2181 582 2250 Sedem
608 2181 829 2270 Apostolicam
853 2201 911 2270 pro
943 2181 1194 2251 consecrationis
1219 2190 1273 2251 tue

141 2309 276 2358 munere
293 2290 479 2378 obtinendo,
489 2288 668 2375 recipiendi
678 2287 888 2356 urerer-abili
902 2288 1006 2356 fratre
1016 2295 1126 2357 nostro
1138 2343 1145 2358 .
1157 2339 1185 2355 ..
1215 2290 1274 2357 Ar·

146 2395 357 2484 chiepiscopo
381 2397 608 2483 Neapolitano,
623 2393 675 2462 vel
692 2415 712 2461 a
728 2415 917 2480 quocunque
941 2396 1097 2463 malueris
1122 2396 1188 2462 alio
1217 2396 1276 2463 Ar·

142 2502 348 2590 chiepiscopo
365 2505 416 2573 vel
431 2504 593 2591 Episcopo
620 2501 796 2588 Catholico,
815 2503 955 2588 gratiam
972 2508 1003 2571 et
1018 2503 1272 2570 communionem

144 2611 334 2696 Apostoliee
350 2611 444 2680 Sedis
459 2611 610 2696 habente,
621 2609 877 2679 consecrationis
886 2631 1002 2680 munus
1012 2609 1196 2679 huiusmodi
1206 2612 1275 2678 iux·

143 2725 179 2785 ta
192 2720 344 2807 formem,
360 2739 424 2804 que
441 2719 475 2786 in
490 2719 727 2805 Episcoporum
764 2717 1274 2806 consecrationibusobservatur,

144 2825 281 2893 liberam
306 2827 366 2894 tibi
395 2827 602 2896 concedimus
627 2825 824 2894 auctoritate
847 2827 1048 2912 presentium
1074 2827 1275 2896 facultatem.

147 2935 268 3002 Datum
282 2936 384 3001 Rome
400 2934 488 3020 apud
503 2934 658 3002 Sanctum
673 2933 806 3001 Petrum
821 2933 895 3004 ΧΠ.
916 2935 1076 3004 kalendas
1085 2937 1106 3003 J
1108 2937 1183 3022 unii,
1193 2936 1277 3002 Pon-

147 3041 262 3109 ficatur
276 3041 379 3108 nostri
394 3059 480 3107 anno
496 3039 608 3108 tercie.

149 3199 284 3269 (Theiner,
297 3203 398 3257 Vetera
409 3203 587 3255 Monumenta
600 3201 744 3256 Slavmum
753 3204 974 3257 Meridionaliurn
983 3205 1123 3256 historiam
1134 3204 1278 3256 ilsustran·

581 3294 622 3345 tia
633 3295 656 3348 1.
669 3293 725 3345 lrttt.
744 3295 805 3345 113.
819 3292 850 3358 1.)

604 3544 812 3558 tm...-

678 3991 756 4063 ltu.

158 4151 250 4220 VHI.
267 4155 432 4242 Bouifdcz
445 4160 536 4245 popo
550 4155 666 4224 Janou
681 4157 802 4243 judrui
826 4154 938 4224 traete
962 4155 1101 4224 tioeuezi
1125 4163 1216 4227 trani
1240 4165 1285 4224 ἐν·

600 4265 718 4332 acuet.
744 4265 841 4334 1297.

265 4425 452 4494 Bonifatius
477 4425 659 4512 Episcopus
683 4443 798 4494 servus
823 4445 989 4496 servorum
1015 4427 1078 4494 Dei
1105 4426 1285 4495 vonerabili

132 4533 248 4630 'fratri
265 4534 409 4602 Johanni
434 4532 687 4618 Archiepiscopo
711 4535 873 4620 quondam
900 4534 1067 4623 Jadrensi,
1097 4533 1130 4601 in
1156 4529 1285 4603 Archio-

153 4641 325 4732 piscopurn
341 4643 542 4709 'l'renensem
558 4640 680 4724 Electo,
697 4645 835 4711 salutem
854 4649 886 4709 et
910 4641 1135 4731 Apostoliaem
1152 4642 1283 4709 benedi·
