3098 5172
75 1159 189 1244 Aoj'oesi
205 1159 339 1224 Martell
366 1157 559 1244 Kciroly,II.
586 1159 713 1247 Kdroly
738 1161 895 1226 sabellini
918 1163 1029 1248 kr‘rdly
1046 1164 1098 1248 fia
1122 1164 1195 1229 Ma·

251 1271 454 1356 pyurorspdp
470 1265 665 1352 lo'rdlya'oulc
682 1269 838 1350 czr'mjtocl
854 1270 891 1333 sl.
911 1270 1008 1336 1295.
1032 1287 1035 1292 '

160 1459 316 1546 ,Karolns
332 1459 475 1528 illustris
490 1460 589 1547 Regis
605 1461 789 1530 Jerusalem
805 1468 838 1529 et
854 1419 966 1529 Sicilie
1003 1464 1194 1548 primogeni-

74 1573 129 1650 tus,
144 1567 208 1633 Dei
224 1567 337 1650 gracia
351 1569 423 1634 Rex
438 1568 600 1653 Vngarie,
629 1567 784 1653 Princeps
809 1568 1044 1654 Salernitanus,
1071 1578 1103 1636 et
1127 1571 1190 1637 Ho·
1271 1593 1276 1600 ·

74 1677 156 1740 noris
173 1676 291 1742 Montis
309 1675 419 1742 Sancti
435 1675 555 1759 Angeli
571 1676 742 1763 Dominus,
758 1676 921 1744 vniuersis
947 1685 1115 1763 presentes
1142 1678 1193 1742 lit·

74 1788 155 1847 teras
171 1783 365 1868 inspecturis
383 1783 529 1849 salntem.
545 1783 625 1848 (lum
641 1783 676 1848 in
693 1788 831 1850 tractatu
848 1783 1044 1869 matrimonij
1071 1790 1195 1850 contra·

74 1887 113 1952 cti
127 1888 214 1954 inter
228 1889 331 1956 virum
349 1889 554 1973 Magnificum
571 1889 735 1956 dominnm
751 1890 906 1956 Karolum
924 1889 1013 1957 elare
1039 1894 1194 1958 memorie

74 1993 188 2060 domini
213 1995 358 2082 Philippi
382 1996 481 2080 Regis
505 1997 644 2063 Francie
668 1997 779 2082 filium,
805 1997 984 2064 Alanzonis
1011 2004 1044 2064 et
1069 1997 1192 2083 Valesij
1282 2083 1285 2092 ῃ

74 2102 272 2187 Comitem,et
281 2101 446 2169 dominam
457 2103 667 2188 Margaritae]
678 2103 875 2170 carissimam
887 2123 1028 2172 sororem
1039 2111 1192 2192 nostram,

74 2218 152 2276 certe
168 2210 234 2276 sint
250 2210 359 2278 habite
385 2217 417 2276 ct
440 2211 566 2279 firmate
591 2210 830 2279 aonncncionns
855 2211 940 2280 iuter
964 2211 1194 2299 Serenissimos

74 2317 248 2404 Principes,
265 2315 431 2385 dominnm
447 2318 605 2386 Karolum
620 2318 783 2386 Illustrern
807 2319 928 2401 Regem
954 2318 1136 2387 Jerusalem
1163 2327 1195 2386 et

74 2424 178 2491 Sicilie
194 2430 320 2510 patrem
337 2431 483 2492 nostrum
499 2444 540 2492 ex
557 2445 623 2493 vna
639 2431 743 2513 parte,
759 2446 799 2492 ac
816 2425 979 2493 dominum
1006 2426 1201 2513 Philippum-

73 2529 205 2599 Francie
222 2532 346 2617 Regem
361 2531 678 2599 Excellentissimum
694 2537 754 2598 suo
770 2551 810 2596 ao
825 2531 928 2617 ipsius
943 2531 1064 2598 domini
1075 2533 1192 2602 Karoli

73 2638 214 2722 germani
230 2639 283 2706 sni
298 2638 428 2706 nomine
445 2659 486 2706 ex
503 2638 626 2724 altera,
645 2646 739 2724 prout
748 2637 989 2706 consensiones
1008 2637 1194 2708 huiusmodi

74 2744 274 2812 eontinentur
290 2764 440 2828 expresse
456 2747 490 2812 in
506 2745 620 2812 litteris
646 2745 750 2830 ipsius
776 2743 935 2828 genitoris
960 2749 1060 2813 nostri
1085 2746 1194 2832 sigillo

73 2849 233 2936 sigillatis,
249 2861 313 2933 que
329 2851 376 2917 sie
391 2850 553 2937 incipiunt
578 2851 611 2917 in
638 2851 689 2918 sui
714 2851 924 2918 narracione:
953 2851 1100 2936 „Tenere
1125 2873 1195 2938 pre

71 2959 212 3024 sencinm
228 2963 339 3024 notum
356 2957 492 3024 iacimus
508 2957 678 3044 uniuersis,
694 2957 781 3040 quod
797 2977 870 3024 cum
896 2977 955 3023 nos
981 2959 1121 3025 obtentis
1145 2979 1195 3028 sn-

70 3083 125 3148 per
139 3063 203 3132 boc
219 3063 354 3132 licencia
369 3072 401 3132 et
416 3084 551 3134 assensu
568 3065 781 3133 Sacrosancte
806 3066 952 3130 Romane
979 3064 1125 3132 Ecclesia
1151 3071 1195 3130 et·

69 3169 207 3260 cetera,“
224 3179 258 3240 et
273 3173 320 3240 sic
335 3174 549 3240 terminantur
565 3179 643 3240 ante
658 3171 789 3239 datam:
808 3169 998 3256 „Presentes
1016 3159 1143 3240 litteras
1153 3172 1196 3240 si·

69 3279 144 3362 gillo
160 3285 274 3348 nostro
290 3279 424 3348 lecimus
440 3277 674 3348 communiri“:
690 3279 769 3366 Nos,
786 3279 841 3363 qni
858 3297 898 3346 cx
913 3275 1024 3344 filialis
1046 3276 1193 3347 dononio·

69 3386 118 3452 nis
133 3387 293 3456 instinctu
307 3407 498 3458 concurrere
513 3407 585 3456 eum
601 3387 748 3474 paternis
765 3383 978 3472 beneplacitis
989 3383 1192 3477 affectamus,

69 3499 181 3560 notum
197 3491 334 3561 facimus
351 3495 517 3562 uniuersis
528 3499 593 3561 tam
610 3493 814 3581 presentibus
830 3513 927 3577 quam
944 3491 1080 3577 futuris3
1108 3493 1197 3576 qnod

69 3601 310 3668 connenciones
326 3601 502 3689 predictas,
520 3622 659 3670 necnon
685 3599 933 3685 alieuaoionem,
959 3599 1195 3683 quietacionem

68 3713 97 3774 et
111 3707 349 3776 tradiceionem
364 3709 399 3776 in
415 3709 502 3776 dicto
518 3713 661 3776 tractatu
676 3707 872 3792 matrimonij
890 3707 996 3773 factas
1013 3725 1072 3791 per
1087 3705 1193 3791 ipsum

68 3812 235 3882 dominnm
268 3823 393 3902 patrem
418 3821 563 3883 nostrum
588 3815 675 3882 dieto
700 3814 832 3881 domino
859 3813 980 3881 Karolo
1005 3813 1071 3879 filio
1096 3813 1196 3896 Regis

67 3919 221 4008 Francis,
238 3941 278 3990 ac
293 3922 439 4007 predicto
456 3921 589 3990 domino
599 3921 681 4005 Regi
695 3921 861 4007 Philippo,
880 3920 972 3987 cuius
988 3919 1195 4004 ipsegerma·

67 4047 125 4095 uns
141 4027 266 4115 existit,
284 4028 324 4095 de
340 4027 555 4096 comitatibus
571 4027 765 4112 Andaganie
781 4036 813 4094 et
829 4025 1035 4114 Cenomanis,
1053 4045 1124 4092 cum
1141 4024 1197 4090 bo·
1329 4057 1335 4067 ·

65 4135 218 4219 minibus,
235 4134 384 4221 vasallis,
397 4135 689 4222 jurisdictionibus,
701 4133 831 4222 Jnribus
847 4142 879 4201 et
895 4131 1105 4220 pertinencijs
1132 4153 1196 4199 om·

66 4241 159 4309 nibus
178 4241 399 4308 Comitatuum
415 4241 601 4327 eorundem,
620 4247 717 4326 prout
731 4241 791 4309 bec
808 4239 918 4308 omnia
933 4241 966 4307 in
977 4237 1130 4326 predictis
1140 4237 1192 4307 lit·

67 4348 140 4416 teris
158 4349 379 4434 eontinentur,
391 4349 551 4435 volumus,
565 4347 747 4433 laudamus,
760 4353 851 4415 ratas
862 4353 892 4414 et
902 4355 1013 4434 gratas
1026 4345 1194 4430 habemus,

67 4463 97 4524 et
110 4465 228 4526 tenore
245 4454 449 4543 presencium
465 4457 695 4544 approbamus,
713 4461 861 4522 nostrum
877 4455 912 4522 in
928 4452 1081 4541 predictis
1096 4452 1197 4517 omni·

75 4567 146 4656 bns,
164 4563 265 4634 nobis
280 4582 321 4631 ex
336 4563 463 4649 integro
487 4563 637 4652 perlectis
664 4570 696 4631 ct
720 4562 850 4651 plenius
875 4563 1102 4650 intelligentes,
1127 4577 1198 4652 pre·
