3132 5162
771 209 936 316 L

396 404 604 490 Priuileginm
622 411 728 472 autem
745 405 821 474 dioti
837 403 958 472 domini
974 407 1072 491 Regis
1104 405 1249 474 Lsdizlai
1278 406 1418 472 eontinet

291 515 375 580 huno
392 519 551 579 tenorem:

396 620 570 688 Ladinlaus
586 623 626 686 D.
643 642 690 704 gr.
709 619 874 705 llnngarie
890 627 949 688 eto.
965 621 1036 710 Ber
1053 629 1113 689 eto.
1132 620 1346 708 (kovetkezik
1363 620 1414 685 lv.

289 730 403 798 Ltszlt
420 729 597 812 kirtlynalr
616 727 753 796 rats-ki
768 728 934 812 olrmdnya
950 729 1030 796 mint
1046 728 1331 816 gyojtemonynnr
1360 728 1416 794 lx.

290 838 406 924 vagyis
422 859 443 904 a
459 836 608 904 misodilr
624 835 744 922 lolyam
762 837 816 904 IV.
835 837 1019 904 kotettben.
1039 842 1114 905 207.
1131 837 1171 925 1.)

396 947 462 1012 Nos
478 945 577 1028 igitur
592 945 649 1031 pia
664 943 800 1010 lenitate
816 945 917 1030 Regio
943 945 1124 1012 Maiestatis
1150 944 1329 1012 seeundum
1356 945 1416 1009 exi-

289 1053 434 1137 geneiam
453 1060 484 1118 et
500 1053 732 1138 plenitudinem
753 1053 883 1139 justioie
899 1051 1039 1120 eiusdem
1059 1053 1183 1118 Mathia
1208 1052 1265 1137 filij
1292 1050 1419 1118 Andree

289 1160 381 1227 iustis
406 1160 618 1246 peticionibus
643 1160 801 1244 inclinati,
827 1161 985 1247 premisse
1012 1161 1277 1230 commutacionis
1302 1161 1417 1226 seriem

289 1269 360 1335 sine
375 1267 512 1334 formam
527 1274 631 1334 ratam
648 1268 813 1357 habentes,
847 1270 936 1336 onius
968 1290 1100 1336 eausam
1133 1277 1164 1334 et
1180 1249 1338 1353 originem
1356 1273 1418 1331 tra·

290 1375 374 1442 serit
404 1383 436 1443 et
466 1377 613 1444 habuerit
643 1377 812 1445 initialiter
842 1399 863 1444 a
894 1377 1105 1446 serenissimo
1130 1379 1219 1462 Rege
1251 1375 1331 1442 Bela
1357 1395 1418 1442 ano

288 1491 395 1552 nostro
410 1484 591 1570 karissimo,
608 1485 697 1552 ouius
712 1505 827 1550 nomen
859 1485 893 1550 in
925 1503 1018 1550 ennm
1050 1504 1108 1569 per
1138 1483 1274 1567 gloriam
1307 1482 1417 1548 ninere

289 1600 446 1678 densetur,
469 1592 660 1658 anctoritate
684 1593 886 1678 presencium
911 1592 1061 1658 duximus
1088 1591 1346 1658 oorfirmandam.
1378 1590 1415 1654 In

289 1701 378 1768 onius
394 1701 441 1766 rei
457 1700 641 1768 memoriam
659 1707 910 1786 perpetuamque
936 1700 1120 1766 firmitatem
1147 1705 1316 1784 presentes
1343 1717 1415 1763 oon-

290 1809 442 1876 oessimns
458 1808 581 1875 litteras
607 1808 745 1894 dupliois
770 1807 869 1889 sigilli
894 1807 996 1874 nostri
1020 1807 1197 1873 munimine
1222 1803 1414 1872 roborando.

288 1913 403 1984 Datum
419 1935 476 2001 per
492 1935 605 1982 manus
621 1914 821 1982 venerabilis
837 1914 897 1980 viri
914 1915 1061 1998 Magistri
1078 1914 1240 1980 Theodori
1252 1911 1413 1999 Propositi

288 2023 447 2111 Albensis,
463 2024 536 2092 aule
552 2031 659 2090 nostre
674 2025 753 2090 Vioe
769 2023 974 2109 (lancellarij,
989 2021 1098 2088 dileoti
1125 2027 1157 2086 et
1172 2021 1279 2087 fidelis
1303 2019 1418 2100 nostri,

287 2151 374 2197 anno
405 2129 535 2196 Domini
549 2129 667 2197 M⁰OG⁰
693 2131 913 2216 nonagesimo,
940 2131 1042 2214 Regni
1068 2137 1174 2197 autem
1201 2129 1305 2198 nostri
1331 2145 1417 2194 anno

290 2257 406 2322 prrmo.

395 2434 511 2502 (Hiteles
526 2433 659 2488 mdsolata
674 2433 899 2502 Kdrmoorbdnya
913 2455 949 2492 ιι.
966 2439 991 2488 k.
1006 2434 1085 2488 viros
1100 2434 1307 2500 revolandum.)

742 2725 952 2736 ——---—

831 3248 864 3314 2.

288 3445 354 3510 ΙΙΙ.
370 3445 483 3508 Eudae
501 3444 609 3528 liudp
619 3447 794 3527 rneperu'isitr'
803 3445 824 3508 Ι
828 3444 863 3510 V.
874 3445 991 3510 Luezlo
999 3446 1178 3530 ltirdlyauk
1188 3443 1333 3520 Laadolu
1349 3445 1418 3508 Ro-

285 3559 343 3620 ltus
359 3555 390 3618 6³
407 3551 515 3634 Nyrer
532 3552 724 3636 lelystpekat
748 3555 903 3638 torpyozo
927 3553 1126 3638 odorndnydt
1143 3553 1284 3636 Polyda,
1302 3550 1420 3614 Eudre

669 3659 721 3742 fio
737 3665 897 3726 emmor-a.
927 3662 1024 3727 1290.

391 3855 539 3923 Andreas
555 3857 615 3922 Dei
626 3856 737 3940 gratia
748 3856 928 3945 Hungarie,
943 3856 1125 3945 Dalmaoie,
1142 3855 1287 3938 (moenie,
1299 3855 1418 3941 Reme,

285 3963 571 4052 Sernie‚Bnlgarie,
584 3965 733 4046 Gallioie,
744 3965 942 4052 Lodomerie,
952 3965 1173 4048 (inmaniaque
1185 3965 1255 4029 Rex
1264 3960 1418 4028 omnibus

286 4072 404 4142 Christi
419 4071 567 4142 fidelibus
583 4094 718 4159 presens
735 4075 888 4159 seriptum
906 4073 1098 4159 inspecturis
1123 4073 1260 4140 salntem
1289 4070 1322 4134 in
1349 4069 1416 4135 Do-

284 4183 370 4250 mino
395 4184 632 4269 sempiternam.
660 4183 763 4268 Regia
789 4183 895 4268 pietas
920 4181 1122 4266 singulorum
1147 4181 1262 4248 merita
1285 4185 1419 4244 tenetur

283 4293 464 4378 prospicere
481 4291 573 4358 ooulo
588 4292 731 4379 pietatis,
749 4298 780 4358 et
795 4291 883 4377 ipsos
901 4290 1039 4357 inuitare
1056 4290 1099 4356 ad
1123 4287 1291 4358 fidelitatis
1310 4305 1417 4370 opera

283 4399 465 4468 muneribus
483 4399 655 4485 donatiuis,
672 4407 707 4466 ut
722 4399 778 4484 ulij
792 4419 899 4466 eorum
917 4401 1064 4486 exemplo
1079 4395 1207 4466 inuitati
1239 4391 1417 4460 ardenoins

282 4508 485 4577 famulentur.
507 4507 642 4598 Proinde
659 4509 702 4576 ad
718 4509 939 4576 uniuersorum
955 4507 1107 4584 noticiam
1125 4507 1271 4574 volomus
1297 4518 1417 4589 perue-
