3170 5166
643 317 810 420 ..ἑό-5-

155 513 298 592 uocata;
316 509 393 574 item
411 507 579 594 Ceparium
595 510 698 580 filium
715 511 865 580 Garabus
882 511 916 578 in
941 511 1021 580 uilla
1051 533 1111 581 sna
1142 514 1294 582 Decherk

159 621 299 700 uocata;
317 615 396 682 item
411 615 616 703 Dyonisium,
631 618 758 705 Bakcn,
775 620 871 703 Ysac,
904 618 1065 686 Thomam
1097 625 1130 690 et
1160 619 1292 688 Petrum

159 721 242 789 filios
258 724 354 809 Elley
370 724 404 790 in
420 730 509 792 terra
525 725 670 811 ipsorum
686 726 845 815 Rednulr3
861 725 938 794 item
954 727 1081 796 Budam
1097 726 1291 796 seruientem

160 831 317 917 ipsorum,
334 851 373 896 ac
388 832 476 899 Pous
493 851 624 899 seruum
641 833 827 922 eorundem,
843 835 921 901 item
944 833 1056 903 uillam
1089 833 1241 902 Kulkasa
1271 855 1292 900 a

159 938 299 1023 speciali
315 939 356 1005 dc
372 937 497 1025 eadem,
515 938 599 1006 Pous
616 949 649 1009 et
663 941 819 1026 Egidium
834 941 936 1008 filium
953 943 1032 1030 eius,
1049 944 1102 1010 cui
1117 942 1195 1010 villo
1224 948 1291 1009 sta·

161 1053 253 1114 tuere
271 1045 508 1134 commisisset3
526 1048 606 1116 item
623 1049 813 1118 Ladislaum
830 1047 932 1115 filium
946 1049 1056 1138 Eccer,
1072 1049 1116 1116 ad
1146 1053 1289 1115 nostram

156 1151 361 1238 presenciam
377 1151 420 1218 ad
436 1152 618 1238 quindenas
635 1155 728 1222 Beati
745 1155 923 1241 Myohaclis
947 1155 1145 1240 Archangeli
1175 1160 1290 1222 contra

157 1258 297 1325 eundem
314 1259 469 1327 Comitem
484 1261 667 1330 Johanuem
685 1263 860 1332 citanisset.
876 1265 996 1328 Datum
1012 1262 1047 1330 in
1062 1262 1146 1328 foria
1170 1281 1285 1332 secun-

153 1366 200 1430 da
216 1363 395 1449 supradito.

264 1469 419 1538 Kivul:
445 1471 605 1540 Oitatorie
637 1497 695 1560 pro
729 1476 851 1543 Comite
882 1476 1033 1544 Johanne
1064 1483 1175 1543 contra
1204 1475 1289 1543 filios

152 1576 291 1646 Granoh
307 1584 340 1642 et
356 1579 448 1644 alios.

156 1773 295 1838 (Eredotie
308 1773 484 1841 birhtrtyin,
498 1790 514 1826 a
528 1774 618 1840 pecstt
631 1778 776 1840 eiveszett3
798 1793 815 1828 a
827 1787 872 1828 'rm
897 1781 923 1832 b.
956 1777 1065 1846 Vcosey
1085 1775 1178 1828 csalid
1204 1777 1287 1831 level·

651 1863 788 1932 tarthan.)

678 2447 756 2516 316.

154 2649 401 2732 Tirveuykeztai
415 2650 563 2732 okmdny,
581 2667 620 2710 az
638 2621 742 2710 couri
758 2649 891 2712 Kourdd
908 2658 1020 2712 caestor·
1037 2651 1070 2712 ἑο
1086 2646 1285 2710 erdektcirsai

144 2780 164 2821 a
182 2756 308 2822 Miletos
324 2752 500 2838 Gyutriuuk
510 2755 562 2836 fla
578 2753 647 2818 lriict
664 2752 787 2817 Zechke
798 2753 1089 2858 bertolctdrpydbaa
1101 2752 1286 2816 tortonendt

441 2861 670 2924 br'rovdlaaztcia
686 2860 787 2922 icant.
804 2859 853 2923 Ec
870 2859 986 2926 actual.

258 3054 383 3120 Damus
400 3074 458 3140 pro
475 3052 649 3118 memoria:
665 3049 754 3139 quod
771 3069 914 3134 oausam,
927 3069 1025 3132 quam
1043 3050 1199 3136 Magister
1210 3051 1286 3116 Cor·

148 3161 265 3231 raldus
281 3161 367 3228 filius
384 3158 540 3244 Stephani
557 3155 598 3223 dc
614 3157 723 3243 coar,
738 3157 853 3222 Petrus
886 3155 927 3222 de
959 3157 1081 3243 Inslou‚
1114 3157 1282 3224 Dionisiue

146 3271 237 3336 filius
254 3267 401 3351 Grogori,
417 3267 498 3352 Scyl
514 3264 556 3332 de
573 3264 691 3349 Zeoke,
709 3263 908 3329 Laurcnoius
926 3261 1057 3348 Caluus,
1076 3271 1109 3329 et
1139 3265 1282 3330 Lauren-

149 3378 224 3445 cius
239 3375 324 3446 iilius
340 3373 457 3459 Beche,
474 3371 654 3456 Gregorius
672 3377 703 3438 et
720 3370 909 3454 Stephanus
928 3370 987 3458 filij
1005 3369 1112 3438 Beche
1129 3369 1170 3435 dc
1186 3369 1284 3436 Both·
1409 3431 1418 3448 ,

144 3485 194 3549 ka
209 3488 324 3550 contra
341 3482 513 3548 Nicolaum
529 3479 630 3548 filium
647 3480 731 3563 Jula,
750 3485 782 3544 et
805 3479 963 3546 Aradiam
989 3477 1163 3546 officialem
1197 3477 1283 3542 eius-

144 3593 232 3678 dem,
249 3589 423 3658 officialem
439 3589 580 3674 Nicolay
599 3607 697 3674 super
713 3586 801 3653 tacto
833 3586 1006 3652 cuiusdam
1039 3589 1123 3652 terre
1153 3584 1284 3652 Zechke

143 3703 263 3764 uocate
279 3697 314 3762 in
332 3695 507 3778 quindenis
524 3695 636 3762 Sancti
654 3693 784 3780 Georgij
803 3693 838 3760 in
854 3693 958 3760 nostri
983 3691 1157 3778 presencia
1185 3691 1285 3760 habe·

142 3806 237 3887 bant,
255 3822 314 3888 per
331 3803 524 3887 peticionem
541 3803 688 3886 parcium
705 3799 938 3884 abrogauimus
954 3799 999 3866 ad
1026 3798 1194 3866 arbitrium
1220 3801 1284 3865 An-

141 3910 225 3978 dree
242 3909 284 3976 rie
298 3909 397 3996 Fyles
415 3917 447 3976 et
461 3908 590 3976 Alberti
605 3907 646 3973 dc
661 3905 731 3974 Lod
776 3926 858 3990 quos
889 3907 1047 3993 Magister
1063 3902 1220 3972 Goraldus
1252 3911 1285 3971 et

141 4013 224 4098 socij
242 4015 292 4083 sui
310 4015 483 4104 adducent,
499 4015 577 4083 item
592 4015 728 4080 Martini
746 4010 786 4080 dc
801 4013 898 4081 Alma
928 4022 960 4083 ct
976 4014 1112 4100 Chetlcy
1127 4011 1185 4096 fiiij
1219 4012 1285 4078 Ma-

144 4123 237 4210 they,
255 4141 339 4206 quos
354 4143 432 4210 pars
447 4123 591 4190 aduersa
607 4120 757 4188 adducet.
771 4118 834 4197 Qui
846 4121 976 4206 quidem
989 4125 1023 4189 in
1036 4121 1161 4189 octaris
1172 4119 1285 4186 Sancti

142 4230 265 4299 Jacobi
281 4229 431 4316 Apostoli
447 4249 546 4317 super
561 4229 646 4296 facie
662 4227 749 4296 dicte
772 4233 857 4294 terre
882 4230 1017 4298 Zechke
1048 4233 1199 4316 presente
1229 4227 1284 4293 ho-

142 4339 233 4406 mine
248 4337 485 4407 cruciferorum
501 4337 543 4404 de
573 4337 665 4404 Oknr
698 4334 942 4404 arbitrabuntur
975 4337 1061 4404 inter
1082 4341 1203 4421 partes.
1245 4335 1286 4400 Et

139 4445 300 4530 quicquid
325 4441 425 4530 ijdem
458 4444 574 4512 arbitri
603 4442 845 4512 arbitrabuntur
877 4443 962 4511 inter
996 4451 1129 4530 partes,
1163 4440 1285 4508 debent

140 4557 255 4638 partes
270 4547 427 4624 tolerare.¹
437 4553 519 4622 Pars
534 4571 613 4623 uero
629 4551 671 4620 de
687 4551 824 4620 arbitrio
835 4551 1056 4639 predictorum
1075 4550 1221 4619 uirorum
1236 4569 1286 4618 re.
