3120 5172
805 285 966 384 ,00-

309 479 491 565 01000001ος
508 459 586 544 item
602 476 755 543 Nioolaus
775 485 807 541 00
832 476 988 544 Veohlow
1005 477 1063 561 filij
1091 477 1216 544 Nicolai
1232 476 1292 561 filij
1312 478 1441 544 Leusa-

313 585 382 671 ahij
402 605 460 672 pro
476 605 532 669 sa,
546 583 692 668 Thema,
717 583 858 671 Desew,
891 581 1026 651 Pethew
1045 591 1077 649 at
1092 583 1268 651 Benedioto
1285 583 1363 668 filijs
1378 584 1441 651 suis

308 711 393 757 -eum
409 691 525 756 litteris
543 688 685 757 eiusdem
707 690 848 774 Capituli
874 689 1078 773 Vaebyensis
1104 690 1236 775 plenum
1260 689 1441 757 continenti-

311 798 380 865 11000
398 796 604 882 mandatum
630 797 706 864 item
731 795 901 864 Johannes
927 797 1014 863 filius
1040 796 1192 882 Symonis
1217 789 1275 883 iilij
1294 796 1442 881 Symonis

319 907 406 972 Bani
422 925 480 990 pro
496 925 532 971 se
548 909 581 970 et
611 925 670 990 pro
687 903 852 989 Stephano
880 904 946 970 lilio
964 923 1043 989 suo;
1075 905 1152 970 10000
1185 904 1344 971 Niaolaus
1361 902 1441 969 filius
1555 925 1556 944 ³

310 1013 442 1079 ,Zolueh
457 1031 514 1098 pro
532 1031 568 1078 00
586 1018 618 1078 01
643 1010 791 1078 Johanna
807 1011 908 1078 fratre
934 1031 992 1078 suo
1024 1032 1093 1078 oum
1110 1011 1347 1079 ratihabioione
1363 1009 1441 1074 litte-

319 1139 428 1184 rarum
446 1118 522 1185 dieti
541 1117 683 1203 Capituli
699 1117 915 1203 Waahyonsis
932 1118 975 1183 ab
991 1137 1056 1184 rna
1072 1124 1164 1204 parte
1175 1140 1182 1202 ;
1194 1117 1271 1183 item
1288 1115 1442 1201 Magister

310 1224 500 1292 'Markasius
530 1225 614 1292 tilius
631 1223 765 1292 (iornitis
784 1224 911 1292 Folkus
942 1223 1042 1290 frater
1072 1223 1247 1290 eorundem
1278 1222 1443 1306 patruelis,

312 1333 686 1400 Ι1010000000011100000
710 1333 766 1416 filij
794 1330 1005 1414 eiusdampro
1031 1350 1085 1416 se,
1103 1331 1279 1415 Michaele,
1297 1329 1440 1412 Niaolao,

319 1437 428 1523 Petro,
446 1438 624 1524 Stephano,
642 1437 836 1506 Laustaehio
862 1443 895 1504 00
911 1438 1023 1504 Blasio
1040 1436 1196 1504 fratribus
1213 1437 1281 1502 suis
1297 1435 1443 1502 similiter

312 1565 392 1610 oum
418 1545 536 1610 litteris
568 1543 796 1630 procuratorijs
822 1542 966 1628 Capituli
999 1542 1202 1626 Vaohyonsis
1228 1542 1387 1608 antediati
1401 1542 1439 1607 ab
1555 1541 1556 1546 ’

312 1651 426 1718 010000
442 1671 550 1718 eoram
568 1651 663 1717 nobis
690 1651 857 1716 constituti
888 1651 1020 1736 propria
1047 1649 1080 1714 in
1096 1669 1252 1736 persona,
1270 1647 1373 1732 ijdem
1389 1648 1443 1732 Sy-

313 1778 395 1824 mon
411 1764 442 1824 00
457 1757 601 1826 Thomas
617 1755 765 1841 Magistri
781 1765 813 1824 et
828 1757 887 1843 filij
905 1757 1030 1824 Zoluoh
1041 1757 1220 1846 memorati
1237 1756 1271 1821 in
1287 1757 1442 1822 uniuersis

320 1865 427 1931 causis
444 1885 562 1950 eorum,
580 1885 662 1947 quas
678 1884 775 1949 super
790 1863 952 1930 diuisione
977 1863 1219 1948 possessionum
1243 1881 1374 1929 suorum
1391 1861 1442 1927 be·

312 1969 546 2038 reditariarum
564 1970 729 2054 Liberehe,
746 1969 885 2057 Prophe,
904 1970 991 2037 Grab
1009 1977 1040 2036 et
1057 1969 1219 2040 Zalathna
1235 1975 1441 2050 voeatarum3

319 2078 396 2144 item
427 2077 583 2144 Niodlaus
599 2082 631 2143 et
647 2077 799 2144 Veohlow
830 2096 904 2142 oum
926 2077 1081 2154 fratribus
1106 2077 1173 2142 suis
1191 2075 1397 2158 memoratis;
1414 2079 1444 2138 et

311 2185 488 2252 ..lohannes
504 2183 588 2250 lilius
604 2183 755 2270 Symonis
774 2204 845 2249 oum
871 2184 1037 2267 Stephano
1063 2183 1163 2251 hatra
1179 2204 1259 2270 suo,
1276 2169 1440 2250 simuloum

320 2290 477 2374 Magistro
493 2289 634 2372 Symone
651 2294 683 2355 00
698 2290 826 2356 Thomu
846 2296 877 2354 00
893 2289 970 2373 lilijs
987 2288 1129 2357 Solonoh
1145 2309 1243 2374 super
1259 2287 1348 2354 faoto
1365 2287 1442 2354 slia-

321 2417 390 2463 rum
408 2397 649 2480 possessionum
666 2397 826 2483 Stephani
841 2397 1003 2482 11γο000,
1023 2396 1117 2481 Gyuh
1134 2403 1166 2464 00
1181 2395 1295 2462 Α1000
1313 2400 1442 2461 000000-

321 2523 391 2569 000
409 2511 520 2570 eontra
552 2504 659 2588 ipsum
683 2505 876 2588 Magistrum
901 2506 1097 2572 Farkasium
1122 2503 1255 2570 fratrem
1282 2523 1394 2569 eorum
1413 2507 1443 2564 00

313 2609 405 2676 Ι011100
423 2611 565 2678 eiusdem
582 2618 754 2679 annotatos
779 2619 947 2679 mouerant
972 2617 1004 2680 00
1020 2631 1149 2678 000000
1164 2609 1388 2688 intendebant,
1405 2609 1443 2672 ob

323 2717 484 2783 uinculum
500 2715 714 2784 fraternitatis
746 2725 779 2784 00
803 2725 913 2785 00000
940 2717 1126 2785 dileccionis
1153 2739 1211 2804 pro
1236 2737 1275 2783 00
1291 2719 1443 2796 maxima,

312 2825 406 2906 duod
421 2824 499 2906 quia
514 2823 616 2909 ijdem
632 2825 754 2909 Symon
771 2832 802 2891 et
818 2826 962 2893 Thomas
986 2824 1138 2910 Magistri
1162 2843 1201 2890 aa
1225 2823 1283 2907 filij
1301 2821 1442 2888 Zoloueh

321 2931 477 3000 antedioti
492 2932 525 2997 in
543 2933 720 3017 prenotatis
745 2933 1008 3018 possessionibus
1033 2936 1225 3018 perpetuam
1249 2929 1444 2996 diuisionem

317 3059 378 3122 por
394 3036 549 3105 Comitem
566 3041 755 3106 Miahaelam
778 3047 811 3106 00
826 3041 969 3108 Zoloueh
994 3047 1106 3124 patres
1131 3039 1275 3124 ipsorum
1292 3057 1330 3104 aa
1345 3036 1444 3119 Magi·

312 3145 770 3214 Δ000001100100010001001000
790 3146 892 3216 101000
918 3157 951 3214 00
977 3147 1125 3215 extitisse
1150 3146 1335 3227 sciuerunt,
1354 3149 1386 3208 00
1402 3145 1445 3207 in·

311 3253 507 3320 strumentis
524 3253 640 3320 exinde
657 3255 814 3322 conseatis
833 3256 896 3323 lide
914 3255 1062 3322 uiderunt
1079 3254 1228 3336 oculata5
1245 3271 1280 3319 00
1297 3249 1447 3316 dixerunt

321 3359 531 3426 renunciasse
547 3365 580 3426 00
597 3363 699 3426 eeiam
715 3361 946 3429 000000100000
962 3382 1070 3430 00000
1090 3360 1184 3428 nobis
1201 3377 1312 3426 00000
1328 3375 1444 3424 000000

322 3483 380 3529 000
398 3465 481 3544 litos,
498 3485 580 3549 quas
596 3467 728 3535 0001000
744 3469 903 3552 premissa
919 3475 1030 3535 000000
1045 3467 1236 3552 Magistrum
1250 3464 1445 3531 Farkasium
1555 3445 1556 3482 ³

321 3579 353 3638 00
368 3572 451 3639 filios
468 3573 612 3640 eiusdem
628 3573 833 3659 supradictos
853 3576 1067 3644 suscitassent
1081 3575 1136 3644 uel
1152 3571 1308 3643 suscitare
1325 3570 1445 3656 potuis·

311 3679 441 3745 sentin
457 3677 598 3747 futurum
629 3683 670 3748 ob
698 3683 861 3752 uinoulum
893 3690 1048 3769 perpetue
1080 3683 1172 3768 paeis
1197 3676 1445 3758 obseruandum,

312 3783 455 3852 sedatus
472 3807 543 3856 0000
559 3789 730 3857 voluerunt
755 3799 786 3857 et
811 3793 940 3858 omnino
967 3790 1112 3873 sopitas;
1140 3787 1303 3872 quasdam
1319 3801 1446 3870 posses-

320 3891 428 3958 siones
444 3891 484 3958 de
500 3894 653 3980 predictis
673 3897 935 3981 possessionibus
961 3897 1085 3964 soilioet
1110 3895 1276 3981 Sosthen,
1302 3889 1446 3972 Rimooh,

313 3998 415 4085 ·Gyah
431 4007 463 4066 et
479 4000 594 4070 Almus
610 4011 744 4072 vocatas
762 4025 831 4070 oum
853 4005 1001 4072 omnibus
1027 4003 1220 4072 utilitatibus
1247 4001 1317 4069 suis
1332 4005 1364 4066 00
1378 4016 1446 4083 per·

229 4169 240 4186 ,
320 4105 471 4191 tinenoijs
490 4110 653 4178 uniuersis
678 4113 743 4199 ipsi
768 4115 926 4199 Magistro
952 4111 1111 4179 Farkasio
1144 4115 1176 4178 00
1201 4129 1260 4196 par
1287 4127 1361 4175 eum
1377 4103 1445 4172 suis

320 4211 493 4282 heredibus
510 4217 729 4303 heredumque
745 4239 875 4287 suorum
895 4219 1138 4287 suecessoribus
1165 4222 1321 4304 perpetuo
1338 4213 1443 4296 quiete

315 4319 440 4402 pariter
456 4327 488 4388 00
503 4323 638 4406 pauidos
663 4325 872 4411 relinquendo
900 4333 932 4393 00
959 4327 1081 4412 pariter
1105 4321 1322 4408 resignando,
1348 4325 1442 4385 retra·

320 4425 428 4492 hendo
445 4432 574 4497 omnino
591 4451 707 4499 manus
724 4453 800 4502 suas
818 4443 850 4502 00
866 4454 997 4502 suorum
1023 4449 1248 4502 suceessorum
1266 4450 1287 4496 a
1303 4425 1441 4494 dominio

313 4534 466 4617 ipsarum
482 4539 723 4618 possessionum
749 4542 834 4609 dioto
859 4544 1016 4628 Magistro
1041 4541 1204 4608 Markasio
1228 4544 1261 4606 et
1285 4535 1438 4602 0010000-
