3112 5158
88 1137 119 1203 A
137 1140 261 1204 adradi
276 1139 475 1205 kooventaelr
489 1141 764 1228 bizoayscipleoele‚
782 1144 865 1228 luopy
889 1125 1011 1226 Duruq
1036 1161 1136 1206 eomer
1152 1139 1224 1222 fiai

89 1247 202 1312 Eched
216 1256 295 1311 naeu
303 1247 454 1332 fdldttlret
479 1251 682 1335 odqomltuolc
708 1247 885 1335 Gyulduulr
910 1248 1105 1334 dtoaqedtdk.
1133 1248 1220 1313 1291

196 1461 222 1526 1.
241 1459 465 1528 misericordia
480 1462 604 1529 Diuina
619 1464 810 1548 Propositus
836 1469 869 1528 et
894 1459 1080 1528 Oonuentus
1106 1461 1220 1527 Sancti
1247 1513 1251 1518 .

86 1567 244 1654 Stephani
261 1566 509 1636 Prothomatiris
534 1569 575 1635 de
590 1568 815 1636 Promontorio
831 1568 1039 1635 waradiensi
1067 1565 1218 1634 omnibus

87 1672 208 1742 Christi
224 1673 377 1742 fidelibus
394 1681 459 1742 tam
478 1678 681 1760 presentibus
697 1697 794 1762 quam
811 1675 929 1744 futuris
957 1680 1136 1762 presentem
1163 1694 1218 1759 pa·

85 1783 197 1866 gisam
213 1783 410 1868 inspecturis
428 1785 566 1851 salutem
583 1785 616 1850 in
635 1805 682 1871 eo,
701 1785 757 1868 qui
773 1789 823 1851 est
839 1782 982 1850 omnium
1008 1800 1086 1847 uera
1114 1781 1215 1847 salus.

84 1889 137 1956 Ad
169 1891 396 1957 uniuersorum
428 1891 582 1958 noticiam
608 1891 723 1959 harum
752 1891 837 1957 serie
862 1891 1011 1957 uolumus
1036 1888 1217 1976 peruenire,

84 1999 261 2080 quodcum
287 1995 444 2065 Ladizlao
471 2006 503 2065 et
530 1999 661 2065 Maroho
688 1999 767 2084 filijs
793 1995 929 2064 Comitis
954 1997 1079 2080 Durug‚
1097 2017 1154 2082 pro
1180 2015 1217 2061 se

84 2125 146 2172 neo
172 2126 237 2172 non
263 2105 398 2173 Alberto
424 2114 456 2173 et
481 2106 649 2174 Dominioo
675 2107 829 2175 fratribus
855 2105 922 2172 suis
947 2105 989 2172 ab
1016 2125 1081 2171 una
1111 2110 1215 2190 parte,

84 2213 195 2298 Gyrla
210 2214 279 2280 lilio
296 2215 402 2299 Gyvla
418 2236 527 2284 eorum
554 2234 674 2300 sponso
691 2216 733 2281 ab
758 2217 866 2282 altera
890 2233 999 2280 eoram
1026 2212 1120 2280 nobis
1146 2232 1213 2297 per·

81 2321 237 2388 sonaliter
268 2323 459 2409 eonstitutis,
491 2324 591 2408 ijdem
617 2323 792 2390 [ladizlaus
818 2331 850 2388 et
876 2320 1027 2388 Marohus
1052 2320 1215 2405 quandam

79 2435 198 2494 terram
214 2449 273 2497 seu
290 2431 529 2515 possessionem
545 2433 688 2517 ipsorum
705 2428 816 2496 Eolred
840 2433 1069 2515 nunoupatam,
1097 2428 1130 2493 in
1158 2426 1210 2492 he·

80 2535 212 2603 redibus
228 2557 350 2626 eorum,
368 2545 403 2604 ut
420 2535 580 2622 dixerunt,
593 2559 651 2624 per
682 2536 840 2605 femineas
871 2537 980 2624 proles
1011 2535 1213 2628 donandam,

82 2643 227 2711 dandam
244 2651 276 2711 et
293 2645 499 2732 uoluendam,
517 2645 651 2713 suburra
668 2652 755 2712 meta
772 2651 805 2710 et
820 2643 1033 2711 distinooioue
1043 2641 1217 2720 inclusam,

82 2773 155 2819 eum
182 2752 334 2820 omnibus
359 2753 554 2822 utilitatibus
579 2754 646 2822 suis
673 2761 706 2820 et
730 2753 951 2840 pertinenoijs‚
977 2752 1082 2818 eidem
1109 2747 1214 2834 Gyvle

82 2879 205 2944 sponso
236 2861 390 2947 ipsorum,
407 2869 439 2927 et
470 2882 529 2948 per
561 2883 633 2927 eum
658 2862 750 2929 uxori
776 2860 932 2945 eiusdem,
961 2879 1071 2926 eorum
1098 2854 1213 2923 sorori,

80 2985 184 3032 eausa
201 2971 310 3033 mutue
325 2967 525 3052 dileooionis,
557 2975 668 3054 utpote
685 2969 799 3052 Dorug
816 2968 961 3054 ipsorum
988 2971 1080 3052 pater
1106 2961 1211 3050 predi-

80 3079 152 3141 otus
168 3079 316 3159 tempore
333 3081 516 3142 eontraetus
535 3075 732 3163 matrimonii
751 3097 809 3143 sue
823 3075 891 3141 filie
907 3072 1011 3159 Gyule
1036 3091 1095 3136 suo
1119 3088 1200 3153 spon

78 3201 125 3265 so,
144 3189 180 3247 ut
197 3182 299 3266 ijdem
316 3180 480 3268 dixerunt,
497 3182 685 3267 tradiderat,
703 3182 773 3250 iure
799 3187 953 3268 perpetuo
978 3173 1211 3265 possidendam

79 3289 177 3355 modo
192 3309 265 3355 oum
281 3289 378 3356 simili
393 3289 493 3376 ijdem
508 3291 685 3358 Ladizlaus
702 3298 734 3357 et
751 3291 900 3358 Marohus
916 3307 1047 3356 suarum
1063 3305 1153 3370 uooe,
1179 3290 1212 3349 et

76 3395 213 3460 fratrum
230 3414 359 3462 suorum
376 3393 600 3482 predictorum,
617 3397 720 3463 eidem
738 3397 845 3482 Gyule
870 3393 1038 3478 dederunt,
1066 3389 1206 3460 tradide-

78 3511 165 3582 runt,
184 3503 388 3570 donaueruut
403 3504 669 3573 inreuooabiliter
696 3512 728 3572 et
752 3503 884 3589 paoifioe
908 3501 1148 3590 possidendam.
1173 3504 1211 3568 lu

77 3612 172 3677 ouius
190 3611 235 3676 rei
251 3610 469 3678 testimonium
487 3617 741 3697 perpetuamque
758 3613 940 3679 firmitatem
955 3611 1083 3677 litteras
1110 3610 1206 3693 priui-

75 3718 220 3803 legiales
235 3718 338 3785 nostri
354 3717 455 3802 sigilli
471 3719 647 3790 munimine
663 3727 832 3805 presentes
843 3719 995 3785 duximus
1006 3717 1207 3785 muniendas.

75 3829 201 3892 Datum
233 3827 276 3892 ab
306 3825 542 3893 Inoarnaoione
573 3829 705 3895 Domini
736 3847 821 3894 anuo
852 3824 964 3892 Μ”ΟΟο
991 3823 1207 3909 nonagesimo

75 3955 198 4021 prrmo.

75 4133 216 4198 (Erodetie
231 4128 405 4199 bdrhdrtydm
420 4149 436 4184 a
449 4131 621 4202 uirga-rorte
635 4132 863 4200 aelyemneindrou
877 4134 962 4200 luggd
974 4131 1067 4200 peesdt
1079 4133 1165 4196 alatt3
1189 4149 1207 4185 a

403 4225 486 4278 budai
499 4226 551 4276 lrir.
564 4226 687 4280 kamarai
700 4222 892 4288 levdltdrban.)

539 4511 750 4537 *Ὑα-
