3170 5166
910 792 988 860 254.

382 988 502 1057 latoria
517 1012 613 1056 comes
628 991 846 1078 clorszdpbiro
865 989 998 1058 Tulman
1025 995 1057 1058 es
1082 989 1194 1056 Lanka
1220 989 1380 1074 helyaepek
1407 987 1515 1054 bit-tol·
1568 1015 1569 1080 r

385 1098 593 1182 obzouyau'ra
608 1099 786 1164 ooaatkozo
798 1099 973 1164 iratertaele
990 1099 1088 1164 Mario
1103 1098 1308 1184 Lamperrnek
1328 1096 1382 1181 fia
1409 1119 1438 1161 ee
1459 1098 1513 1163 Ja-
1568 1133 1569 1136 ¹

611 1225 666 1269 eoo
682 1214 791 1271 mester
808 1203 1082 1288 Zodoucbnokfia
1097 1205 1176 1271 lrb'zt.
1194 1207 1290 1271 1300.

495 1393 594 1483 (N)os
610 1396 724 1468 Comes
741 1399 927 1485 Stephanus
943 1401 1122 1485 Vicejudcx
1148 1397 1243 1468 Gnrie
1267 1398 1395 1466 domiui
1419 1401 1513 1484 Regis

385 1503 541 1570 memorie
557 1507 819 1576 commendantes
836 1508 1054 1594 significamus
1065 1507 1225 1576 vniuersis
1242 1507 1361 1592 quibus
1378 1507 1513 1593 expedit,

385 1609 561 1692 quodcum
586 1613 682 1680 Mark
707 1615 795 1684 filius
820 1617 985 1703 Lamperti
1009 1618 1045 1683 in
1070 1615 1221 1684 undecim
1242 1614 1379 1700 judicijs
1406 1623 1511 1681 contra

386 1717 579 1801 Magistrum
595 1719 779 1788 Johaunem
794 1723 896 1791 filium
911 1723 1063 1791 Zodouch
1079 1725 1171 1791 iuxta
1181 1723 1317 1790 formam
1328 1723 1509 1789 litterarum
1568 1741 1569 1758 ³

386 1825 787 1909 nostrarumjudieialium
803 1837 836 1899 et
852 1829 992 1897 aliorum
1017 1831 1171 1899 lodicum
1197 1831 1365 1898 conuictus
1390 1829 1511 1912 fuisset,

253 1935 256 1940 '
386 1935 419 1995 et
435 1932 565 1999 racione
580 1933 724 2018 ipsorum
736 1935 933 2020 Judiciorum
950 1947 982 2005 et
998 1939 1086 2006 facta
1114 1935 1200 2028 (lgy)
1227 1937 1405 2023 principali
1430 1934 1510 2001 idem

385 2037 542 2120 Magister
572 2040 738 2112 lohannes
769 2045 872 2129 primo
898 2052 930 2113 et
955 2045 1179 2131 principaliter
1205 2044 1240 2111 in
1271 2045 1509 2128 possessionem

386 2143 530 2212 eiusdem
545 2149 640 2216 Mark
665 2152 806 2218 Tulman
832 2161 982 2220 uocatam
1009 2153 1168 2237 legittime
1193 2151 1416 2236 transmissae,
1443 2149 1510 2233 ipsa

386 2251 493 2335 prima
508 2253 753 2326 introduccione
768 2269 919 2345 presente
944 2261 1128 2328 testimonio
1155 2260 1340 2327 Conuentns
1367 2254 1511 2324 waradi-

385 2356 474 2423 ensis
490 2359 578 2426 facta
593 2362 636 2427 ad
652 2365 787 2449 Regiam
803 2369 1009 2437 Preseuciam
1026 2389 1083 2436 seu
1098 2373 1244 2435 nostram
1263 2387 1327 2432 non
1343 2365 1443 2448 venit,
1459 2385 1507 2429 ne·

385 2482 448 2544 que
465 2465 571 2552 misit;
604 2471 661 2538 sed
678 2472 792 2542 (lomes
809 2477 960 2564 Rozboyd
976 2475 1063 2542 filius
1081 2475 1256 2561 Lamperti,
1273 2473 1375 2541 frater
1401 2471 1507 2537 videli-

385 2578 436 2636 cet
453 2575 597 2642 eiusdem
613 2581 716 2664 Murk,
735 2581 848 2649 eodem
865 2587 1022 2670 Magistro
1038 2585 1186 2651 Jobanne
1204 2601 1313 2648 coram
1331 2577 1427 2645 nohis
1443 2597 1505 2662 per·

386 2681 544 2750 sonaliter
560 2697 766 2772 comparente
782 2692 1004 2759 interueniens
1021 2691 1169 2768 asseruit,
1187 2689 1274 2773 quod
1299 2687 1507 2754 introducetu-

386 2804 460 2852 nem
478 2795 690 2874 possessionis
707 2797 846 2865 Tulman
863 2800 991 2866 nomine
1008 2799 1170 2884 porcionis
1195 2798 1341 2863 eiusdem
1367 2794 1506 2882 prohibe-

384 2901 444 2978 ret,
462 2900 541 2966 etin
558 2904 659 2969 nostri
675 2907 845 2989 presencia
862 2909 1080 2994 prohibuerat,
1099 2927 1136 2973 eo
1152 2905 1238 2989 quod
1253 2904 1339 2971 idem
1367 2903 1462 2968 Mark
1476 2903 1506 2966 in

384 3001 456 3087 ipsa
473 3011 679 3090 possessione
694 3013 834 3080 Tulman
850 3017 974 3081 nullam
989 3015 1124 3081 haberet
1140 3014 1333 3099 porcionem,
1352 3011 1411 3079 sed
1428 3021 1505 3077 esset

383 3129 453 3196 sua,
479 3133 538 3198 per
564 3116 692 3183 modum
718 3121 886 3188 diuisionis
912 3121 1129 3188 mediantibus
1158 3120 1276 3186 litteris
1302 3117 1447 3204 Capituli
1472 3117 1507 3182 de

383 3219 512 3302 Posoga
527 3221 571 3286 ad
587 3223 694 3309 ipsum
711 3227 871 3314 deuolute,
888 3229 1137 3314 assumpmendo
1155 3227 1369 3314 personaliter
1385 3225 1504 3290 litteras

384 3327 525 3412 Capituli
540 3331 581 3396 de
597 3333 726 3424 Posoga
743 3336 942 3417 superfacto
959 3336 1061 3421 ipsius
1078 3319 1248 3401 diuisionis
1265 3335 1348 3399 inter
1365 3351 1422 3397 eos
1439 3350 1503 3416 pro·

382 3454 494 3502 cessas
511 3439 672 3505 exhibere.
691 3440 753 3518 Qui
770 3444 803 3507 in
819 3442 958 3509 termino
983 3451 1161 3529 assumpto,
1188 3450 1221 3508 et
1246 3439 1454 3526 postmodum
1477 3439 1505 3500 in

383 3545 460 3626 alijs
475 3546 630 3634 terminis,
650 3549 851 3630 presentibus
876 3551 1069 3635 testimoniJs
1094 3546 1455 3631 Quinqueecclesiensis
1479 3551 1504 3609 et

383 3651 560 3719 Bonnensis
577 3654 795 3740 Capitulorum
820 3677 878 3743 per
903 3659 1093 3741 Magistrum
1119 3657 1320 3743 Stephanum
1346 3653 1389 3719 de
1422 3653 1503 3720 Gara

383 3757 544 3823 hominem
562 3759 681 3825 domini
697 3763 796 3846 Regis
813 3765 912 3830 uerbo
929 3765 1182 3848 Regio-uocatus
1199 3762 1242 3828 ad
1266 3762 1405 3845 Regiam
1433 3762 1502 3826 Pre-

381 3863 535 3950 senciam,
553 3885 611 3933 sen
628 3876 781 3956 nostram,
807 3876 961 3953 tanquam
989 3869 1186 3954 Vicejudicis
1214 3866 1311 3935 Ourie
1337 3868 1442 3951 Regia
1468 3863 1504 3931 ad

382 3971 598 4038 exhibendum
616 3973 706 4060 ipsas
723 3977 846 4044 litteras
862 3999 927 4045 non
945 3980 1041 4064 venit,
1059 3997 1119 4044 nec
1145 3977 1248 4060 misit;
1275 3981 1307 4043 et
1323 3976 1363 4041 ob
1390 3975 1451 4040 hoc
1475 3977 1502 4039 in

382 4079 586 4147 exhibicione
605 4083 746 4167 ipsarum
762 4085 942 4152 litterarum
960 4088 1127 4153 conuictus
1155 4083 1262 4150 extitit
1287 4083 1402 4149 (lomes
1428 4083 1501 4146 Rou-

379 4185 489 4270 boyod
505 4187 718 4272 supradictus.
737 4192 776 4256 Et
793 4191 870 4275 quia
886 4192 973 4257 idem
988 4193 1082 4258 Mark
1099 4193 1189 4259 sacta
1215 4189 1321 4275 prima
1346 4189 1501 4254 introduc·
1566 4219 1567 4284 3

377 4291 473 4358 cione
490 4293 533 4359 ad
548 4297 685 4379 Regiam
701 4299 906 4365 Presenciam
939 4301 1049 4366 uenire
1073 4298 1238 4385 neglexit,
1264 4297 1347 4364 sicut
1372 4296 1499 4384 premis·
1566 4309 1567 4312 ’

372 4419 450 4468 ‚sum
468 4409 525 4487 est,
545 4409 577 4469 et
592 4404 698 4472 dictus
714 4404 827 4473 Comes
843 4408 998 4494 Rozboyd
1013 4409 1047 4473 in
1065 4407 1268 4474 exhibicione
1284 4405 1429 4491 ipsarum
1457 4403 1500 4466 lit·

375 4517 521 4575 terarum
538 4513 845 4592 conuictus.extitit;
862 4534 921 4598 pro
947 4535 986 4582 eo
1011 4515 1098 4582 idem
1122 4515 1280 4600 Magister
1303 4516 1338 4580 in
1363 4509 1498 4577 candem
1562 4546 1565 4557 ·

1560 4568 1566 4642 ¹
