3112 5158
592 273 752 374 „¹29-

116 469 263 539 bentibus
279 471 323 538 de
340 467 461 540 eisdem
477 489 535 554 per
561 469 671 536 omnia
696 469 879 554 liberalem3
904 468 951 534 ita
982 468 1086 552 plene,
1105 463 1152 530 uti
1177 475 1237 531 neo

111 578 206 664 ijdem
225 579 342 646 Comes
367 577 525 645 Emirious
550 584 583 644 et
608 576 665 663 filij
685 577 806 644 Obame
830 573 996 659 antedioti,
1022 574 1073 640 uel
1098 572 1236 640 heredes

111 686 293 772 eorundem,
321 685 534 771 prescriptam
550 683 737 771 porcionem
762 684 858 750 modo
883 681 1041 769 premisso
1067 678 1233 746 venditam

110 793 301 864 retractandi
318 793 360 860 ab
377 793 449 878 ipso
475 793 598 861 Oomite
623 792 719 859 Petro
745 799 802 859 aut
826 791 903 876 filijs
923 789 1067 858 eiusdem
1093 808 1234 872 unquam

112 904 168 970 rllo
197 909 343 988 ternpore
373 901 516 970 babeant
547 905 752 986 potestatem.
784 902 823 967 In
854 900 946 968 ouius
969 899 1014 966 rei
1047 895 1237 964 memoriam

112 1010 284 1095 pleniorem
315 1027 452 1095 presens
483 1008 638 1094 seriptum
671 1007 862 1075 contulimus
877 1011 989 1074 nostro
1020 1003 1127 1090 sigillo
1155 1013 1251 1070 eom·

112 1119 284 1201 munitum,
303 1137 390 1183 anno
414 1116 545 1183 Domini
561 1114 683 1183 ΜῦΟΟ0
699 1116 911 1199 nonagesimo
927 1115 1046 1199 teroio;
1077 1112 1234 1195 Magistro

112 1226 265 1293 lliobaele
281 1224 460 1311 Proponite,
491 1225 609 1292 Cosmo
626 1223 775 1312 Centone,
792 1224 903 1291 Blasio
920 1221 1074 1306 Custode,
1091 1221 1233 1307 Symone

111 1335 237 1401 Decano
254 1334 401 1401 Ecclesie
418 1338 526 1401 nostre
544 1332 772 1402 existentibus.

111 1531 242 1596 (Eredetie
256 1529 432 1599 bb'rbbrlylin,
448 1549 465 1584 a
478 1531 631 1586 rbrbs-nbld
652 1529 879 1598 solyemnsinbron
902 1530 1013 1598 sllggbtt
1037 1525 1129 1596 pessit
1155 1529 1235 1580 olus·

361 1627 429 1674 suett
443 1641 450 1688 ς
463 1639 480 1674 a
494 1623 576 1674 budai
589 1624 641 1674 lrir.
659 1624 780 1676 kamarai
793 1619 988 1687 leueltbrbun.)

567 1869 780 1886 m

646 2356 700 2426 88.

107 2553 153 2618 Aa
168 2558 239 2643 syri
252 2555 478 2642 supratonsus
494 2554 773 2642 biaonysdylevele,
790 2557 871 2640 bopy
887 2551 980 2618 Mllco
998 2574 1095 2620 sontes
1106 2549 1236 2618 Budroe

225 2668 257 2730 e's
274 2666 402 2731 Miluout
433 2665 524 2731 Belli
539 2665 712 2731 uemeoeloet
729 2664 842 2730 briikbe
849 2662 1002 2751 foqudto.
1021 2659 1117 2731 1293.

218 2859 398 2949 Capitulum
415 2861 562 2930 Ecclesie
587 2837 758 2948 Agriensis
782 2861 1002 2947 significamus
1028 2866 1140 2927 tenore
1166 2877 1235 2944 pre·

103 2970 251 3035 sensium
267 2971 385 3054 quibus
402 2969 534 3056 expedit
549 2971 729 3055 uniuersis,
747 2971 832 3056 quod
850 2971 965 3037 (lomes
982 2969 1064 3033 blico
1081 2967 1165 3034 lilius
1181 2967 1237 3030 Ni-

101 3076 190 3144 eolai
207 3097 248 3143 ex
263 3098 339 3160 rna,
356 3083 388 3143 et
404 3077 552 3144 Andreas
569 3078 674 3145 dietus
690 3079 772 3163 Bok,
791 3100 830 3146 oo
857 3077 978 3163 Mykou
1004 3078 1088 3144 lilius
1113 3076 1237 3140 Thone

100 3185 236 3252 nobiles
251 3186 292 3252 de
309 3187 388 3252 Boel
405 3206 445 3252 ex
462 3187 575 3274 altera,
592 3206 698 3254 eoram
723 3189 818 3257 nobis
834 3187 1046 3276 personaliter·
1062 3185 1238 3268 constituti,

99 3313 160 3376 per
178 3292 320 3360 eundem
337 3293 494 3361 Comitem
509 3295 593 3362 blioo
609 3296 811 3382 propositum
827 3295 920 3362 nobis
937 3293 1045 3359 extitit
1061 3291 1237 3357 ministerio
1336 3313 1338 3320 ’

98 3399 274 3466 riueuoois
290 3407 324 3466 et
339 3408 511 3490 assertum,
528 3401 613 3487 quod
628 3404 705 3488 quia
718 3405 781 3470 Dei
813 3402 1024 3490 prouidentia
1048 3407 1081 3466 et
1097 3401 1146 3467 sui
1174 3399 1237 3465 dis-

96 3506 276 3590 posicione
291 3507 446 3574 heredum
472 3509 591 3578 solaoio
616 3511 865 3578 masculinorum
890 3516 975 3577 esset
1001 3509 1181 3594 destitutus,
1206 3517 1239 3574 ot

94 3615 168 3681 suis
187 3615 313 3683 uiribus
331 3619 461 3683 omnino
478 3615 619 3703 sopitus:
638 3617 712 3685 ideo
728 3619 940 3686 oonsideruns
957 3621 990 3683 et
1014 3617 1153 3702 prouida
1179 3616 1238 3683 oir-

92 3723 353 3808 eumspeoeione
369 3723 564 3810 deliberans,
582 3725 667 3809 qnod
683 3723 782 3810 ijdem
809 3725 959 3793 Andreas
985 3731 1018 3792 et
1041 3726 1147 3791 blioou
1173 3723 1237 3790 sibi

91 3829 126 3894 in
146 3829 248 3896 linea
263 3831 582 3914 consanguineitatis
598 3833 772 3900 attinerent
787 3853 845 3920 pre
862 3834 987 3918 celeris,
1013 3841 1046 3901 et
1071 3833 1178 3900 eidem
1203 3831 1237 3896 in

89 3936 166 4002 suis
185 3937 445 4006 necessitatibus
461 3941 663 4026 eomplaoere
679 3941 891 4026 studuissent,
910 3941 990 4006 etin
1008 3938 1147 4005 futurum
1174 3945 1238 4006 stu-

87 4043 236 4126 derent,
253 4046 367 4111 volens
382 4044 483 4130 igitur
498 4047 531 4112 in
549 4067 753 4116 successores
770 4049 969 4115 constituere
986 4055 1017 4113 et
1033 4047 1115 4114 lilios
1139 4046 1238 4135 adop·

86 4153 183 4219 linos
221 4171 472 4240 assumpmore,
497 4155 667 4223 uniuersas
693 4157 917 4242 possessiones
950 4178 1026 4224 suas
1057 4157 1238 4242 eruptieias,

84 4259 232 4328 seilicet
247 4259 379 4343 Nempti
398 4267 429 4325 et
454 4261 601 4348 Wysnyo
628 4268 762 4330 renatas
787 4265 821 4329 in
842 4262 1002 4330 Comitatu
1029 4264 1238 4332 Borsorliensi

84 4370 281 4436 existentes
298 4367 440 4454 babitus,
458 4389 527 4435 eum
547 4370 898 4440 omnibusvtililutibus
909 4373 976 4440 suis
987 4377 1017 4438 et
1029 4371 1238 4458 perlinoueijs

79 4475 317 4563 quibuslibet,
337 4497 376 4543 ao
394 4496 465 4542 erum
481 4477 714 4563 instrumentis,
731 4480 846 4562 quibus
864 4480 932 4566 ipse
949 4482 1010 4546 buo
1035 4501 1134 4565 usque
1165 4501 1238 4565 pos·

79 4585 245 4652 sedisset
262 4591 293 4652 et
310 4583 481 4666 tenuisset,
515 4587 669 4669 predictis
685 4586 815 4653 Andree
832 4589 917 4654 dieto
943 4589 1041 4674 Book,
1058 4596 1090 4655 ot
1115 4589 1236 4675 blylrou

125 4719 252 4760 nostra
269 4717 437 4756 urusursr.
456 4729 495 4740 --
512 4721 624 4760 nrruou.
654 4716 689 4761 ts.
1055 4703 1075 4764 9
