3112 5158
598 921 674 989 lot.

97 1127 124 1182 A
139 1117 240 1182 dodoi
264 1115 487 1205 ldplalaonok
501 1117 775 1206 bizooysdqleoele,
804 1121 888 1208 hopy
914 1105 1061 1208 dszyaoi
1077 1121 1171 1187 Pter
1187 1124 1218 1188 de
1328 1163 1335 1176 ·

96 1225 240 1289 testoerei
255 1227 344 1290 dedet
360 1226 452 1289 terret
466 1247 546 1288 ozon
572 1225 722 1312 lre'oyseer
738 1228 821 1292 strat
837 1229 987 1294 eozko'zo'lt
1003 1229 1113 1294 daddo
1128 1231 1218 1311 olleo,

94 1331 236 1418 netplyet
253 1331 471 1398 Hermesta
488 1331 594 1397 Lelesz
612 1340 695 1397 osolt
703 1333 912 1417 joezdyaikat
923 1333 1057 1400 Lordod
1071 1347 1219 1401 mesterro

497 1437 698 1503 dtmtlto'ztdlr.
714 1438 812 1502 1294.

197 1630 266 1700 Nos
281 1629 470 1715 Capitulum
489 1627 648 1701 Bodensis
668 1630 814 1700 Eeelesie
842 1631 958 1700 domus
974 1651 1031 1720 pro
1048 1633 1213 1720 memoria,

93 1738 175 1820 qood
186 1737 441 1806 llartinosfilius
453 1739 540 1805 Petri
553 1737 594 1806 de
604 1740 716 1825 Asyan
729 1759 786 1826 pro
796 1759 841 1824 se,
853 1759 892 1805 oo
907 1741 1010 1806 Karnl
1027 1746 1060 1806 et
1075 1739 1215 1806 Alexan·

91 1845 145 1912 dro
160 1844 316 1913 fratribus
332 1845 398 1914 suis
414 1845 458 1913 ad
473 1853 619 1913 nostram
653 1845 867 1934 personaliter
885 1843 1069 1913 aceedendo
1086 1865 1214 1932 presen-

92 1952 192 2036 eiom,
209 1951 293 2020 dixit
308 1954 404 2021 nobis
420 1954 651 2039 protestando:
669 1951 756 2036 quod
773 1953 929 2036 Magister
943 1953 1112 2020 Lorondns
1128 1952 1215 2020 filius

92 2058 277 2142 Leustoohij
293 2060 383 2146 ipsos
399 2059 590 2126 multociens
607 2059 748 2126 diuersis
763 2066 796 2125 et
819 2058 952 2144 nefarijs
969 2059 1215 2142 grounminibus

93 2166 314 2252 oppressisset,
331 2173 364 2234 et
380 2165 607 2252 potencialiter
638 2165 682 2233 ad
706 2167 769 2233 hoe
785 2165 1015 2252 compulisset,
1032 2172 1067 2232 ut
1083 2185 1209 2251 posser-

92 2271 196 2340 siones
229 2291 339 2340 eorum
359 2273 522 2340 Hermaoh
553 2283 584 2339 et
600 2273 696 2340 Lelez
728 2280 880 2357 uoeotos,
913 2291 953 2337 ae
973 2269 1213 2345 dimidietatem

90 2378 253 2474 euinsdom
276 2380 491 2465 possessionis
507 2382 651 2466 ipsorum
673 2379 767 2448 Solen
781 2387 977 2464 nuneupate
1003 2399 1060 2464 per
1074 2378 1213 2448 eundem

90 2487 276 2572 llsgistrum
301 2487 489 2555 Lorandum
516 2489 638 2574 eaptioi
664 2487 750 2555 desti
776 2487 819 2554 ad
846 2486 1030 2572 Capitulum
1052 2487 1210 2571 Agriense

89 2593 224 2664 oonlessi
241 2595 381 2662 inissent
397 2588 500 2662 eidem
511 2597 664 2679 Magistro
675 2592 825 2662 Iorondo
844 2592 1039 2678 uendidisse,
1058 2601 1090 2659 et
1105 2593 1213 2662 littere

89 2701 229 2770 eiusdem
246 2703 391 2790 Capitoli
407 2723 509 2790 snper
532 2703 607 2790 ipso
622 2701 812 2770 uendioione
839 2699 932 2768 modo
949 2701 1108 2786 premisso
1124 2701 1213 2772 laeta

87 2810 189 2878 eidem
205 2811 364 2895 Magistro
379 2809 534 2878 Lorando
551 2817 772 2878 emanassent.
803 2809 853 2875 Ne
877 2809 978 2894 igitur
994 2808 1080 2875 diote
1104 2807 1210 2876 littere

86 2917 164 3001 ipsis
180 2918 291 2986 inuitis
307 2919 356 2986 sle
372 2925 523 2987 emanate
539 2917 601 2984 sibi
617 2914 818 3003 preludieent
842 2915 1030 2983 infuturum
1045 2967 1055 3002 ,
1083 2935 1211 3000 presen-

86 3032 133 3090 tes
149 3027 401 3110 protestationis
419 3027 545 3094 litteras
561 3047 581 3093 a
598 3023 690 3092 nobis
706 3024 769 3091 sibi
795 3021 868 3089 dari
883 3022 1073 3107 postulauit.
1090 3021 1211 3088 Datum

83 3131 115 3198 in
132 3131 276 3200 erastino
301 3131 488 3202 lestiuitatis
503 3134 717 3202 Penteoostes
737 3150 823 3198 anno
839 3127 968 3194 Domini
985 3127 1096 3195 M⁰cc⁰
1112 3147 1210 3196 nona·

84 3239 209 3322 gesimo
235 3248 352 3326 quarto
636 3234 639 3238 ’

190 3364 347 3434 Kivill:
365 3366 563 3435 Protestaoio
580 3366 667 3435 laeto
683 3387 740 3455 per
758 3363 942 3434 Martinum.

80 3561 225 3628 (Eredetlo
242 3558 420 3629 borhtrtysn,
434 3541 452 3615 a
464 3559 541 3617 strui
553 3561 606 3615 odo
619 3569 741 3629 nyomott
754 3562 845 3631 peosr'st
857 3561 1003 3626 elvesnott3
1017 3575 1034 3613 o
1055 3557 1138 3610 burlai
1156 3560 1208 3614 kir.

487 3654 608 3704 komarai
627 3649 818 3720 lerdlrdrban.)

540 3949 753 3970 Μ
