3098 5172
825 255 982 354 ..Q

282 480 286 490 ·
332 468 372 518 ac
387 433 548 534 Lorando,
564 447 697 516 Andrea
707 455 739 515 et
756 448 905 519 Dionisio
921 451 1001 535 filijs
1012 449 1148 520 Adriani
1165 454 1207 522 ab
1223 453 1327 522 altera
1352 475 1455 524 coram
1537 508 1538 514 η

334 556 428 624 nobis
444 556 659 642 personaliter
675 556 870 644 constitutis,
888 557 1092 624 declaratum
1110 559 1217 626 extitit
1233 579 1293 646 per
1308 561 1453 648 eosdem,
1536 580 1537 603 ¹

334 662 421 749 quod
436 671 563 732 sermm
579 670 705 750 partem
720 671 808 732 terre
824 665 915 733 bloro
925 675 1041 734 vocate
1056 665 1283 734 vendidissent
1298 673 1329 733 et
1344 667 1451 736 distra-
1537 686 1538 694 ¹

332 771 528 858 xisseutpro
538 771 651 840 decem
663 777 696 838 et
712 779 849 856 quatuor
858 773 976 840 marcis
986 773 1083 866 plene
1099 773 1141 838 ab
1157 773 1281 841 eisdem
1296 773 1417 842 habitis
1425 784 1453 843 et
1537 809 1538 814 1

331 880 482 964 receptis,
497 878 586 965 Syke
602 887 634 946 et
649 878 793 948 Jobauui
808 879 887 965 filijs
902 879 1032 946 Nieolai
1043 903 1051 963 ;
1064 887 1097 948 et
1105 899 1164 966 per
1180 882 1269 966 ipsos
1285 883 1450 951 eorumhc-
1537 875 1538 920 ³

332 984 842 1071 redibus,berednmquesuomm
859 987 1110 1072 successoribus,
1131 995 1296 1074 perpetuo,
1313 988 1451 1073 pacifice,

332 1099 366 1158 et
381 1093 639 1160 irrevocabiliter
664 1092 892 1178 possidendam
918 1095 1015 1178 pleno
1032 1093 1120 1178 iure;
1137 1103 1342 1160 assumentes
1357 1101 1391 1161 et
1404 1098 1449 1162 ob·

330 1199 471 1284 ligantes
489 1201 589 1286 ijdem
606 1199 811 1286 Benedictus,
827 1200 1030 1286 homberias,
1047 1201 1242 1286 Stephanus,
1260 1201 1450 1270 Andreasac

331 1307 389 1392 alij
407 1307 537 1390 cognati
553 1307 696 1391 ipsorum
713 1307 905 1394 supradicti,
934 1314 969 1374 vt
980 1307 1163 1393 quicunque
1178 1311 1342 1394 predictos
1358 1309 1450 1397 Syke,

331 1422 363 1480 et
379 1414 562 1482 Jobanuem
578 1415 664 1481 filios
682 1415 830 1500 Nieolai,
856 1435 954 1500 super
979 1416 1063 1481 boue
1087 1424 1173 1482 terre
1188 1417 1346 1501 premisse
1361 1417 1450 1483 mole·

331 1529 421 1588 stare
436 1523 623 1606 niterentur,
641 1521 741 1606 ijdem
759 1522 966 1604 Benedictus,
983 1523 1116 1607 cognati
1134 1527 1167 1590 et
1190 1523 1306 1590 fratres
1322 1525 1373 1590 sui
1388 1544 1447 1589 me·

328 1630 446 1694 morati
456 1627 595 1713 proprijs
606 1629 781 1713 laboribus,
794 1634 826 1694 et
836 1629 989 1713 expensis
1000 1637 1174 1697 teneantur
1185 1630 1350 1714 expedire.
1358 1631 1448 1698 (iuius

332 1734 462 1820 quidem
478 1744 563 1802 terre
580 1756 694 1803 cursus
709 1743 794 1802 mete
804 1722 964 1820 incipiunt
974 1764 981 1802 :
992 1738 1102 1803 Prima
1118 1743 1204 1802 meta
1216 1737 1361 1803 eiusdem
1372 1745 1449 1803 terre

329 1845 421 1908 iuxta
437 1844 567 1909 domum
584 1844 699 1928 Bothe,
719 1851 751 1908 et
775 1843 843 1909 Mili
861 1850 893 1910 et
907 1845 1060 1926 Komlos;
1089 1853 1120 1910 et
1137 1846 1211 1910 inde
1230 1843 1335 1910 tendit
1350 1845 1394 1909 ad
1407 1844 1448 1908 iu-

328 1952 432 2018 sulam
453 1951 552 2034 Moru,
571 1957 604 2016 et
620 1953 722 2016 saltat
739 1949 780 2016 ad
798 1951 959 2034 fenetum;
986 1950 1102 2018 deinde
1120 1950 1223 2016 tendit
1246 1949 1288 2016 ad
1304 1951 1447 2036 Kysluko

326 2077 439 2124 versus
456 2057 545 2124 Boad
561 2058 653 2123 irrata
670 2077 822 2140 maguam
847 2058 954 2141 viam;
983 2057 1107 2124 atinde
1123 2058 1240 2126 bausit
1256 2078 1369 2125 nemus
1384 2077 1446 2142 par·

326 2167 447 2248 nulum,
466 2164 1001 2252 etascenditversusKylethe1·,ct
1017 2167 1063 2230 ibi
1078 2171 1152 2232 sunt
1163 2167 1226 2231 due
1234 2171 1322 2232 mete
1331 2173 1445 2245 terroe,

328 2278 362 2336 et
377 2270 453 2336 inde
469 2272 574 2336 tendit
592 2272 636 2336 ad
661 2279 779 2340 metam
807 2283 945 2340 terream
962 2271 1152 2358 Qualepod,
1182 2279 1214 2337 et
1229 2272 1393 2339 Kulether.
1409 2271 1446 2333 Et

327 2394 407 2460 sepe
438 2377 622 2444 nominatus
647 2381 737 2463 Syke
768 2387 799 2444 et
833 2379 1001 2448 Jobannes
1032 2370 1261 2464 obligauerunt
1292 2398 1328 2446 se
1358 2397 1447 2461 super

334 2506 383 2566 eo,
418 2494 450 2548 ut
481 2485 664 2568 quicunque
699 2489 828 2570 cognati
855 2490 997 2571 ipsorum
1024 2488 1113 2553 litem
1145 2509 1274 2554 mouere
1305 2505 1447 2552 conaren-

328 2596 378 2656 tur
395 2601 505 2657 eontra
523 2593 733 2658 Benedictum
761 2604 791 2660 et
807 2599 925 2662 fratres
942 2596 1036 2678 suos,
1062 2597 1158 2676 ijdem
1176 2595 1267 2680 Syke
1283 2603 1314 2660 et
1330 2593 1444 2661 Jobau·

324 2719 383 2766 nes
400 2698 619 2783 supradictam
646 2709 764 2767 terram
791 2705 880 2770 Moru
898 2701 1052 2787 expedire
1078 2704 1282 2770 tenebuntur.
1300 2702 1368 2768 Hoc
1384 2719 1444 2765 nou

324 2808 540 2890 obmitteudo,
567 2816 602 2874 vt
634 2809 661 2872 si
686 2809 754 2873 fieri
771 2809 980 2893 contingeret,
1010 2809 1094 2891 quod
1112 2809 1227 2876 Comes
1252 2809 1375 2890 Vatha,
1391 2813 1445 2870 aut

322 2915 379 3000 filij
397 2918 448 2982 sui
463 2915 553 2982 litem
565 2937 697 2982 mouere
708 2923 942 3001 attemptarent
953 2915 1285 2982 contraBeuedictum
1303 2913 1442 2980 heredes·

324 3042 385 3105 que
402 3043 487 3107 suos,
505 3029 623 3087 extunc
649 3023 739 3107 Syke
756 3030 788 3090 et
804 3021 906 3089 frater
937 3043 1014 3088 suus
1044 3024 1211 3089 Johauues
1237 3021 1357 3106 pariter
1372 3037 1441 3083 cnm

322 3129 498 3196 Benedicta
517 3126 754 3211 heredibusque
771 3129 839 3196 suis
858 3129 978 3196 debent
994 3129 1146 3196 resistere
1163 3127 1279 3196 Comiti
1295 3128 1396 3193 Vatba
1412 3133 1445 3188 et

320 3235 398 3321 filijs
415 3237 483 3303 suis
514 3239 710 3304 memoratis.
742 3239 780 3302 Iu
807 3237 898 3303 euius
915 3239 960 3304 rei
989 3237 1175 3302 memoriam
1192 3241 1442 3321 perpetuamque

320 3345 504 3409 firmitatem
521 3353 686 3426 presentes
704 3343 924 3410 concessimus
950 3345 1076 3409 litteras
1103 3341 1204 3426 sigilli
1221 3341 1322 3408 nostri
1345 3338 1446 3403 muni·

321 3453 407 3518 mine
423 3450 602 3516 roboratas.
621 3453 741 3516 Datum
769 3453 929 3518 sabbatho
946 3453 1104 3536 proximo,
1126 3487 1163 3496 -
1188 3487 1224 3495 —-
1244 3485 1288 3495 —-
1304 3485 1345 3496 ·-
1360 3466 1446 3512 auue

319 3554 589 3624 DominiM⁰CC⁰
605 3559 814 3640 nonagesimo
840 3559 961 3642 quinte.
993 3631 995 3634 ,

319 3732 456 3802 (Eredetie
470 3733 645 3802 bb'rhdrtyiu,
662 3738 738 3789 1848.
759 3739 827 3788 eldtt
840 3752 857 3787 a
869 3734 1101 3801 zalathuabinyai
1129 3729 1391 3802 biuyatdrveuysadk
1404 3731 1448 3780 le·
1539 3757 1540 3792 r

414 3821 574 3876 vdltiriharr
589 3827 734 3879 liriatetett.
756 3827 835 3878 moab
851 3828 906 3881 tek.
920 3825 1053 3878 Kemdudi
1066 3823 1179 3892 Yirady
1191 3807 1279 3881 eidam
1289 3822 1338 3890 sir.)
