3112 5158
610 338 762 440 ‘’o-o*

116 533 153 593 nt
167 525 282 594 eedem
305 531 416 613 partes
448 530 635 618 retulerunt,
653 532 762 600 taliter
778 533 1015 621 distinguntur:
1033 536 1119 620 quod
1146 537 1251 623 prima

116 641 206 702 meta
225 632 341 719 incipit
365 655 387 701 a
411 633 510 702 fluuio
535 637 698 726 Thornua,
730 642 784 707 ubi
812 661 914 728 prope
939 643 1047 728 ipsum
1071 643 1205 711 fluuium
1232 665 1253 710 a

117 749 212 828 parte
227 739 435 808 meridionali
451 751 528 810 sunt
544 743 605 812 due
621 753 724 832 mete;
753 754 786 816 et
795 749 873 816 inde
899 750 1106 836 progreditur
1131 751 1252 817 direete

117 869 233 918 uersus
249 849 385 917 eandem
402 857 527 935 partem
545 855 796 946 meridionalem,
815 866 847 926 et
862 859 1011 946 peruenit
1026 860 1070 926 ad
1081 859 1247 943 quandam

116 960 205 1026 viam
223 975 387 1042 magnam,
404 979 576 1044 perquam
594 963 634 1030 de
650 963 732 1031 villa
746 965 851 1033 Lueld
866 967 931 1034 itur
946 967 981 1034 in
1006 967 1116 1055 villam
1142 968 1250 1055 llyka,

116 1073 150 1133 et
165 1067 309 1132 transilit
330 1065 435 1150 ipsam
460 1068 557 1154 viam,
584 1070 639 1138 ubi
665 1091 765 1158 prope
796 1074 931 1140 eandem
964 1075 1052 1142 viam
1087 1075 1251 1142 mediante

116 1173 290 1246 latitudine
307 1174 432 1261 dimidij
450 1175 570 1262 ingeris
586 1185 661 1245 sunt
676 1177 739 1246 due
756 1189 858 1266 mete;
876 1189 907 1250 et
922 1180 998 1251 inde
1024 1203 1081 1269 per
1107 1181 1246 1250 medium

116 1285 261 1357 eiusdem
277 1282 401 1367 ingeris
416 1291 502 1351 terre
518 1285 577 1352 sub
594 1286 736 1369 quodam
753 1289 833 1356 colle
849 1288 884 1355 in
899 1290 1018 1358 arabili
1046 1289 1151 1357 tendit
1176 1309 1248 1358 uer·

116 1419 172 1467 sus
188 1399 343 1464 orientem
358 1394 402 1462 ad
418 1395 580 1477 quendam
596 1397 737 1464 riuulum
752 1419 853 1486 prope
869 1421 966 1467 unam
992 1401 1120 1487 siluam,
1141 1407 1172 1467 et
1197 1401 1246 1467 in-

115 1505 291 1573 teriacente
305 1501 474 1568 latitudine
490 1502 625 1572 duorum
642 1505 789 1590 iugerum
804 1507 887 1574 inter
904 1507 1009 1594 ipsam
1041 1508 1157 1575 siluam
1184 1525 1243 1592 per

116 1611 281 1697 quendam
296 1607 440 1694 fluuium,
461 1610 516 1692 qui
532 1609 621 1676 eadit
638 1611 681 1678 ad
697 1613 832 1680 fluuium
842 1613 1007 1700 Thornua,
1024 1615 1079 1680 nbi
1092 1621 1168 1683 eunt
1184 1613 1248 1681 due

116 1727 200 1787 mete
216 1740 257 1786 ex
272 1723 409 1800 utraque
425 1723 517 1801 parte
535 1718 638 1801 ipsius
653 1720 744 1806 fluuij
760 1771 766 1804 ,
782 1729 814 1788 et
839 1724 874 1788 in
891 1722 1004 1788 eodem
1028 1723 1126 1789 fluuio
1156 1722 1249 1790 uadit

114 1847 232 1896 uersus
247 1824 413 1892 meridiem
427 1823 471 1889 ad
486 1823 607 1892 fontem
623 1826 694 1893 siue
710 1828 868 1912 originem
885 1829 991 1914 ipsius
1006 1829 1106 1917 fiuoij,
1135 1838 1168 1897 et
1194 1851 1243 1896 su-

114 1957 172 2024 per
188 1935 293 2020 ipsum
310 1933 443 1998 fluuium
460 1938 536 1998 sunt
552 1930 613 1998 due
630 1938 734 2018 mete;
761 1941 793 2000 et
818 1933 937 2002 abbino
963 1955 1102 2020 uergens
1128 1925 1242 2003 uersus

115 2044 254 2112 eandem
285 2047 411 2124 partem
437 2041 535 2106 ourrit
562 2059 618 2125 per
646 2041 883 2123 longitudinem
909 2041 1002 2110 unius
1028 2042 1160 2128 ingeris,
1190 2044 1244 2108 ubi

116 2156 194 2220 sunt
226 2147 329 2215 eoiam
355 2146 419 2213 dne
449 2154 554 2232 mete;
571 2155 602 2213 et
628 2147 705 2214 inde
729 2148 903 2215 infleotitnr
928 2169 1100 2235 parumper
1131 2170 1243 2219 uersus

114 2259 285 2342 orientem,
301 2261 333 2321 et
350 2273 481 2321 ourrens
498 2274 555 2339 per
570 2256 717 2340 spaoinm
735 2257 838 2323 iaetus
856 2255 977 2342 lapidis
993 2259 1045 2323 uel
1056 2257 1240 2345 pauloplus

114 2363 264 2451 peruenit
279 2360 322 2427 ad
337 2360 500 2444 quandam
516 2359 613 2446 uiam,
631 2381 800 2446 perquam
828 2362 891 2429 itur
915 2362 949 2430 in
976 2364 1093 2432 siluam
1111 2365 1239 2452 Bokon,

115 2481 148 2540 et
163 2471 210 2540 ibi
227 2491 268 2538 ex
285 2477 422 2552 utraque
437 2474 531 2553 parte
556 2467 703 2535 eiusdem
728 2469 780 2542 vie
805 2477 880 2537 sunt
906 2470 967 2538 due
991 2478 1094 2558 mete;
1121 2479 1154 2539 et
1184 2493 1243 2558 per

111 2577 255 2648 'eandum
272 2577 360 2643 viam
372 2575 664 2642 uersusmeridiem
675 2577 889 2660 progrediens
911 2578 998 2644 uenit
1009 2599 1111 2664 usque
1122 2579 1165 2646 ad
1182 2587 1242 2646 ter·

112 2690 220 2754 minos
231 2685 316 2752 silue
326 2683 451 2771 Bokon,
462 2681 549 2750 etibi
565 2684 597 2750 in
615 2683 722 2769 eapite
733 2681 900 2752 cuiusdam
910 2685 1007 2752 vallis
1026 2707 1126 2772 supra
1142 2708 1241 2770 quen·

112 2797 190 2864 dam
208 2793 329 2862 sontem
346 2794 379 2858 in
405 2793 476 2859 loeo
511 2792 677 2876 vulgariter
712 2791 907 2860 Kuaohbike
934 2801 1050 2862 uooato
1076 2802 1153 2861 sunt
1180 2793 1241 2860 dne

111 2911 208 2990 mete,
238 2919 301 2984 que
317 2908 509 2985 separanta
534 2899 620 2967 silua
646 2899 753 2966 Booon
779 2907 971 2987 prenotata3
997 2921 1112 2968 oureus
1139 2902 1242 2968 eoiam

111 3011 204 3094 fluuij
222 3006 410 3093 incipientis
431 3008 464 3073 in
479 3008 628 3093 prediola
644 3008 731 3073 valle
755 3008 952 3076 Kuaohbilxe
978 3015 1106 3097 uocata,
1136 3017 1168 3074 et
1192 3030 1241 3077 oa·

109 3118 221 3184 dentis
238 3114 272 3180 in
288 3113 420 3180 fluuium
435 3113 589 3182 'Phoraua
604 3115 645 3182 ab
663 3113 779 3181 eadem
795 3114 882 3183 silua
897 3115 1022 3204 Bokon,
1048 3116 1135 3183 silua
1151 3115 1239 3182 uide-

109 3228 185 3292 lioet
200 3222 317 3308 Regali
333 3229 452 3288 terram
468 3222 612 3306 ipsorum
629 3227 762 3308 separat
777 3229 809 3290 et
826 3223 988 3312 distingit,
1014 3231 1049 3291 ut
1074 3223 1235 3290 dixerunt.

110 3335 150 3399 Et
165 3337 215 3400 sio
231 3331 378 3400 terminis
396 3329 465 3396 siue
483 3331 576 3398 metis
595 3331 696 3414 ipsius
713 3338 797 3397 terre
814 3331 1060 3400 terminatisseu
1074 3330 1236 3398 distinctis

107 3449 234 3528 partem
252 3439 398 3506 eiusdem
415 3444 500 3504 terre
516 3457 537 3503 a
553 3443 645 3522 parte
662 3445 747 3503 terre
762 3439 989 3522 generacionis
1006 3439 1149 3523 ipsorum
1174 3437 1240 3503 exi·

106 3555 257 3633 stentem,
275 3567 349 3614 cum
375 3543 559 3612 molendino
586 3544 674 3610 intra
698 3544 835 3612 eandem
862 3546 1046 3631 poroionem
1072 3543 1237 3629 existenti,

106 3659 223 3722 Comes
241 3654 396 3720 Chelleus
414 3660 445 3719 et
461 3653 519 3738 filij
538 3653 588 3720 sui
605 3653 769 3738 prenotati
785 3652 971 3738 habebunt;
987 3653 1147 3736 reliquam
1163 3673 1240 3718 uero

106 3771 236 3851 partem
253 3785 274 3830 a
291 3768 385 3846 parte
411 3759 605 3827 Knaobbilxe
636 3759 782 3827 habitam
810 3781 882 3827 oum
908 3761 1093 3828 molendino
1118 3779 1238 3844 eorum,

104 3871 195 3956 quod
211 3869 302 3956 apud
320 3869 449 3934 domum
466 3869 598 3936 Geliani
624 3867 743 3956 existit,
769 3869 954 3954 Stephanus
985 3869 1072 3934 filius
1097 3867 1234 3951 Stepha-

103 3981 137 4046 ni
155 3987 313 4063 tanquam
339 3977 490 4066 diuidens
507 3996 566 4041 seu
583 3976 708 4044 diuisor
732 3977 836 4061 ipsius
861 3985 946 4045 terre
971 3975 1106 4062 paoifioe
1131 3973 1235 4060 possi—

102 4087 203 4154 debit.
220 4087 314 4153 Dixit
330 4085 434 4151 eriam
450 4083 535 4150 idem
567 4085 680 4152 Comes
706 4083 860 4153 Obolleus
875 4106 933 4172 pro
958 4105 994 4151 se
1011 4093 1043 4151 et
1068 4105 1126 4170 pro
1154 4083 1230 4168 filijs

102 4198 175 4266 suis
191 4193 385 4281 prenotatis,
403 4192 489 4276 quod
504 4193 693 4278 Stephanus
724 4193 836 4278 sepius
862 4192 999 4260 iteratus
1028 4211 1124 4278 super
1149 4191 1236 4256 omni

99 4304 214 4372 debito
231 4322 271 4369 ao
287 4299 462 4385 solucione,
479 4299 512 4364 in
539 4300 655 4384 quibus
681 4307 750 4367 tam
779 4301 911 4367 raoione
936 4306 1094 4365 terrarum
1121 4294 1234 4383 empti·

100 4413 228 4478 ciarum
245 4427 344 4494 quarn
372 4406 541 4473 ooeasioue
568 4426 782 4493 expensarum
810 4405 912 4492 ipsius
939 4404 1073 4472 comitis
1100 4401 1236 4491 Obelley

98 4517 322 4586 mediantibus
351 4515 466 4581 litteris
492 4515 611 4581 nostris
637 4515 882 4582 memorialibus
907 4515 1086 4598 tenebatur,
1115 4509 1178 4578 sibi
1204 4521 1237 4579 et

98 4629 172 4696 suis
186 4625 265 4712 lilije
281 4623 498 4694 omnimodam
511 4631 543 4691 et
574 4623 757 4710 plenariam
783 4621 1046 4692 satislaooionem
1071 4617 1235 4705 inpendis-
