3170 5166
823 174 982 273 ffl-

339 371 500 438 Dorusma
517 367 647 453 cognati
662 367 711 434 sni
726 388 785 454 pro
801 368 931 435 bomine
948 365 1072 434 domini
1089 369 1190 453 Regis
1208 366 1319 437 fuerat
1341 368 1485 455 deputa·
1569 445 1570 472 ,

338 485 402 562 tus,
419 484 569 562 presente
585 475 741 559 Magistro
757 474 896 542 Nicolao
913 474 1078 542 Canonico
1104 475 1252 542 Ecclesia
1277 474 1390 542 Sancti
1417 477 1474 542 Jo·
1569 475 1570 548 Ῠ

339 582 458 650 hannis
474 583 515 650 de
539 581 836 669 Luinqueeoelesijs
867 579 1051 649 testimonio
1081 580 1184 666 ipsius
1202 580 1344 667 Capituli
1376 579 1482 659 Quin-
1569 595 1570 612 l

340 689 614 774 queecclesiensis
649 687 787 755 sabbato
813 693 889 772 post
913 686 1197 754 circumcisionem
1228 688 1360 755 Domini
1387 708 1479 757 anno

339 797 484 864 eiusdem
523 795 646 864 M⁰CC⁰
686 797 898 880 nonagesimo
938 817 1023 862 nono
1058 796 1252 864 accedentes
1285 798 1319 863 in
1360 798 1478 864 uillam
1569 879 1570 892 ,

263 935 267 944 ·
338 902 517 990 Royzboyd
533 902 669 991 predicti
684 905 824 972 Tulman
840 903 1049 992 antedictam,
1075 904 1130 970 vbi
1145 902 1336 990 reperiendo
1352 904 1481 988 Dyoni-

340 1011 424 1078 sium
440 1012 543 1080 filium
558 1014 687 1079 Mortnn
702 1012 855 1079 Telmeni
881 1011 1011 1097 dictum,
1036 1013 1213 1097 patrvelem
1238 1012 1370 1078 fratrem
1395 1011 1477 1078 dicti

338 1119 506 1206 Rozboyd,
539 1119 591 1186 cui
623 1119 782 1207 Dyonisio
814 1126 846 1185 et
877 1120 1004 1205 populis
1037 1115 1079 1192 de
1110 1120 1226 1186 eadem
1259 1119 1352 1202 uilla,
1384 1117 1478 1185 ioba·
1569 1113 1570 1202 j

337 1227 487 1308 gionibns
504 1225 649 1292 eiusdem
665 1225 817 1312 Rouboyd
846 1227 1115 1293 commorantibus
1140 1227 1174 1292 in
1201 1247 1268 1292 una
1296 1223 1387 1292 curia
1412 1227 1476 1293 sub
1569 1229 1570 1320 J

339 1353 405 1399 vna
421 1340 517 1420 porta
533 1332 673 1400 dixisset
688 1334 789 1400 uerbo
804 1332 919 1419 Regio,
935 1335 1019 1400 utin
1038 1331 1212 1416 quindenis
1237 1331 1375 1417 predicti
1400 1331 1476 1400 sab·
1569 1385 1570 1412 ,

341 1437 409 1506 bati
425 1437 491 1505 diei
506 1437 593 1506 idern
604 1439 759 1527 Rozboyd
776 1440 818 1506 ad
828 1439 989 1526 premissa
1003 1438 1036 1505 in
1052 1460 1193 1524 persona
1208 1439 1344 1526 propria
1359 1447 1392 1505 et
1407 1460 1476 1505 non
1569 1425 1570 1442 ²

340 1566 398 1629 per
412 1553 653 1630 procuratorem
679 1567 782 1631 snum,
804 1567 915 1614 eoram
941 1545 1071 1614 domino
1087 1548 1177 1630 Rege
1193 1554 1407 1630 compareret
1432 1548 1479 1614 Et

338 1653 416 1736 quia
431 1654 517 1721 idem
532 1653 688 1740 Rozboyd
705 1655 836 1725 eosdem
851 1654 1007 1742 homines,
1019 1655 1054 1721 in
1071 1655 1127 1737 qui
1142 1655 1216 1739 ipsa
1232 1655 1325 1721 curia
1339 1654 1375 1718 in
1391 1655 1475 1721 villa

338 1760 480 1828 Tnlmnn
496 1763 686 1829 commorari
713 1761 913 1848 dicebantur,
938 1761 1158 1829 nondicebat
1183 1781 1255 1829 esse
1274 1761 1478 1845 jobagiones

338 1887 433 1952 snos;
460 1888 596 1953 pernes
623 1869 771 1952 partibus
797 1869 1091 1954 assumpmentibus
1116 1868 1280 1935 decretum
1305 1869 1473 1957 extiterat,

337 1972 421 2039 utin
439 1975 561 2042 octaris
578 1973 821 2042 Purificacionis
837 1975 939 2067 Beate
956 1974 1099 2057 Virginis
1116 1973 1229 2040 eedem
1245 1983 1357 2058 partes
1376 1996 1471 2044 acee-

337 2083 451 2149 derent
469 2101 568 2167 super
594 2080 712 2147 taciem
737 2074 882 2148 eiusdem
907 2080 1123 2164 possessionis
1149 2081 1299 2163 Tnlman3
1326 2089 1359 2146 et
1384 2081 1474 2150 idem

336 2191 493 2274 Magister
509 2191 677 2258 lohannes
694 2187 825 2256 deberet
849 2189 927 2255 illuc
953 2170 1116 2256 adducere
1141 2186 1322 2274 predictum
1347 2190 1457 2257 Joban

336 2319 411 2366 nem
426 2297 530 2364 tilium
547 2295 709 2394 Bernalcb
726 2301 801 2362 tnnc
818 2296 891 2362 loeo
906 2293 1046 2362 hominis
1062 2294 1187 2362 domini
1203 2297 1303 2380 Regis
1331 2295 1472 2380 depute-

335 2413 416 2492 tum,
434 2411 467 2470 et
482 2403 589 2488 ipsum
604 2403 794 2487 Magistrum
810 2400 982 2468 Nicolaum
1008 2422 1066 2488 per
1091 2402 1278 2488 Capitulum
1306 2401 1471 2485 Quinque-

336 2511 534 2580 eeclesiense
550 2509 584 2574 in
599 2509 819 2576 testimonium
829 2510 1050 2594 assignatum5
1069 2515 1100 2574 et
1115 2509 1178 2594 ipsi
1195 2509 1365 2576 lohannes
1382 2509 1469 2576 filius

337 2615 508 2702 B‘ernalcb,
525 2635 564 2682 ac
583 2615 738 2701 Magister
753 2615 918 2700 Nicotaus,
930 2614 1139 2683 ostenderent
1154 2615 1334 2701 predictam
1346 2615 1470 2683 curiam

334 2726 394 2794 sub
411 2745 478 2790 una
492 2729 589 2808 porta
605 2723 807 2809 existentem,
827 2723 1032 2808 presentibus
1057 2721 1228 2790 Dominico
1254 2722 1322 2790 tilio
1354 2725 1472 2789 Wiriz-

334 2835 398 2899 low
413 2831 542 2897 homine
558 2828 681 2895 domini
698 2829 807 2915 Regis,
823 2835 856 2896 et
871 2830 1057 2897 testimonio
1074 2828 1218 2916 Capituli
1235 2829 1350 2898 Sancti
1376 2831 1467 2897 Petri

334 2939 377 3005 de
408 2941 547 3024 Posoga,
577 2955 657 3020 qnos
683 2935 770 3004 idem
793 2935 949 3024 Rozboyd
974 2935 1138 3004 adducere
1162 2945 1408 3022 assumpserat;
1436 2943 1471 3005 et

333 3031 430 3113 horno
456 3044 578 3110 domini
602 3043 703 3127 Regis
728 3062 788 3127 per
812 3043 920 3128 ipsum
946 3041 1100 3110 Comitem
1125 3044 1282 3130 Borboyd
1307 3043 1473 3112 adductus

335 3156 489 3238 presente
521 3149 708 3216 testimonio
725 3147 868 3235 Capituli
887 3148 928 3217 de
944 3150 1075 3234 Posoga
1090 3149 1216 3217 uideret
1231 3157 1264 3216 et
1279 3151 1470 3237 inspiceret,

333 3261 361 3326 si
377 3256 526 3344 predicta
542 3257 633 3324 curia
648 3258 692 3324 sit
704 3257 764 3323 illa
780 3256 905 3343 eadem,
923 3277 984 3340 qne
1001 3258 1034 3324 in
1053 3257 1171 3325 litteris
1196 3257 1303 3341 ipsius
1320 3257 1467 3344 Capituli

334 3365 690 3448 Quinqueecclesiensis
707 3364 901 3448 continetur,
927 3370 960 3431 et
985 3366 1100 3452 populi
1124 3365 1158 3431 in
1187 3364 1303 3432 eadem
1328 3387 1468 3433 commo-

331 3479 443 3540 rantes
458 3473 523 3538 sint
539 3471 696 3557 Rozboyd
711 3471 870 3557 sepedicti
886 3492 946 3540 nec
962 3491 1022 3558 ne;
1049 3479 1082 3540 et
1106 3472 1283 3540 seeundum
1310 3472 1401 3556 qnod
1426 3474 1470 3539 de

330 3579 393 3665 bys
410 3578 559 3646 omnibus
576 3579 698 3647 ueritas
715 3585 852 3664 constat,
870 3579 1034 3664 predictus
1051 3581 1208 3665 Magister
1224 3581 1394 3647 lohannes
1412 3601 1468 3648 ne·

329 3687 461 3773 gocium
477 3706 569 3752 sunm
585 3686 619 3752 in
645 3685 764 3754 litteris
790 3685 934 3771 Capituli
959 3684 1328 3773 Quinqneecclesiensis,
1359 3689 1470 3772 predi·

330 3800 398 3862 ctus
413 3813 490 3860 vero
506 3791 662 3879 Rouboyd
677 3792 711 3858 in
728 3793 847 3859 litteris
866 3793 1010 3891 Capituli
1028 3792 1067 3859 de
1093 3793 1223 3874 Posoga
1249 3800 1469 3880 reportarent.

329 3901 419 3968 stin
435 3901 574 3967 termino
590 3898 711 3966 adhoc
728 3920 787 3985 per
803 3906 913 3988 partes
934 3908 1100 3986 assumpto
1126 3899 1214 3967 idem
1240 3901 1357 3968 Comes
1384 3905 1469 3970 Roz-

328 4007 416 4093 boyd
431 4027 498 4074 non
513 4007 612 4093 venit,
628 4027 688 4074 nec
705 4008 815 4092 misit;
833 4007 999 4093 predictus
1016 4027 1093 4074 vero
1108 4009 1266 4093 Magister
1291 4007 1467 4078 lohannes

332 4115 481 4181 exhibuit
496 4117 591 4184 nobis
607 4115 733 4182 litteras
750 4115 936 4185 Conuentus
951 4115 1179 4184 waradiensis
1203 4117 1238 4182 in
1266 4115 1329 4182 bec
1354 4117 1461 4184 rerba

436 4221 722 4290 Excellentissimo
738 4221 869 4290 domino
886 4243 944 4290 suo
960 4222 1092 4290 Andree
1107 4225 1149 4290 Ι).
1167 4242 1215 4308 gr.
1233 4223 1353 4291 Inclito
1378 4224 1471 4308 Regi

328 4329 472 4413 Vngarie
489 4329 548 4395 stb.
567 4328 820 4418 (lrb'vetkenika
846 4329 1042 4418 pecsvtradi
1066 4329 1280 4399 konreutnelr
1301 4329 1475 4414 jelcnteae
1567 4399 1568 4421 ,

327 4435 409 4504 mint
424 4437 521 4504 alabb
540 4441 615 4506 270.
633 4459 678 4505 sn.
696 4437 742 4525 a.)
