3098 5172
633 1005 707 1075 184.

95 1208 122 1274 A
139 1213 233 1275 adai
248 1207 474 1295 iedptolencolt
488 1205 762 1293 eaonpsaptaaeta,
777 1209 859 1294 bopy
875 1207 992 1274 sacar·
1025 1207 1135 1276 &dra
1159 1233 1244 1279 mee*

95 1327 151 1399 ter,
168 1339 183 1382 e
199 1315 340 1380 Koari-e'
356 1313 476 1379 Miletos
491 1335 590 1378 eomea
609 1312 640 1378 ee
656 1311 865 1398 traiecerant,
882 1338 904 1378 a
921 1315 1035 1381 boemie
1062 1317 1234 1406 Koarezey

95 1423 359 1510 belyetprene'zcc
377 1419 500 1486 tdmodt
515 1419 782 1507 epycnetlecstpek
807 1423 1147 1490 eliottztatre'bt'rdlcot
1173 1427 1242 1490 od·-

520 1527 696 1592 lasztottalt.
714 1529 811 1598 1295.

204 1723 272 1790 Nos
289 1722 478 1808 Capitulum
497 1720 642 1788 Ecclesie
657 1721 828 1790 Vaeiensis
854 1723 970 1791 damus
995 1744 1054 1810 pro
1078 1724 1233 1790 memoria

96 1832 182 1916 quod
196 1831 354 1914 Magister
369 1828 516 1898 Andreas
533 1828 619 1898 filins
634 1829 787 1917 Nycolay
804 1830 845 1898 de
860 1831 962 1900 Sciud
978 1835 1021 1899 ab
1036 1851 1103 1898 vna
1120 1835 1225 1918 parte;

96 1941 212 2008 Comes
230 1939 387 2023 Njcolans
403 1936 444 2004 de
459 1936 571 2024 Koari,
588 1945 622 2005 et
636 1936 770 2004 Alexius
786 1937 873 2006 lilius
889 1937 1049 2006 Feliciani
1074 1939 1114 2004 de
1142 1939 1239 2006 Oba·-

94 2047 198 2112 lamia
215 2065 257 2112 ex
276 2046 389 2130 altera,
408 2063 517 2111 coram
533 2045 628 2112 nobis
644 2047 863 2130 personaliter
878 2049 1048 2116 constituti
1064 2053 1139 2114 sunt
1154 2065 1238 2112 oon·

97 2154 184 2239 lessi,
202 2152 292 2239 quod
308 2151 342 2219 iu
359 2171 468 2236 causa,
487 2171 586 2234 quam
602 2153 766 2238 predictus
781 2155 938 2238 Magister
952 2155 1101 2222 Andreas
1127 2173 1226 2239 super

96 2259 236 2346 quadam
251 2267 340 2327 terra
354 2261 509 2342 Knarzeg
518 2266 636 2326 uocata
646 2257 753 2326 Oastri
770 2260 896 2330 scilieet
910 2263 1018 2349 Regij,
1034 2262 1168 2329 nomine
1179 2261 1230 2329 sui

95 2369 173 2435 iuris
189 2386 290 2452 super
303 2365 394 2451 ipsos
409 2365 607 2450 requirebat,
625 2385 683 2452 per
700 2369 973 2454 composicionem
990 2368 1162 2455 proborum
1181 2368 1228 2434 ri-

95 2497 200 2544 rorum
216 2475 330 2542 taliter
345 2474 615 2541 concordassent:
632 2476 717 2558 quod
733 2477 768 2540 in
784 2476 955 2560 quindenis
967 2477 1129 2562 Cinctum,
1141 2475 1227 2542 diem

94 2605 157 2652 non
167 2581 389 2668 crastinando,
407 2581 440 2646 in
457 2580 708 2648 villaGormoth
725 2584 932 2668 presentibus
943 2583 1098 2669 Magistro
1110 2583 1227 2648 Furca-

95 2695 141 2758 sio
153 2691 221 2758 lilio
231 2691 369 2774 Fulkus,
382 2688 506 2756 Gemite
516 2688 547 2754 N
547 2691 665 2776 ycclao
676 2688 742 2755 lilio
752 2692 867 2778 Jacou,
878 2693 1034 2776 Magistro
1043 2689 1228 2758 Laurenoio

95 2797 134 2864 de
150 2796 273 2884 Scyud,
292 2803 325 2862 ct
340 2795 463 2863 Gemite
479 2794 646 2881 Stephano
660 2795 728 2862 lilio
744 2795 827 2884 Aba,
845 2814 885 2864 ac
910 2817 975 2864 ruo
999 2797 1071 2865 uiro
1096 2796 1225 2883 ydoneo

95 2926 133 2970 ex
148 2905 256 2992 nobis,
274 2923 356 2988 quos
370 2907 481 2988 partes
497 2903 708 2970 communiter
725 2903 889 2970 adducent
904 2905 1000 2972 ambe
1025 2911 1143 2991 partas,
1161 2924 1226 2971 om·

93 3013 151 3079 nia
166 3012 345 3098 priuilegia
360 3016 394 3078 et
409 3011 624 3078 instrumenta
639 3010 783 3095 ipsorum
800 3031 898 3096 super
913 3011 987 3095 ipsa
1002 3018 1091 3079 terra
1118 3010 1225 3078 conlo·

92 3125 148 3186 cta
166 3117 296 3185 iisdem
311 3117 475 3185 nobilibus
492 3116 701 3206 exhibebunt,
719 3125 752 3184 et
767 3115 866 3203 ijdem
882 3117 1007 3185 nobiles
1023 3117 1104 3185 nisis
1130 3116 1226 3204 priui-

91 3229 189 3312 legijs
206 3233 239 3292 et
254 3227 474 3292 instrumentis
491 3226 648 3313 parcium,
679 3226 849 3292 arbitrium
873 3223 995 3292 facient
1019 3229 1103 3293 inter
1126 3225 1226 3309 ipsos,

92 3343 126 3403 ct
143 3335 232 3402 cuius
250 3334 353 3420 partis
370 3334 506 3400 meliora
522 3335 575 3400 uel
601 3333 762 3401 ualidiora
786 3333 905 3400 fuerint
929 3333 1155 3418 instrumenta,
1183 3329 1225 3396 ei·

92 3444 168 3509 dem
184 3443 350 3509 remittent
366 3460 425 3525 per
442 3439 572 3508 modum
588 3441 736 3525 arbitrij,
760 3439 845 3508 siout
878 3441 911 3505 in
943 3437 1126 3525 priuilegijs
1152 3456 1225 3505 oon·

91 3552 223 3637 tinctor,
240 3551 346 3636 ipsam
362 3556 480 3616 terram
496 3548 746 3636 possidendam3
762 3549 981 3615 instrumenta
996 3568 1074 3616 uero
1091 3567 1148 3615 seu
1158 3546 1221 3634 pri·

90 3657 218 3741 uilegia
234 3655 395 3724 debiliora
409 3655 512 3740 partis
529 3657 669 3724 aduerse
684 3657 808 3723 cassari
825 3655 949 3722 facient
963 3655 1034 3742 ipso
1044 3653 1098 3720 die
1109 3661 1224 3722 etcon·

90 3765 200 3848 iringi.
218 3765 254 3830 Si
271 3785 338 3848 qua
353 3785 432 3832 uero
458 3764 604 3850 parcium
630 3765 799 3831 arbitrium
822 3763 1040 3848 predictorum
1064 3761 1223 3829 nobilium

90 3891 160 3938 non
175 3875 378 3958 acceptaret3
404 3877 525 3938 extunc
549 3890 628 3957 pers
654 3870 696 3937 de
721 3871 793 3956 ipso
819 3869 955 3937 arbitrio
981 3869 1129 3938 resiliens
1153 3867 1224 3935 sine

89 3981 247 4069 porcione
258 3979 382 4064 judicis
399 3987 476 4046 ante
489 3980 557 4048 litis
590 3979 771 4063 ingressum
788 3980 872 4065 parti
889 3979 1027 4047 aduerso
1051 3973 1222 4042 arbitrium
1263 3972 1269 3983 '

90 4088 258 4156 tolleranti
275 4087 517 4172 quinquaginta
530 4106 658 4154 marcas
674 4089 802 4154 soluere
826 4091 998 4153 teneretur.
1024 4083 1076 4152 Ita
1101 4091 1222 4171 tamen,

89 4195 179 4282 qnod
193 4197 222 4262 si
236 4195 378 4281 predicti
393 4195 606 4264 arbitratorcs
623 4193 688 4280 ipsi
704 4193 838 4260 arbitrio
855 4213 967 4262 omnes
983 4193 1142 4261 interesse
1156 4213 1222 4260 non

87 4311 243 4390 possent3
263 4309 380 4373 extunc
395 4301 460 4371 duo
487 4325 528 4372 ex
554 4303 677 4371 eisdem
703 4303 757 4370 uel
782 4305 848 4370 tres
873 4301 1034 4370 sufficient
1060 4300 1223 4371 arbitrari.

88 4409 276 4479 Voluerunt
292 4411 407 4499 eciam,
425 4411 556 4497 quodsi
573 4410 797 4496 quaparcium
825 4411 932 4496 ipsum
955 4409 1123 4478 arbitrium
1147 4425 1221 4474 enm

89 4520 213 4588 litteris
228 4520 354 4588 domini
368 4519 468 4607 Regis
483 4526 516 4588 et
529 4519 666 4605 Regius,
684 4519 737 4587 nel
752 4517 916 4600 aliquibus
942 4515 1164 4587 occasionibus
1190 4521 1224 4584 st

88 4625 223 4695 racione
240 4628 401 4696 exercitus
416 4649 591 4715 prorogare
606 4629 779 4711 niteretur3
799 4632 918 4694 extunc
933 4627 966 4694 in
977 4626 1125 4714 prediola
1135 4643 1225 4712 pena
