3170 5166
613 227 823 336 AB&

120 431 365 518 possessionem
381 430 533 514 Tulman,
551 435 584 494 et
600 428 701 495 aliam
726 429 964 514 possessionem
988 429 1135 496 ciusdem
1159 429 1256 496 Mark

123 536 242 603 Lanka
257 544 419 622 uocatam,
436 537 569 602 racione
585 536 663 602 tacti
688 536 881 622 principalis
909 544 941 604 et
961 537 1160 621 judiciorum
1188 555 1258 622 pre·

123 641 295 728 dictorum,
313 639 454 709 secundo
472 649 504 708 et
520 641 621 708 tercio
637 642 743 708 fuerat
758 641 976 724 introductum
994 643 1078 710 sicut
1094 645 1257 728 premissa

124 749 234 816 omnia
250 756 282 814 et
298 748 430 834 singula
445 748 676 834 premissorum
692 749 727 815 in
744 749 860 817 litteris
881 749 1094 834 judicialibus
1124 750 1257 836 (lapitu-

123 853 229 920 lornm
244 847 601 939 Quinqueccclesienhis
618 863 651 922 et
667 857 854 938 Bonnensis,
872 877 911 922 ao
927 855 1115 924 uonncntns
1143 859 1258 923 Wara·

123 959 248 1029 diensis
262 961 404 1030 uidimus
420 962 549 1048 plenius
564 962 738 1030 contineri.
756 963 911 1030 Exhibuit
927 964 1031 1030 eciam
1047 963 1136 1030 idem
1157 965 1256 1049 Magi·

122 1075 189 1135 ster
205 1068 374 1138 Johannes
391 1069 549 1152 quasdam
566 1071 691 1138 litteras
716 1079 864 1155 nostras3
894 1069 928 1135 in
956 1071 1072 1153 quibus
1098 1073 1256 1158 comperi·

123 1195 206 1260 mus,
224 1175 312 1257 quod
328 1176 473 1243 Thomas
488 1176 574 1243 filius
590 1177 705 1244 eosne
720 1197 779 1262 pro
796 1177 918 1244 Comite
943 1179 1099 1272 Rozboyd
1110 1170 1256 1244 ‘dominc

123 1302 182 1348 suo
199 1282 400 1350 exhibuisset
415 1283 583 1350 citatorias
599 1284 725 1350 litteras
744 1283 886 1369 Capituli
902 1284 1014 1351 Sancti
1030 1284 1120 1352 Petri
1138 1286 1178 1352 cle
1194 1288 1257 1353 Po-

122 1410 205 1474 soga
224 1391 427 1458 continentes
443 1391 531 1458 hunc
547 1399 712 1459 tenorem:

233 1496 416 1564 Excellenti
432 1497 562 1565 domine
578 1519 637 1566 sne
653 1497 712 1565 Th.
731 1500 827 1566 matri
843 1499 973 1566 Andree
990 1499 1030 1564 D.
1049 1520 1095 1583 gr.
1113 1499 1254 1567 Illustris

127 1605 229 1686 Regis
246 1603 415 1688 Hungarie
431 1605 493 1672 stb.
512 1605 726 1687 (kbvctkezilr
742 1627 763 1672 a
777 1607 935 1692 pozsegai
961 1605 1190 1693 khptalannalr
1207 1607 1256 1690 je-

127 1714 254 1788 lentese
268 1713 349 1779 mint
366 1713 464 1779 altbb
481 1715 558 1784 263.
575 1735 621 1780 su.
639 1715 683 1797 a.)

234 1819 276 1884 Et
292 1819 370 1903 quia
385 1821 418 1885 in
435 1821 592 1906 predictis
608 1821 724 1886 litteris
741 1821 856 1889 citacio
873 1821 993 1888 illicita
1009 1829 1041 1888 et
1059 1819 1256 1904 inlegittima

117 1927 370 2010 continebatur;
388 1948 426 1994 eo
442 1927 528 2011 quod
544 1932 652 2014 plures
669 1927 820 1995 homines
846 1929 938 1994 citari
964 1929 1093 2012 fecerat,
1121 1947 1253 2012 quorum

121 2036 255 2100 nomina
269 2034 390 2102 litteris
407 2037 579 2104 citacionis
595 2035 725 2102 domine
741 2037 879 2121 Ducisse
907 2059 971 2104 non
997 2045 1090 2102 erant
1115 2036 1250 2119 inserta,

123 2147 154 2204 et
169 2143 329 2210 terminus
344 2142 509 2210 indebitus
526 2150 559 2209 et
575 2148 687 2209 contra
701 2142 805 2224 Regni
821 2143 1088 2210 consuetudinem
1105 2149 1176 2208 erat
1201 2163 1252 2208 as-

124 2249 294 2329 signatus:
311 2245 449 2312 eundem
465 2245 622 2313 Comitem
639 2248 795 2332 Rozboyd
812 2247 846 2312 in
863 2247 949 2314 facto
967 2249 1055 2316 dicte
1082 2247 1197 2313 illicite
1214 2249 1255 2314 ci·

122 2352 262 2420 tucionis
288 2359 320 2418 et
346 2373 404 2419 sex
423 2352 632 2440 judiciorum,
660 2355 693 2419 in
720 2356 838 2436 quibus
859 2353 994 2439 judicijs
1022 2353 1107 2420 idem
1140 2337 1253 2420 (lomes

121 2461 280 2546 llozboyd
308 2467 422 2526 contra
446 2461 639 2544 Magistrum
664 2461 848 2528 Jchannam
873 2469 922 2528 est
947 2462 1126 2548 conuictus,
1154 2469 1186 2526 et
1211 2460 1255 2526 ud

121 2569 234 2650 plures
250 2567 407 2633 terminos
423 2568 466 2633 ad
483 2566 721 2634 emendandum
738 2589 773 2634 se
788 2570 822 2634 in
840 2569 900 2635 hcc
916 2569 1003 2634 facto
1029 2569 1185 2651 legittime
1212 2568 1254 2633 ad

120 2673 260 2757 Regiam
276 2674 485 2743 Presenciam
511 2675 645 2740 lecimus
672 2679 819 2763 euocari3
847 2677 902 2759 qui
927 2677 1028 2742 semel
1054 2681 1086 2741 et
1111 2675 1254 2742 secundo

120 2784 222 2849 uerbo
239 2783 343 2864 Regio
361 2782 490 2862 citatus,
508 2789 541 2849 et
557 2803 615 2866 per
640 2765 898 2849 introduccicnes
924 2783 958 2846 in
985 2781 1158 2867 porciones
1183 2802 1254 2867 pos-

121 2889 306 2954 sessionum
322 2908 453 2954 suarum
481 2889 620 2954 Tulman
646 2896 678 2954 et
702 2889 819 2954 Lanka
845 2895 1033 2954 uocatarum
1059 2889 1254 2973 compulsus,

119 2996 388 3079 proclamacione
406 2995 510 3062 eciam
526 2996 655 3080 publice
672 2995 759 3060 sacta
775 2993 818 3060 ad
834 2994 1035 3079 presenciam
1052 2993 1175 3060 domini
1192 2995 1252 3058 Re-

118 3104 173 3184 gis
190 3121 248 3168 sen
264 3109 409 3168 nostram
426 3109 581 3186 tanquam
598 3101 796 3186 vicejudicis
814 3099 994 3184 (lunisone,
1013 3105 1046 3164 et
1070 3101 1173 3165 eciam
1199 3119 1251 3164 su·

117 3229 181 3295 per
196 3206 284 3274 facto
301 3209 487 3295 principali,
505 3210 651 3294 dampno
669 3209 824 3275 videlicet
840 3207 977 3292 triginta
994 3227 1176 3273 marcarum
1187 3206 1253 3290 ipsi

117 3317 283 3400 Magistro
299 3315 443 3383 Jchanni
470 3319 503 3382 iu
529 3317 699 3382 oblacione
725 3334 880 3399 equorum
912 3321 944 3379 et
975 3313 1113 3381 aliarum
1144 3334 1253 3383 rerum

117 3443 258 3491 suarum
283 3424 436 3507 irrogato,
464 3425 576 3492 venire
602 3426 835 3490 contumaciter
860 3444 925 3489 non
945 3423 1087 3518 curauit.
1115 3424 1157 3488 Et
1183 3443 1255 3489 cum

116 3553 223 3618 super
248 3534 405 3618 premisso
432 3534 517 3600 facto
539 3535 625 3618 juris
651 3533 1005 3601 ordinedeoiesionem
1033 3529 1118 3620 (lgy)
1145 3529 1254 3600 facere

115 3641 352 3726 voluissemus,
370 3642 534 3727 predictus
552 3641 668 3708 Comes
685 3633 840 3728 Rouboyd
864 3641 997 3710 veniens
1024 3642 1250 3727 personaliter,

116 3749 228 3814 voluit
243 3747 335 3832 scire,
353 3749 406 3814 ubi
424 3749 494 3834 ipse
510 3749 629 3814 citatus
647 3749 755 3834 fuerit,
774 3757 807 3814 et
822 3750 925 3816 eciam
942 3747 1182 3834 proclamatus3
1210 3747 1256 3812 di-

116 3874 213 3936 cens,
231 3853 318 3935 quod
335 3854 450 3920 eadem
467 3853 631 3940 possessio
647 3855 785 3920 Tulman
802 3854 984 3940 apluribus
1001 3853 1096 3920 annis
1121 3873 1180 3937 per
1205 3853 1253 3918 fu·

56 3959 59 3962 ’
114 3967 209 4025 ctum
226 3959 376 4042 Magistri
393 3962 554 4028 Johannis
572 3969 657 4028 esset
674 3961 833 4046 desolata,
860 3965 891 4025 et
916 3959 1003 4041 quod
1031 3957 1072 4024 de
1097 3959 1256 4025 citacione

116 4077 151 4134 ct
180 4065 442 4152 proclamacione
468 4069 530 4135 sibi
557 4090 619 4135 non
647 4075 826 4146 constaret3
857 4065 1013 4135 exhibens
1039 4065 1123 4134 inter
1148 4071 1256 4132 cetera

113 4178 209 4240 idem
226 4173 382 4258 Magister
397 4175 564 4242 Johannes
580 4178 615 4241 in
631 4177 766 4243 instanti
783 4178 907 4242 litteras
924 4173 1065 4260 Capituli
1094 4170 1257 4257 Quinque-

115 4279 333 4350 eoclesiensie
350 4279 479 4348 domino
494 4283 578 4367 Regi
593 4285 814 4370 transmissas,
830 4285 865 4348 iu
882 4282 998 4365 quibus
1023 4299 1084 4366 per
1108 4300 1168 4348 nos
1194 4279 1255 4346 fnit

112 4393 336 4475 compertum
355 4389 442 4472 quod
458 4391 626 4459 lohannes
637 4391 722 4456 lilius
732 4390 893 4457 Bernalch
904 4389 945 4456 de
956 4407 1073 4474 genere
1083 4390 1256 4476 Durusma‚

112 4497 178 4585 qui
194 4498 269 4563 nice
286 4497 442 4582 Magistri
459 4498 618 4584 Stephani
636 4498 676 4564 de
702 4495 810 4566 Garaa
836 4497 877 4564 de
904 4496 1017 4565 eadem
1042 4495 1257 4580 generacione
