3170 5166
762 266 922 365 ffi—

276 463 401 549 sitiens,
419 462 538 528 iudicio
554 461 671 547 Regali
688 460 877 528 subiacebit.
895 460 1041 528 Dicimus
1059 461 1173 542 eciam,
1189 461 1277 546 qnod
1306 461 1423 530 dictus

176 639 178 642 .
276 569 390 638 Comes
407 571 560 638 Nicolaus
576 571 778 638 Demetrium
793 569 896 636 filium
911 567 1021 655 Sama,
1038 567 1234 654 Eymirioum
1266 575 1299 635 et
1330 569 1417 636 Tho-

276 685 363 745 mam
383 677 589 764 expeditorcs
605 677 695 746 dicte
710 684 796 744 terre
812 675 956 764 Zechlte‚
971 677 1099 744 litteras
1131 683 1163 742 et
1194 674 1410 744 instrumenta

277 805 378 872 snper
393 786 466 870 ipsa
482 791 571 854 terra
587 785 753 858 contectas
769 793 802 854 ct
818 783 967 853 conlecta
977 786 1011 852 in
1021 783 1145 853 eisdem
1158 783 1286 852 cctauis
1297 782 1412 848 Sancti

276 893 394 961 Jacobi
411 912 518 960 coram
536 891 618 978 ipsis
634 891 769 960 arbitris
784 889 883 958 debet
899 899 1047 960 statuere
1064 895 1097 958 et
1107 891 1272 959 exhibere.
1288 891 1412 956 Rursus

277 1005 388 1084 partes
405 998 440 1064 in
456 997 582 1066 octonis
599 997 711 1064 Sancti
728 997 827 1084 Regis
843 995 1001 1084 Stephani
1019 997 1141 1066 debent
1172 1016 1282 1064 coram
1314 997 1409 1062 nobis

278 1123 469 1191 comparere
484 1104 528 1171 ad
543 1123 660 1190 pacem
685 1103 901 1192 recitandam,
932 1105 985 1172 ncl
1016 1104 1059 1172 ad
1090 1106 1182 1172 litem
1212 1121 1412 1189 prosequen-

279 1213 355 1280 dam
369 1237 377 1296 ;
395 1211 511 1279 seriem
527 1211 606 1278 sacti
622 1212 656 1278 in
672 1211 791 1279 litteris
807 1209 1046 1279 cruciferorum
1063 1211 1105 1278 de
1131 1211 1226 1280 Oknr
1241 1216 1408 1297 reportan-

280 1318 333 1384 do.
366 1317 486 1382 Datum
518 1317 552 1382 in
583 1315 766 1385 Susuchtou
783 1316 865 1384 feria
882 1317 995 1400 quinta
1010 1317 1159 1403 proxima
1188 1322 1264 1383 ante
1294 1317 1415 1384 festum

161 1511 166 1522 ὓ
277 1426 499 1492 Pentecostes.

386 1528 540 1596 Kivttl:
557 1531 620 1598 Pro
636 1531 793 1614 Magistro
810 1529 949 1597 Coraldo
966 1528 1034 1595 filio
1062 1528 1220 1616 Stephani
1251 1537 1283 1598 et
1299 1529 1412 1615 sociju,

278 1641 391 1704 contra
407 1635 565 1703 Comitem
581 1637 756 1702 Nicolaum
772 1635 873 1702 tilium
888 1637 967 1703 Jula
983 1641 1016 1702 et
1047 1636 1205 1702 Aradium
1237 1636 1412 1704 officialem

278 1763 373 1811 suum
388 1743 432 1810 ad
448 1751 583 1810 octauas
599 1743 712 1810 Sancti
729 1742 841 1826 Regis.

201 1947 210 1962 '
281 1939 417 2004 (Ercdetic
431 1935 606 2004 btlrhtrtytn,
620 1955 637 1990 a
656 1935 734 1992 hatnl
748 1939 800 1990 oda
818 1940 940 2005 nydmott
958 1938 1106 2004 peccetnclr
1129 1937 1278 1991 eoredtken
1293 1955 1310 1990 a
1322 1937 1414 2004 kirtly

329 2025 479 2092 alakjtnalr
498 2025 573 2082 resae
592 2025 692 2079 Mtszik
712 2025 792 2094 meg:
811 2043 829 2078 a
841 2044 875 2077 m.
889 2028 915 2079 b.
929 2025 1024 2092 Rivay
1039 2025 1130 2079 csaltd
1142 2024 1353 2088 lcvtlttrtbau.)

734 2292 946 2303 ——u--—

284 2936 530 3022 Mlirvtrtyltezesi
544 2936 690 3022 oltmday,
708 2937 789 3018 moly
814 2937 931 3000 aserim
956 2912 1059 3000 όυάνὲ
1084 2935 1225 3000 Koorctd
1252 2958 1349 3003 coccea
1376 2940 1409 2999 έε

280 3041 427 3108 Hectorei
461 3052 574 3108 mester
599 3063 691 3128 peres
723 3041 858 3128 ttpyo'lret
889 3041 1117 3127 bardtecipoeon
1149 3043 1323 3108 eliatezttk.
1356 3021 1409 3107 Mo

778 3149 898 3215 ne'ltcct.
1412 3161 1426 3174 “

389 3341 494 3411 Datur
509 3361 567 3428 pro
584 3341 753 3428 memoria,
770 3342 855 3426 quod
881 3340 995 3411 (tomes
1027 3339 1206 3410 conrardus
1237 3341 1279 3408 dc
1311 3342 1415 3410 Owar

281 3447 323 3511 ab
339 3465 406 3513 nna
420 3453 524 3533 parte,
540 3448 696 3533 Magister
711 3447 901 3516 Herbordus
916 3451 958 3516 ab
975 3449 1081 3516 altera
1097 3469 1206 3516 coram
1223 3449 1320 3518 nobis
1339 3469 1414 3534 per·

281 3551 438 3622 sonaliter
455 3554 633 3642 constituti,
650 3575 749 3642 super
779 3555 928 3623 omnibus
959 3557 1078 3643 musis,
1111 3555 1264 3624 videlicet
1299 3555 1415 3642 debiti,

281 3659 446 3744 quoidam
460 3662 617 3748 Magister
632 3664 820 3732 Harbordus
837 3652 902 3751 ipsi
918 3663 1035 3732 Oomiti
1053 3663 1216 3732 eonardo
1226 3666 1415 3749 tenebatur,

282 3775 315 3835 et
331 3788 428 3854 super
443 3765 531 3836 facto
549 3771 737 3857 principali,
754 3791 794 3839 ac
809 3793 907 3859 super
922 3773 1040 3859 musis,
1057 3791 1139 3855 quas
1172 3770 1260 3837 idem
1292 3771 1416 3855 Magis·

279 3881 329 3940 ter
343 3873 536 3944 Herbordus
552 3882 584 3941 et
599 3877 650 3942 sui
666 3876 785 3945 fratres
802 3884 974 3946 mouerant
1000 3882 1114 3944 contra
1146 3874 1304 3944 Comitem
1336 3875 1415 3945 Gor·

279 3979 414 4049 nardum
430 3983 662 4069 supradictum,
678 3985 713 4050 in
729 3985 827 4053 talem
844 4003 959 4073 pacem
975 4005 1011 4052 se
1037 3984 1198 4070 dixerunt,
1230 3983 1348 4069 sopitis
1381 3993 1416 4050 et

278 4088 435 4156 anullatis
452 4089 602 4159 omnibus
618 4089 729 4160 causis
745 4093 912 4178 utriusque
938 4091 1084 4177 parcium
1101 4091 1294 4160 deuenisse:
1328 4091 1417 4175 qnod

280 4196 367 4263 idem
385 4194 500 4265 Gomes
517 4197 694 4268 conrardus
711 4221 807 4267 omne
822 4200 866 4287 id,
883 4222 946 4287 quo
978 4199 1083 4269 eidem
1114 4197 1222 4268 dictus
1252 4197 1411 4283 Magister

279 4302 466 4372 Harbordus
482 4305 663 4395 tenebatur,
679 4309 724 4376 ad
739 4310 935 4396 peticionem
952 4307 1109 4376 nobilium
1125 4307 1302 4376 multorum
1318 4324 1420 4391 prop-

279 4417 328 4478 ter
344 4410 464 4478 bonum
479 4413 570 4498 pacis
581 4413 615 4479 in
633 4414 751 4500 viginti
767 4418 885 4486 marcis
902 4415 1076 4502 relaxarit,
1090 4431 1172 4497 quae
1188 4412 1251 4482 eibi
1283 4411 1413 4481 soluere

280 4519 456 4600 assumpsit
469 4539 580 4588 coram
616 4521 765 4610 capitulo
796 4521 1140 4608 Quinqucecclcsicnsi
1171 4519 1205 4587 in
1236 4519 1423 4605 quindenis-
