3132 5162
590 235 610 297 3

518 322 675 332 ——n-——-

46 427 102 488 nire
116 423 228 488 harum
246 425 350 490 serie:
368 425 452 507 quod
469 427 618 493 Andreas
635 427 720 492 lilios
735 426 863 512 Polyan
879 426 984 494 fidelis
994 433 1103 494 noster
1121 427 1161 492 de

47 535 152 617 Scupos
168 532 211 596 ad
228 539 373 598 nostram
390 533 549 600 accedens
565 535 767 620 presenciam
783 535 929 601 exhibuit
944 536 1037 602 nobis
1048 543 1161 621 paten-

45 656 82 706 tes
95 641 216 706 litteras
233 638 355 706 domini
372 639 517 707 Ladislai
532 641 692 724 quondam
711 642 853 708 illustris
870 643 969 726 Regis
996 643 1163 726 Hungarie

47 747 135 814 lelicis
168 747 406 814 recordacionis
437 748 601 816 karissimi
626 748 735 814 fratris
760 747 859 814 nostri
886 749 1040 834 patruelis
1065 769 1163 836 super

45 855 204 922 collacione
221 854 424 937 quarundam
442 856 592 922 villarum
610 863 641 920 et
656 856 896 940 possessionum
914 865 945 922 et
961 857 1115 924 siluarum
1126 858 1161 922 in

49 963 155 1049 Sospes
171 964 382 1032 existencium
403 964 579 1051 confectas,
589 973 702 1051 petens
719 985 740 1029 a
755 965 848 1032 nobis
860 983 931 1031 oum
948 967 1116 1050 instancia,
1133 975 1168 1032 vt

47 1071 162 1138 easdem
179 1079 362 1160 acceptare,
379 1081 410 1138 et
427 1079 536 1140 nostro
552 1073 724 1158 priuilegio
740 1073 927 1140 confirmare
943 1073 1151 1157 dignaremur

47 1177 174 1254 Quarum
190 1179 319 1264 quidem
338 1181 525 1264 patenoium
541 1180 720 1246 litterarum
738 1187 828 1248 tenor
844 1180 920 1246 talis
937 1188 995 1248 ost.

139 1290 206 1355 Nos
223 1288 394 1356 Ladislaus
410 1288 450 1351 D.
468 1308 514 1371 gr.
532 1289 601 1353 Rex
618 1288 784 1370 Hungarie
800 1289 861 1355 stb.
881 1286 1155 1374 (keverkeziklv.

47 1396 148 1463 Ltszlb
164 1396 342 1481 kirtlynak
362 1394 508 1482 Laudols,
524 1395 636 1461 Rolrus
653 1399 687 1462 ts
703 1394 808 1482 Nyrer·
824 1395 972 1464 ibidelret
1003 1401 1158 1482 ttrgyaub

49 1503 227 1591 adomanya,
246 1503 326 1568 mint
356 1502 639 1590 gybjtemtnyllnk
664 1503 721 1567 lX.
756 1493 910 1590 vagyisa
935 1502 1083 1571 masodik
1113 1505 1158 1570 io·

46 1613 117 1694 lyam
142 1608 195 1678 IV.
221 1610 394 1678 norerebcn
411 1615 486 1679 415.
504 1631 547 1678 sz.
566 1630 594 1676 a.
612 1609 729 1696 5631.)

138 1721 179 1786 Et
195 1721 272 1804 quia
303 1727 387 1786 mete
418 1719 615 1805 prefatorum
649 1719 887 1804 possessionum
906 1728 936 1785 et
967 1721 1159 1788 siluaruma

47 1835 124 1909 parte
139 1827 434 1895 'theuthonicorum
460 1834 638 1894 nostrorum
665 1825 706 1893 de
731 1828 875 1914 Byrbron
894 1836 925 1893 ct
952 1829 992 1895 de
1017 1830 1100 1897 Bela
1126 1830 1159 1893 in

45 1935 166 2017 prelatis
181 1935 366 2020 patentibus
381 1935 496 2001 litteris
527 1957 590 2002 non
623 1935 879 2023 continebantur,
911 1937 954 2003 ad
985 1937 1158 2004 instantem

47 2043 224 2124 peticionem
240 2042 504 2130 prelati'Andree
529 2042 632 2110 tidelis
664 2043 764 2111 nostri
799 2043 949 2128 Capitale
966 2044 1007 2110 dc
1038 2043 1158 2130 Scepes

47 2148 223 2218 dederamus
240 2152 273 2217 in
290 2150 464 2238 mandatis,
480 2159 515 2218 vt
531 2172 628 2218 vnum
646 2171 686 2217 en
702 2150 783 2237 ipsis
801 2150 964 2218 mitterent
990 2171 1048 2237 pro
1073 2151 1158 2218 testi·
1205 2219 1211 2230 ,

47 2261 146 2346 nonio,
162 2281 271 2330 coram
287 2280 351 2343 quo
368 2259 483 2326 Pouka
499 2261 593 2327 homo
610 2266 721 2328 noster
736 2260 841 2327 fidelis
856 2259 1004 2346 prefatas
1030 2280 1159 2347 posses·

46 2369 138 2434 riores
149 2375 179 2433 et
190 2369 303 2454 siluas,
322 2369 507 2436 conuocatis
523 2368 657 2456 prefatis
674 2369 790 2436 nostris
801 2369 1008 2436 Thoutonicis
1019 2388 1155 2436 comme·

47 2477 136 2543 aneis
153 2485 184 2544 et
198 2476 315 2564 vicinis
333 2477 766 2564 earundempossessionum
781 2484 813 2543 et
829 2477 996 2566 siluarum,
1013 2479 1159 2546 reambu-
1217 2551 1223 2560 ³

48 2585 117 2651 laret
132 2586 262 2652 easdem
290 2595 322 2651 et
353 2591 511 2653 statueret
542 2586 671 2652 Andros
703 2587 876 2654 antedicto.
908 2584 1002 2663 Quod
1033 2587 1159 2670 quidem

48 2693 215 2778 Capitulum
233 2692 274 2760 de
291 2693 411 2780 Scepes
428 2693 520 2760 uobis
537 2694 704 2779 rescripsit
719 2695 753 2759 in
770 2694 829 2760 hec
845 2694 961 2762 verba:

139 2801 418 2868 Excellentissimo
435 2802 564 2869 domino
582 2824 639 2870 suo
656 2801 785 2869 Andree
802 2805 840 2870 D.
859 2825 904 2887 gr.
931 2801 1053 2870 illustri
1077 2801 1159 2884 Regi

48 2909 197 2994 Huogarie
213 2909 398 2996 Capitulum
415 2911 560 2979 Ecclesia
586 2911 698 2977 Sancti
723 2911 854 2978 Martini
880 2912 920 2976 de
947 2911 1071 2997 Scepos
1097 2909 1158 2976 stb.

47 3017 242 3084 rktvetkezik
282 3039 302 3083 a
344 3020 467 3103 szepesi
500 3019 728 3106 kcptclannak
757 3019 920 3104 jelentese
951 3020 1031 3086 mint
1063 3018 1159 3085 alabb

47 3125 70 3188 t.
84 3131 166 3192 sztrn
180 3125 288 3213 alatt.)

137 3233 204 3301 Nos
241 3237 351 3316 itaque
376 3234 468 3301 iustis
493 3255 532 3300 ac
557 3234 705 3319 ligitimis
731 3234 1006 3322 suplicaoionibus
1029 3230 1160 3297 ¹Andree

46 3334 185 3424 sepedicti
201 3341 424 3409 fauorabiliter
440 3342 605 3428 inclinati,
623 3351 653 3409 ct
668 3343 745 3426 quia
761 3342 982 3427 multipliciter
999 3347 1032 3406 et
1056 3337 1158 3406 fideli·

46 3452 84 3511 ter
96 3449 216 3516 studuit
231 3450 327 3516 nobis
344 3450 551 3535 complacere,
563 3450 726 3535 predictas
736 3455 885 3536 patentes
896 3449 1024 3514 litteras
1036 3444 1157 3514 domini

47 3554 177 3625 ladislai
192 3557 303 3625 fratris
320 3560 432 3646 nostri,
449 3559 622 3626 oblitteras
640 3557 861 3644 rescriptorias
879 3556 1022 3646 Capituli
1049 3556 1160 3622 Eccle-

46 3664 82 3728 sie
95 3675 201 3734 nostre
219 3666 259 3732 de
274 3667 397 3752 Sospes
413 3687 477 3733 non
505 3669 650 3754 abrasas,
667 3688 730 3734 non
757 3668 967 3750 cancellatas,
997 3685 1101 3748 neque
1128 3665 1160 3730 in

47 3769 140 3855 aliqua
155 3783 249 3859 parte
259 3776 309 3841 sui
320 3775 468 3859 violatas,
480 3785 568 3841 ratas
579 3773 728 3842 habendo
739 3781 769 3842 ct
779 3785 941 3864 acceptas,
953 3775 993 3840 de
1009 3773 1107 3840 verbo
1117 3773 1159 3837 ad

48 3880 158 3946 verbum
174 3881 382 3967 presentibus
397 3881 538 3948 insertas
565 3884 754 3948 auctoritate
779 3883 982 3969 presencium
1009 3879 1159 3948 duximus

48 3985 275 4075 confirmandas,
293 3989 431 4074 duplicis
448 3989 547 4072 sigilli
565 3991 665 4058 nostri
682 3991 859 4058 munimine
884 3988 1072 4056 roborando.
1090 3989 1154 4054 Da-

47 4103 96 4158 tunr
111 4116 168 4179 per
184 4117 301 4164 manus
316 4095 449 4191 discreti
464 4099 525 4164 viri
541 4099 689 4183 Magistri
704 4099 866 4169 Theodori
883 4099 1032 4166 Albensis
1049 4097 1159 4163 Eccle·

45 4200 83 4266 sio
95 4203 253 4292 Propositi
270 4204 349 4272 aule
365 4214 474 4274 nostre
491 4208 568 4274 Vice
585 4207 778 4295 Cancellarij
797 4207 907 4275 dilecti
923 4215 954 4273 et
975 4205 1078 4272 fidelis
1103 4226 1160 4272 no·

44 4313 87 4376 stri
102 4334 187 4381 anno
204 4313 340 4381 Domini
357 4311 476 4383 Μ’ῦΟῡο
492 4316 713 4404 nonagesimo,
730 4323 843 4401 quarto
860 4313 1021 4382 kalendas
1049 4316 1159 4398 Augai-

44 4421 82 4506 rti,
97 4422 284 4490 indiccione
301 4424 454 4510 secunda,
470 4425 576 4508 Regni
592 4433 699 4493 autern
717 4426 818 4494 nostri
829 4444 914 4492 anno
926 4424 1040 4510 primo.
1057 4421 1157 4488 Vene-

45 4529 185 4600 rabilibus
202 4532 356 4620 patribus
372 4533 564 4600 bodomario
581 4535 807 4622 Strigoniensi,
825 4535 975 4603 Johanrre
993 4529 1157 4598 colocensi

962 4640 1000 4709 1*
