3170 5166
806 271 967 374 „et-⁶..

319 469 440 558 piendo
456 465 586 538 scilicet
601 469 636 534 in
645 465 753 547 fluuio,
771 475 835 534 eta
852 469 952 534 finnio
969 467 1119 535 Wolkow
1129 473 1245 534 uocato
1261 465 1303 534 ab
1320 467 1456 552 antiquo
1575 519 1576 522 η

319 581 413 664 portu
432 578 574 645 eiusdem
590 577 693 664 flunij,
719 597 778 663 per
804 597 897 661 quem
913 575 1043 662 quidem
1062 576 1197 642 fluuium
1213 575 1344 642 Volkov
1360 593 1457 640 noea
1575 601 1576 652 p

320 693 388 752 tum
405 689 438 754 in
455 677 737 753 commetaneitate
752 692 911 752 terrarum
938 683 1088 769 Dyonisij
1116 685 1173 768 filij
1201 683 1334 749 Mortnn
1352 681 1456 748 eciam

317 794 458 860 Tulman
474 799 665 861 necatarum
692 813 750 879 per
775 813 905 860 cursum
932 791 1078 860 eiusdem
1095 792 1187 878 flunij
1219 787 1390 858 deseendit
1407 790 1452 854 ad
1575 773 1576 818 ¹

318 909 445 988 partem
462 901 661 988 orientalem,
682 902 847 986 exigitque
860 898 948 988 (lgy)
965 899 1133 969 abeodem
1149 899 1248 966 fluuio
1265 896 1308 966 ad
1325 889 1456 984 partem

318 1011 563 1078 meridionalem
575 1009 618 1075 ad
628 1010 712 1076 duas
729 1016 834 1076 metas
851 1015 975 1076 terreas
991 1011 1174 1094 angulares,
1192 1007 1361 1090 inquibus
1378 1013 1454 1074 snnt

318 1121 451 1186 arbores
467 1119 598 1205 ilyenm‚
613 1117 669 1183 nbi
685 1117 949 1184 commetaneitas
968 1123 1126 1183 terrarum
1141 1114 1281 1201 predicti
1309 1113 1454 1198 Dionisij

321 1227 523 1308 terminatur,
555 1231 588 1291 et
619 1223 735 1310 incipit
765 1232 873 1292 tenere
903 1223 1217 1291 commetaneitatem
1253 1242 1326 1290 cum
1366 1227 1455 1290 terra

323 1331 471 1416 Lugreoh
503 1331 560 1416 filij
604 1331 745 1416 Logreth
777 1330 818 1396 de
858 1351 979 1415 genere
1014 1328 1300 1413 Zenthemaguch;
1333 1328 1457 1396 abhinc

312 1439 466 1510 declinat
495 1439 539 1505 ad
573 1447 697 1525 partem
729 1438 974 1506 meridionalem
1016 1460 1074 1525 per
1113 1438 1246 1505 arbores
1283 1437 1459 1520 consigna-

323 1553 375 1612 tas
408 1546 514 1634 ferr03
548 1553 580 1612 et
603 1547 802 1614 transeundo
827 1567 926 1614 unam
951 1547 1039 1613 viem
1075 1567 1228 1631 magnam
1255 1546 1387 1611 venitur
1411 1544 1455 1611 ad

326 1654 500 1738 qnamdam
532 1675 686 1739 magnam
711 1656 859 1722 arborem
884 1656 1001 1740 ilycem
1037 1654 1190 1722 crucibus
1222 1653 1460 1736 consignatam

323 1764 460 1828 terrisue
477 1762 693 1846 cumulatam
712 1761 831 1829 abinde
847 1783 904 1848 per
921 1761 1098 1846 qnamdam
1124 1781 1280 1844 magnam
1296 1760 1386 1826 viam
1402 1779 1459 1823 an-

320 1871 443 1950 tiquam
461 1868 593 1934 deuenit
608 1869 652 1934 ed
668 1876 793 1955 partem
819 1869 1035 1954 orientalem,
1069 1877 1101 1935 et
1128 1868 1256 1936 denitur
1273 1866 1317 1934 ad
1333 1867 1456 1932 binium

324 1997 426 2062 prope
449 1977 559 2042 villam
590 1977 734 2042 eiusdem
765 1977 913 2060 Logrecb
940 1975 1027 2065 (lgy)
1052 1976 1251 2043 Bechefclna
1283 1980 1454 2056 vocatam3

325 2081 430 2148 adbuc
447 2101 506 2164 per
522 2082 659 2148 eandem
670 2082 758 2148 viam
768 2081 860 2149 vadit
874 2083 919 2148 ad
928 2091 994 2149 tres
1009 2091 1117 2150 metas
1131 2088 1253 2148 terreas
1270 2080 1456 2167 angulares,

325 2209 460 2271 quarum
484 2208 550 2254 nna
580 2197 713 2274 separat
744 2188 850 2256 eidem
866 2189 1016 2273 Lograoh
1032 2187 1140 2278 (lgy),
1163 2189 1308 2256 secunda
1325 2193 1457 2276 separat

327 2295 404 2379 filijs
419 2293 581 2362 Dominici
597 2296 636 2361 de
654 2315 771 2378 genere
781 2296 1056 2384 Zenthemagnclr,
1072 2297 1175 2363 tercia
1190 2281 1329 2384 separat
1345 2316 1456 2382 snpra-

327 2401 413 2468 diete
429 2403 631 2487 possessioni
646 2405 764 2471 Lanka
779 2413 911 2489 vocate,
932 2406 988 2473 vbi
1004 2406 1272 2471 commetaneitas
1288 2412 1450 2473 terrarum

326 2509 463 2595 predicti
479 2511 627 2595 Logrech
643 2509 730 2599 (lgy)
756 2513 948 2580 terminatur
957 2565 966 2600 ,
1001 2521 1032 2579 et
1047 2513 1161 2599 incipit
1188 2521 1299 2581 tenere
1316 2533 1453 2582 comme·

323 2620 515 2687 tanaitatem
533 2640 604 2686 cnm
621 2627 708 2687 terra
724 2621 858 2688 filiorum
877 2621 1016 2706 predicti
1041 2622 1224 2706 Dominici;
1250 2621 1364 2705 itaque
1381 2643 1453 2706 pro·

329 2728 415 2792 cedit
429 2728 473 2793 ad
489 2728 627 2794 eandem
644 2737 770 2814 partem
787 2730 1033 2796 meridionalem
1052 2729 1097 2795 ad
1111 2750 1209 2796 vnam
1225 2732 1375 2798 arborem
1391 2729 1450 2816 piri

328 2837 413 2918 wlgo
439 2837 594 2923 Rozboyd
619 2837 790 2904 kurthnele
822 2838 942 2904 dietam
976 2839 1171 2904 existentem
1195 2839 1289 2904 iuxta
1321 2840 1452 2904 flnuinm

324 2942 465 3010 Wolkov
490 2945 731 3032 supradictum,
762 2945 819 3011 ubi
841 2947 1108 3012 commetaneitas
1137 2951 1297 3013 terrarum
1315 2945 1451 3013 filiorum

324 3050 487 3116 Dominici
502 3054 696 3118 terminatur
705 3104 714 3137 ‚
741 3055 773 3118 et
790 3051 903 3138 incipit
919 3061 1029 3120 tenere
1046 3053 1365 3120 commetaneitatem
1382 3071 1452 3117 enm

324 3167 411 3226 terra
428 3161 586 3244 Demetrij
606 3162 781 3245 degenere
806 3161 1085 3245 Zenthemagnch;
1113 3161 1232 3228 deinde
1256 3160 1403 3227 cadendo
1419 3160 1451 3222 in

325 3285 443 3350 aquam
457 3267 599 3334 Wolkov
615 3289 673 3352 per
698 3287 825 3334 cursum
842 3267 986 3338 eiusdem
1010 3288 1095 3352 aque
1120 3269 1250 3335 veditur
1274 3268 1308 3334 in
1337 3285 1451 3352 magno

324 3374 445 3461 spacio,
463 3380 494 3439 et
510 3375 698 3459 peruenitur·
713 3377 758 3442 ad
774 3377 865 3443 illum
881 3377 988 3443 locum
998 3427 1008 3461 ,
1024 3378 1058 3442 in
1074 3395 1137 3459 qno
1154 3376 1284 3458 quidem
1300 3375 1374 3443 loco
1391 3375 1450 3458 hya

324 3481 441 3545 fluuius
458 3481 577 3548 Wlkou
595 3480 679 3569 (lgy)
696 3483 811 3569 recipit
826 3484 859 3548 in
885 3503 920 3550 se
936 3484 1074 3549 alterum
1089 3483 1222 3549 fluuium
1237 3483 1344 3548 Lanar
1359 3501 1450 3546 noea·

327 3594 413 3671 tum;
445 3588 605 3670 siquidem
630 3591 685 3656 vbi
710 3591 847 3656 transito
872 3589 968 3656 fluuio
998 3590 1147 3656 Wolkcw
1173 3585 1260 3676 (lgy)
1286 3589 1450 3675 sepedicto

329 3699 428 3762 intrat
445 3696 478 3760 in
495 3697 631 3763 alterum
646 3677 779 3765 fluninm
800 3700 864 3763 iam
882 3699 1001 3764 dictum
1017 3698 1123 3763 Lenar
1138 3705 1298 3782 uocatum,
1315 3703 1349 3763 et
1365 3697 1451 3764 uadit

328 3811 441 3871 eontra
458 3825 587 3871 cursum
603 3805 697 3872 huius
715 3805 817 3891 flunij,
836 3813 868 3872 et
888 3806 1075 3890 peruenitur
1091 3805 1135 3872 ad
1150 3812 1215 3884 tres
1232 3813 1337 3872 metas
1354 3824 1451 3888 angn-

324 3913 415 3980 lares'
429 3919 563 3996 terreas,
572 3932 708 3996 querum
719 3935 784 3980 vna
794 3920 927 3998 separat
936 3915 1100 3978 Demetrio
1118 3913 1296 4006 antediem,
1311 3911 1452 3979 secunda
1565 3942 1570 3953 ·

326 4025 456 4105 separat
472 4019 646 4088 Cruciseris
664 4020 705 4086 de
720 4019 855 4106 Depre,
881 4023 984 4086 tercia
1004 4027 1136 4106 separat
1152 4028 1238 4086 terre
1253 4019 1392 4086 Tnlman
1408 4039 1452 4087 se·

223 4155 225 4160 s
326 4127 462 4214 pedicte,
474 4125 1061 4197 vbioommetaneitasterrarumdioti
1081 4129 1236 4213 Demetrij
1256 4128 1451 4206 terminatur,

327 4245 361 4302 et
370 4237 484 4321 incipit
499 4245 607 4305 tenere
618 4240 932 4306 commetaneitatem
943 4258 1016 4303 cum
1028 4239 1121 4304 terris
1133 4235 1368 4304 Grneiferornm
1384 4256 1449 4322 pre·
1573 4227 1574 4242 ³

326 4345 498 4431 dictorum3
512 4347 624 4429 itaque
633 4366 692 4431 per
705 4345 841 4413 eandem
851 4367 969 4430 aquam
979 4347 1082 4414 Lazar
1092 4352 1241 4414 vocatam
1251 4346 1345 4412 uadit
1354 4361 1449 4429 usqne
1569 4365 1576 4431 j

327 4453 405 4518 dum
422 4455 568 4538 peruenit
583 4454 626 4518 ad
642 4456 779 4520 alteram
797 4475 914 4538 aquam
945 4455 1080 4539 Karagh
1097 4454 1225 4538 dictam,
1242 4454 1298 4519 rbi
1315 4469 1449 4520 commas
1565 4528 1572 4545 Ι

328 4561 472 4630 taneitas
490 4569 650 4629 terrarum
677 4561 912 4630 Cruciferorum
939 4562 1155 4648 predictorum
1181 4562 1222 4629 de
1237 4560 1352 4649 Dopna
1368 4555 1448 4650 (lgy)
1565 4545 1573 4573 ¹
