3098 5172
862 979 939 1050 lta.

330 1181 379 1245 At
394 1182 463 1268 apri
478 1178 696 1268 kaptaluaaolc
711 1179 983 1266 bizouyudpleoele,
998 1180 1081 1266 boyy
1096 1180 1217 1246 Kozmu
1233 1176 1312 1261 fiai,
1336 1175 1461 1241 Kozmu

247 1323 249 1328 .
331 1288 363 1352 ee
378 1285 456 1368 Pol,
472 1285 580 1354 Dobos
594 1296 675 1353 osvo
690 1288 879 1373 helyse'qota
895 1309 916 1350 u
932 1288 1031 1350 boteri
1056 1286 1180 1351 tortozo
1205 1283 1304 1369 Polyi
1328 1285 1360 1348 ὥ
1385 1281 1461 1368 Dap

328 1399 470 1458 mereto
481 1393 640 1472 foliata
655 1403 762 1480 epytttt
775 1395 824 1458 kat
839 1395 967 1481 epyeaib
981 1391 1293 1473 reoztrokooabuuk,
1305 1389 1459 1456 Poma

675 1501 832 1586 eafldurtlr
846 1501 992 1568 asadada
1012 1500 1112 1566 1296.

436 1693 593 1762 Omnibus
610 1693 729 1762 Christi
745 1694 895 1763 fidelibus
910 1703 977 1761 tam
992 1693 1198 1781 presentibus
1215 1712 1312 1775 quum
1338 1689 1457 1758 tuturis

329 1819 463 1886 presens
494 1804 649 1887 seriptum
672 1804 866 1888 inspecturis
902 1803 1088 1886 Capitulum
1113 1800 1261 1867 Ecolesie
1285 1797 1458 1884 Agriensis

329 1911 459 1978 salutem
473 1911 507 1975 in
524 1909 667 1976 omnium
683 1911 859 1986 saluatore.
876 1908 929 1975 Ad
945 1911 1169 1975 uniuersorum
1185 1905 1344 1972 noticiam
1368 1915 1458 1973 teno

327 2035 364 2084 re
379 2019 584 2103 presencium
600 2018 750 2084 volumus
767 2017 957 2101 peruenire;
974 2015 1061 2099 quod
1077 2034 1149 2082 oum
1166 2034 1224 2080 nos
1251 2015 1344 2080 iuxta
1369 2031 1456 2078 man·

329 2125 441 2192 datum
458 2125 584 2190 domini
601 2125 703 2192 nostri
719 2124 849 2191 Andros
865 2125 927 2190 Dei
944 2123 1056 2210 grauia
1081 2123 1217 2190 illustris
1243 2121 1344 2205 Regis
1369 2119 1454 2186 Hun-

329 2233 429 2318 gurie,
448 2233 649 2298 misissemus
663 2231 824 2298 hominem
853 2237 999 2298 nostrum
1025 2251 1084 2316 pro
1109 2229 1295 2296 testimonio
1320 2227 1453 2310 fidedig·

329 2358 414 2423 uum,
434 2359 505 2405 oum
521 2339 644 2406 Gemite
660 2339 786 2406 Thomu
800 2339 866 2406 filio
882 2337 979 2405 Pauli
1005 2339 1135 2405 homine
1162 2337 1308 2404 eiusdem
1334 2334 1454 2402 domini

329 2446 438 2532 Regis,
454 2467 562 2513 eoram
579 2449 697 2532 quibus
727 2447 861 2514 Cosmas
878 2454 909 2512 et
925 2447 1057 2534 Paulus,
1074 2445 1134 2530 filij
1164 2442 1300 2511 Comitis
1328 2443 1455 2530 Cosme,

329 2552 493 2640 quandam
509 2554 748 2638 possessionem
763 2555 910 2639 ipsorum
927 2553 1039 2621 Dobos
1054 2559 1207 2621 vooatam
1225 2570 1300 2618 eum
1316 2549 1456 2618 viuersis

329 2661 523 2728 utilitatibus
540 2669 571 2729 et
597 2661 691 2728 terris
716 2662 811 2728 Pauli
838 2669 871 2729 et
897 2661 989 2745 Deeg
1014 2662 1151 2745 voeatis,
1176 2659 1210 2725 in
1235 2659 1320 2725 duas
1346 2662 1456 2742 partes

330 2769 464 2850 equales
481 2767 585 2833 diuidi
600 2767 756 2856 iacerent,
776 2787 912 2853 quarum
938 2787 1035 2835 ruam
1060 2765 1149 2833 faeta
1173 2765 1339 2833 diuisione
1363 2763 1456 2831 metis

331 2873 581 2959 circunquaque
608 2876 651 2943 ab
676 2874 744 2940 alia
768 2875 963 2961 separando,
990 2894 1061 2942 oum
1086 2874 1234 2942 omnibus
1259 2871 1454 2940 utilitatibus

331 2980 398 3048 suis
415 3001 474 3066 pro
490 2988 610 3063 quarta
626 2981 756 3048 domine
774 2980 907 3048 Comitis
923 2981 1011 3050 Petri
1038 2981 1095 3065 filij
1121 2978 1314 3066 bieuhardy,
1340 2977 1452 3046 videli-

328 3093 379 3156 eet
394 3089 507 3154 matris
522 3088 673 3172 Magistri
691 3087 795 3171 (lude,
811 3095 844 3154 et
862 3089 1112 3156 eoiamraoione
1129 3089 1213 3156 dotis
1231 3097 1264 3157 et
1279 3108 1389 3156 rerum
1399 3107 1454 3172 pa·

327 3193 538 3262 raieruslium
556 3194 686 3262 domiue
701 3195 814 3261 matris
830 3193 956 3261 Thome
972 3195 1063 3279 Beni,
1083 3215 1121 3262 ao
1138 3197 1269 3261 racione
1294 3191 1454 3278 grauami·

327 3322 403 3369 num
427 3321 485 3370 seu
505 3302 712 3388 judiciorum,
737 3304 912 3387 inquibus
938 3303 1051 3369 ordine
1069 3301 1247 3386 judioiario
1271 3302 1372 3387 ijdem
1398 3301 1454 3386 filij

328 3405 473 3476 Comitis
484 3409 598 3477 Cosme
613 3417 727 3476 eontra
743 3409 831 3494 ipsos
848 3407 1006 3476 Comitem
1020 3410 1151 3476 Petrum
1176 3415 1208 3476 et
1232 3410 1335 3476 filium
1361 3427 1451 3475 suum

327 3515 479 3601 agruuuti
488 3516 629 3601 fuerant,
639 3522 819 3584 statuerent
834 3525 866 3582 et
881 3517 1089 3601 assignarent
1098 3515 1223 3584 eisdem
1232 3515 1349 3582 Comiti
1358 3517 1453 3583 Petro

328 3629 361 3688 et
375 3623 531 3705 Magistro
548 3623 641 3691 Gude
656 3631 811 3710 perpetuo
837 3625 1070 3710 possidendam
1088 3629 1120 3692 et
1135 3623 1341 3692 habendam:
1366 3623 1450 3691 idem

329 3729 425 3796 homo
452 3737 563 3798 noster
588 3750 659 3796 oum
676 3731 806 3798 bomine
832 3731 976 3799 eiusdem
1002 3729 1139 3800 Comitis
1165 3733 1289 3799 Thome
1314 3731 1452 3798 hominis

330 3835 454 3903 domini
484 3839 584 3922 Regis
610 3838 655 3904 ad
678 3859 739 3907 nos
764 3839 887 3906 reuersi
912 3839 1006 3907 nobis
1039 3839 1240 3907 concorditer
1264 3841 1449 3922 retulerunt,

328 3945 415 4025 quod
430 3945 537 4030 ipsam
555 3945 794 4030 possessionem
811 3947 923 4014 Dobos
939 3967 1012 4014 eum
1028 3947 1216 4032 attinenoijs
1242 3947 1311 4014 suis
1336 3965 1450 4013 memo·

329 4049 410 4116 ratis
426 4049 526 4136 ijdem
553 4053 612 4138 filij
642 4052 776 4121 Comitis
802 4053 928 4138 eosne,
956 4059 988 4118 et
1012 4053 1167 4136 Magister
1194 4051 1289 4120 (iude
1315 4053 1452 4122 induas

330 4162 441 4243 partes
457 4161 599 4242 equales,
611 4163 706 4227 eertis
718 4159 811 4228 metis
826 4159 1041 4244 infrascriptis
1052 4160 1242 4228 abinvicem
1259 4161 1452 4244 separando,

329 4263 530 4352 diuisissent,
547 4286 588 4333 ex
604 4267 721 4351 quibus
737 4286 836 4334 ruam
852 4275 978 4353 partem
995 4265 1192 4352 superiorem
1210 4267 1364 4352 eligendo
1382 4285 1451 4333 euru
1530 4339 1532 4342 ,

325 4373 488 4440 uniuersis
504 4372 700 4440 vtilitatibus
717 4372 785 4440 suis
801 4371 1000 4457 recepissent
1011 4392 1068 4457 pro
1081 4391 1116 4440 se
1126 4373 1183 4458 filij
1196 4373 1329 4440 Comitis
1340 4371 1451 4440 Gosme

327 4477 518 4563 supradicti,
536 4480 597 4547 sibi
615 4485 647 4548 et
662 4481 731 4547 suis
747 4479 922 4547 heredibus
937 4485 1093 4565 perpetuo
1109 4479 1342 4567 possidendam
1358 4487 1389 4548 et
1398 4477 1452 4545 ba·

326 4583 466 4652 bendam
477 4607 485 4670 5
495 4584 652 4670 reliquam
663 4607 739 4654 vero
749 4593 875 4672 partem
886 4586 1074 4655 inferiorem
1089 4585 1447 4674 proomnibuspremiu·
