3170 5166
735 289 897 392 —t-eo-

230 483 389 550 'Martino
405 481 446 549 de
463 480 576 549 eadam
594 479 678 548 villa
693 479 779 548 idem
796 481 890 548 dixit.
907 484 989 552 Item
1005 482 1129 550 Paulus
1154 482 1242 549 lilius
1271 481 1386 567 Berya

248 589 335 656 idem
350 589 446 660 duxlt..
457 589 540 656 Item
557 589 670 657 Mathe
686 608 745 674 pro
763 589 925 675 Gregorio
942 596 1037 674 patre
1054 609 1113 658 suo
1130 589 1323 656 constitutus
1342 587 1385 655 de

228 697 344 782 'Teky
359 698 445 764 idem
461 697 553 766 dixit.
569 695 651 764 Item
667 696 781 763 Petrus
798 716 857 782 pro
874 691 1003 764 Mathia
1027 697 1138 764 villico
1167 695 1384 764 Waradiensi

230 803 334 870 idem
351 804 445 871 dixit.
461 803 542 874 Item
559 805 703 872 Iacobus
730 802 771 870 de
796 803 926 870 Horsan
956 802 1089 887 iobagio
1120 804 1276 890 Episcopi
1306 801 1386 887 Syr-

232 912 383 980 ·mleusis
400 913 486 980 idem
503 912 594 979 dixit.
613 913 695 979 Item
712 912 838 978 Demea
853 910 983 977 villicus
1000 931 1059 996 pro
1084 911 1168 978 villa
1192 909 1382 993 Monosterij

249 1019 335 1086 idem
353 1018 445 1085 dixit.
461 1016 543 1085 Item
560 1017 601 1084 de
616 1017 698 1084 villa
723 1025 836 1086 nostra
864 1017 1039 1084 Bachiensi
1072 1016 1262 1084 Gothardus
1292 1015 1383 1084 idem

230 1161 234 1169 υ
249 1125 344 1192 dixit'
359 1128 442 1193 Item
458 1125 600 1193 Samson
618 1123 657 1191 de
673 1125 789 1193 eadern
805 1125 893 1194 idem
910 1125 1002 1192 dixit.
1018 1126 1101 1192 Item
1118 1124 1268 1192 Andreas
1285 1128 1381 1190 sutor

230 1233 292 1300 ¹de
308 1231 423 1300 eadem
439 1233 525 1299 idem
542 1231 636 1301 dixit.
653 1232 735 1301 Item
752 1233 931 1319 Gregorius
947 1236 1048 1300 frater
1064 1230 1137 1297 llod
1168 1231 1255 1298 idem
1286 1231 1380 1298 dixit.

246 1341 331 1408 Item
347 1341 472 1408 Pethne
487 1340 528 1410 de
545 1341 661 1408 eadem
676 1342 763 1408 idem
780 1341 870 1408 dixit.
887 1342 967 1408 Item
980 1340 1124 1410 Iacobus
1134 1339 1280 1406 seruiens
1296 1340 1381 1406 Can-

246 1449 332 1514 toris
349 1446 389 1516 de
405 1448 520 1516 eadem
534 1449 622 1517 idem
639 1448 731 1515 dixit.
748 1451 828 1515 Item
844 1449 946 1538 Myke
963 1448 1004 1514 de
1020 1447 1133 1514 eadem
1167 1446 1252 1514 idem
1284 1447 1380 1514 dixit.

255 1556 334 1622 item
347 1557 431 1624 Olub
442 1556 482 1622 de
493 1556 607 1624 eadem
618 1555 705 1622 idem
716 1556 809 1623 dixit.
821 1557 903 1622 item
914 1555 1091 1639 Gregorius
1100 1574 1200 1638 gener
1209 1555 1382 1623 Samsonis

230 1693 235 1705 .
249 1661 292 1730 de
309 1663 423 1729 eadem
438 1663 524 1729 idem
542 1663 632 1731 dixit.
648 1663 731 1730 Item
746 1663 927 1730 Ladizlaus
946 1661 1058 1748 Sypns
1075 1663 1162 1729 idem
1187 1661 1279 1730 dixit.
1295 1660 1381 1728 Item

250 1772 291 1839 de
321 1774 416 1840 Noua
432 1773 518 1840 Villa
534 1773 634 1841 castri
664 1773 854 1842 Bachiensis
882 1773 984 1856 Mylos
1001 1771 1088 1838 idem
1104 1771 1197 1838 dixit.
1214 1773 1294 1836 Item
1312 1771 1381 1835 Ma-

251 1881 339 1947 thias
355 1889 462 1949 sartor
476 1884 565 1951 idem
580 1882 673 1950 dixit.
688 1883 770 1950 Item
787 1879 976 1948 Theodorus
992 1880 1033 1946 de
1049 1879 1165 1946 eadem
1188 1877 1273 1944 idem
1283 1876 1380 1944 dixit.

246 1989 293 2054 nt
315 1989 393 2058 licet
408 1999 518 2076 partes
534 1991 625 2058 iuxta
641 1988 880 2057 contiuenciam
897 1988 1074 2055 earundem
1091 1987 1272 2054 litterarum
1289 1985 1379 2069 quin-

249 2105 283 2164 to
301 2097 426 2165 decimo
442 2097 494 2165 die
511 2098 715 2183 probacionis
731 2098 850 2165 iterato
869 2117 979 2163 coram
990 2095 1103 2181 judice
1119 2113 1308 2181 comparere
1324 2092 1380 2160 de·

250 2204 407 2291 buisaent,
423 2213 531 2273 tamen
546 2205 618 2292 ipse
635 2197 747 2292 partes
764 2204 803 2271 de
819 2203 980 2272 communi
996 2221 1158 2270 consensu
1174 2209 1207 2268 et
1230 2199 1381 2267 uolunta-

244 2320 283 2378 te
297 2311 403 2398 ipsum
418 2313 592 2380 terminum
609 2334 715 2380 coram
733 2312 826 2378 nobis
852 2331 955 2395 usque
985 2310 1028 2378 ad
1059 2315 1195 2377 octauas
1226 2305 1381 2374 Omnium

248 2419 442 2485 Sanctorum
459 2439 545 2486 nuno
560 2426 715 2487 venturus
732 2423 956 2503 prorogarunt,
974 2417 1006 2482 in
1024 2437 1088 2502 quo
1104 2436 1215 2484 coram
1241 2417 1313 2502 ipso
1324 2416 1378 2500 ju-

231 2525 323 2592 ·-dioe
337 2543 526 2611 comparere
542 2530 744 2594 tenebuntur.
770 2527 890 2592 Datum
923 2525 1095 2593 Dominioa
1126 2523 1273 2611 proxima
1304 2531 1381 2608 poet

250 2632 439 2718 quindenas
454 2631 648 2700 Natiuitatis
665 2635 765 2700 Beate
781 2633 885 2700 llarie
901 2631 1054 2716 Virginis.

357 2739 493 2808 Kivttl
525 2741 728 2827 ogykoru
758 2737 1380 2824 kinuelltlemoriuleproPhilippe

231 2846 317 2914 »utto
332 2847 426 2915 Pauli
444 2855 556 2916 contra
573 2849 759 2935 Capitulum
776 2848 817 2915 de
836 2849 905 2916 Ktv.

231 3069 234 3074 Α
251 3043 389 3110 (Ersdotie
403 3042 576 3110 bd'rlrtlrtyt'tn,
600 3045 713 3111 melyrd'l
726 3060 757 3096 az
770 3036 907 3097 oldalvast
920 3045 973 3095 oda
986 3049 1112 3108 nyomott
1124 3041 1216 3109 poeste
1231 3040 1380 3110 lomaillott,

555 3151 572 3186 a
585 3151 669 3186 nemu.
683 3150 808 3188 miraeum
820 3131 1064 3196 herirattdrdban.)

711 3313 921 3324 ...υ-ψ

248 3925 281 3993 Α
297 3927 397 3994 Iudai
412 3925 636 4012 kdptalonualt
643 3928 793 4012 jeleuteeo
803 3925 868 3992 ΙΙΙ.
880 3929 1181 4017 Endrelciruilyltoz,
1196 3909 1278 4019 lopy
1294 3934 1383 3999 Milo·

229 4035 305 4116 toa,
320 4033 528 4118 Erdafitioulc
543 4033 733 4100 dirtolcdboa
749 4035 952 4102 Felddooizcn
969 4039 1000 4103 Ia
1027 4038 1205 4125 Zynpa-tdu
1229 4040 1381 4127 ltata'rjd·

616 4147 672 4208 rtis
689 4145 815 4210 lictant.
833 4123 883 4209 lio
899 4145 1016 4212 nclkiil.

354 4335 638 4406 Excellentissimo
653 4336 784 4405 domino
799 4359 858 4408 suo
874 4341 1005 4409 Andreo
1022 4339 1084 4410 Dei
1110 4340 1223 4426 gracia
1253 4343 1381 4410 Illustri

228 4443 330 4528 sategi
349 4442 518 4529 Hungarie
534 4441 721 4528 Capitulum
736 4445 897 4517 Budensis
915 4447 1058 4518 Ecclesie
1075 4447 1245 4536 oraciones
1260 4450 1296 4516 in
1312 4449 1381 4518 Do·
