3132 5162
122 1100 183 1170 HI.
211 1105 321 1168 Badra
345 1107 456 1190 tiruty
481 1108 658 1193 maperb'rttc'
682 1129 700 1168 a
726 1106 1013 1191 cdtorolja-ujlrelyi
1037 1108 1251 1194 vendoperam

254 1213 313 1279 IV.
330 1215 445 1280 Lauare
460 1215 618 1301 bircilytol
633 1226 722 1299 nyert
748 1215 991 1280 saubuduloaait.
1008 1217 1105 1282 1291.

227 1408 377 1478 Andreas
393 1411 454 1478 Dei
471 1413 585 1494 gracia
600 1410 754 1496 Vngarie,
771 1409 950 1497 Dalmacie‚
968 1409 1112 1499 Croacie‚
1138 1415 1250 1496 Rame,

122 1516 245 1603 Seruie,
262 1517 412 1604 Gallieie,
429 1517 627 1603 Lodomerie,
644 1519 810 1605 uumanio,
828 1518 1046 1603 Bulgarieque
1062 1521 1132 1587 Rex
1149 1520 1250 1586 omni·

122 1626 180 1692 bus
197 1625 318 1694 Christi
334 1625 484 1694 fidelibus
500 1633 667 1713 presentes
683 1627 809 1695 litteras
826 1629 1018 1712 inspecturis
1045 1629 1184 1696 salutem
1212 1628 1245 1694 in

123 1735 263 1799 omnium
278 1734 453 1800 saluatorc.
483 1733 536 1800 Ad
566 1735 790 1802 uniuersorum
821 1743 886 1802 tam
918 1735 1122 1820 presencium
1153 1754 1250 1818 quam

124 1841 300 1910 futurorum
316 1843 468 1911 noticiam
480 1843 687 1912 harumserie
698 1825 848 1910 ublumus
860 1845 1042 1931 peruenire,
1059 1841 1146 1927 quod
1162 1831 1251 1910 ao'ce·

121 1949 233 2017 dentes
249 1950 292 2016 ad
317 1956 463 2019 nostram
488 1952 691 2037 presenciam
716 1951 860 2036 hospites
886 1953 987 2018 nostri
1014 1950 1055 2016 de
1081 1951 1246 2017 Saturalia

120 2059 236 2144 Wyhel
262 2058 478 2127 exhibuerunt
504 2061 599 2126 nobis
616 2061 743 2128 litteras
760 2066 908 2144 patentes
933 2059 1081 2126 Ladizlai
1108 2058 1244 2124 illustris

120 2169 218 2253 Regis
243 2167 402 2256 Vngarie,
428 2167 537 2236 fratris
561 2169 662 2236 nostri
679 2169 843 2235 karissimi
868 2167 973 2236 felicis
998 2167 1247 2252 recordacionis,

120 2296 215 2362 super
233 2276 437 2343 libertatibus
452 2277 594 2364 ipsorum
611 2276 782 2360 confectas,
801 2281 949 2361 petentes
975 2295 1047 2342 curn
1073 2275 1246 2360 instancia,

120 2390 153 2449 ut
168 2385 300 2453 easdem
317 2387 511 2472 approbare,
527 2385 701 2469 ratificare,
719 2392 893 2468 nostroque
910 2384 1119 2469 dignaremur
1130 2384 1170 2449 de
1192 2386 1247 2448 be-

119 2494 278 2575 nignitate
293 2494 397 2577 Regia
413 2493 586 2578 priuilegio
613 2493 812 2562 confirmare.
838 2493 981 2572 Quarum
1006 2491 1137 2576 quidem
1162 2493 1247 2558 litte·

119 2619 225 2666 rarum
245 2607 338 2668 tenor
354 2602 432 2669 talis
448 2609 515 2669 est:

222 2708 291 2776 Nos
306 2709 479 2778 Ladizlaus
496 2712 537 2776 D.
555 2731 602 2794 gr.
617 2711 688 2776 Rex
704 2710 847 2794 Vngarie
866 2711 928 2778 stb.
956 2708 1165 2795 (kbvetkezik
1189 2707 1245 2774 IV.

117 2816 232 2884 Laszlb
262 2818 375 2906 kirtly
404 2821 542 2888 raso-ki
560 2821 736 2907 okmanya,
767 2821 848 2887 mint
879 2818 1160 2905 gybjtemenybnlr
1186 2816 1245 2881 IX.

116 2926 233 3009 vagyis
249 2945 270 2990 a
286 2926 436 2992 masodik
451 2925 575 3012 folyam
591 2926 645 2994 IV.
661 2927 833 2994 kbteteben
850 2929 925 2994 391.
941 2925 977 3011 l.)

222 3033 289 3099 Nos
316 3053 393 3100 uero
419 3033 636 3119 predictorum
662 3035 826 3119 hospitum
861 3040 1040 3100 nostrorum
1066 3033 1246 3120 peticiones

108 3138 352 3208 ,considerantes
369 3161 441 3208 esse
456 3163 552 3209 ueras
569 3149 668 3227 atque
684 3145 799 3230 iustas,
817 3145 981 3230 predictas
1008 3141 1129 3207 litteras
1147 3139 1245 3223 Regis

115 3244 259 3312 Ladimai
275 3269 339 3314 non
356 3257 535 3335 suspectas,
554 3272 618 3317 non
637 3252 848 3338 cancellatas,
866 3273 931 3318 non
960 3251 1107 3333 abrasas,
1125 3267 1185 3312 nec
1211 3247 1246 3313 in

113 3351 224 3436 aliqua
239 3357 289 3421 sui
306 3364 399 3442 parte
416 3357 562 3444 uiciatas‚
583 3357 623 3426 de
640 3359 736 3426 uerbo
754 3359 797 3424 ad
814 3361 947 3426 uerbum
962 3354 1172 3442 presentibus
1199 3354 1245 3420 in·

114 3468 229 3548 sertas,
245 3465 426 3548 patrocinio
442 3467 554 3553 scripti
573 3467 736 3554 presentis
763 3465 912 3532 duximus
929 3462 1176 3532 confirmandas.
1202 3460 1241 3527 ln

110 3569 203 3636 cuius
218 3572 263 3637 rei
279 3572 497 3640 testimonium
523 3581 692 3660 presentes
718 3574 841 3641 eisdem
868 3572 1085 3640 concessimus
1111 3571 1237 3636 litteras

110 3674 275 3762 dupplicis
292 3679 392 3764 sigilli
409 3682 511 3748 nostri
527 3685 706 3752 munimine
723 3683 898 3750 roboratas.
909 3683 1028 3746 Datum
1046 3699 1103 3764 per
1119 3697 1234 3744 manus

109 3783 241 3852 disereti
258 3787 319 3852 uiri
345 3788 492 3871 Magistri
524 3789 685 3858 Theodori
717 3791 869 3857 Albensis
902 3787 1047 3862 Ecclesie
1077 3785 1237 3868 Prepositi

106 3891 185 3956 aule
203 3899 308 3961 nostre
324 3893 617 3984 vicecancellarij
636 3897 744 3964 dilecti
762 3906 793 3964 et
809 3897 914 3965 fidelis
940 3895 1042 3961 nostri
1061 3914 1145 3961 anno
1169 3894 1232 3957 Do·

104 3998 187 4064 mini
213 4000 331 4068 M⁰GO⁰
357 4003 569 4086 nonagesimo
599 4005 703 4090 primo
735 4007 829 4072 nonis
854 4004 1018 4088 lanuarij‚
1049 3999 1234 4066 Indiccione

104 4115 234 4191 quarta,
252 4109 358 4193 Regni
376 4119 485 4180 autern
503 4113 606 4181 nostri
622 4134 711 4182 anno
727 4114 840 4200 primo.

101 4321 241 4386 (Eredctic
253 4323 429 4393 bbrhrlrtyan,
443 4329 559 4396 mclyrbl
574 4347 591 4381 a
603 4329 695 4398 kirtly
707 4331 885 4400 pccsttjbnclr
908 4329 1036 4382 tbredtlre
1060 4323 1234 4390 veros-fejer·

196 4415 254 4467 ablu
267 4416 496 4483 selyemasinbron
510 4420 594 4486 filgg;
615 4423 728 4474 abudai
741 4421 789 4475 kir.
814 4425 936 4474 kamarai
952 4417 1142 4484 lerblttrban.)

570 4639 781 4652 -u—oao--n-
