<?xml version="1.0" encoding="UTF-8"?>
<!DOCTYPE html PUBLIC "-//W3C//DTD XHTML 1.0 Transitional//EN"
    "http://www.w3.org/TR/xhtml1/DTD/xhtml1-transitional.dtd">
<html xmlns="http://www.w3.org/1999/xhtml" xml:lang="en" lang="en">
 <head>
  <title>
</title>
<meta http-equiv="Content-Type" content="text/html;charset=utf-8" />
  <meta name='ocr-system' content='tesseract 3.04.00' />
  <meta name='ocr-capabilities' content='ocr_page ocr_carea ocr_par ocr_line ocrx_word'/>
</head>
<body>
  <div class='ocr_page' id='page_1' title='image "./codexdiplomatic19wenzgoog_0113.png"; bbox 0 0 3112 5158; ppageno 0'>
   <div class='ocr_carea' id='block_1_1' title="bbox 632 269 676 334">
    <p class='ocr_par' dir='ltr' id='par_1_1' title="bbox 632 269 676 334">
     <span class='ocr_line' id='line_1_1' title="bbox 632 269 676 334; baseline 0 0"><span class='ocrx_word' id='word_1_1' title='bbox 632 269 676 334; x_wconf 81' lang='grc'>73</span> 
     </span>
    </p>
   </div>
   <div class='ocr_carea' id='block_1_2' title="bbox 104 461 1238 1199">
    <p class='ocr_par' dir='ltr' id='par_1_2' title="bbox 104 461 1238 1199">
     <span class='ocr_line' id='line_1_2' title="bbox 107 461 1238 554; baseline -0.008 -17"><span class='ocrx_word' id='word_1_2' title='bbox 107 469 211 537; x_wconf 88' lang='lat' dir='ltr'>eciam</span> <span class='ocrx_word' id='word_1_3' title='bbox 226 488 295 536; x_wconf 82' lang='lat' dir='ltr'>rna</span> <span class='ocrx_word' id='word_1_4' title='bbox 310 466 406 536; x_wconf 87' lang='lat' dir='ltr'>alteri</span> <span class='ocrx_word' id='word_1_5' title='bbox 421 466 565 554; x_wconf 87' lang='lat' dir='ltr'>ipsorum</span> <span class='ocrx_word' id='word_1_6' title='bbox 581 465 661 533; x_wconf 87' lang='lat' dir='ltr'>dare</span> <span class='ocrx_word' id='word_1_7' title='bbox 686 483 780 532; x_wconf 88' lang='lat' dir='ltr'>omns</span> <span class='ocrx_word' id='word_1_8' title='bbox 804 462 987 552; x_wconf 79' lang='lat' dir='ltr'>concilium,</span> <span class='ocrx_word' id='word_1_9' title='bbox 1014 461 1172 531; x_wconf 84' lang='lat' dir='ltr'>auxilium</span> <span class='ocrx_word' id='word_1_10' title='bbox 1205 467 1238 530; x_wconf 86' lang='lat' dir='ltr'>et</span> 
     </span>
     <span class='ocr_line' id='line_1_3' title="bbox 104 569 1235 660; baseline -0.005 -17"><span class='ocrx_word' id='word_1_11' title='bbox 104 575 326 646; x_wconf 77' lang='lat' dir='ltr'>defensionem</span> <span class='ocrx_word' id='word_1_12' title='bbox 342 581 453 644; x_wconf 88' lang='lat' dir='ltr'>contra</span> <span class='ocrx_word' id='word_1_13' title='bbox 468 576 579 644; x_wconf 90' lang='lat' dir='ltr'>omnia</span> <span class='ocrx_word' id='word_1_14' title='bbox 594 574 653 642; x_wconf 93' lang='lat' dir='ltr'>illa</span> <span class='ocrx_word' id='word_1_15' title='bbox 667 573 858 642; x_wconf 89' lang='lat' dir='ltr'>Communia</span> <span class='ocrx_word' id='word_1_16' title='bbox 869 579 902 640; x_wconf 87' lang='lat' dir='ltr'>et</span> <span class='ocrx_word' id='word_1_17' title='bbox 911 591 1070 660; x_wconf 85' lang='lat' dir='ltr'>personas</span> <span class='ocrx_word' id='word_1_18' title='bbox 1086 569 1235 656; x_wconf 84' lang='lat' dir='ltr'>singula-</span> 
     </span>
     <span class='ocr_line' id='line_1_4' title="bbox 106 681 1238 772; baseline -0.007 -20"><span class='ocrx_word' id='word_1_19' title='bbox 106 705 166 772; x_wconf 87' lang='lat' dir='ltr'>res,</span> <span class='ocrx_word' id='word_1_20' title='bbox 184 705 249 768; x_wconf 88' lang='lat' dir='ltr'>que</span> <span class='ocrx_word' id='word_1_21' title='bbox 264 687 314 754; x_wconf 82' lang='lat' dir='ltr'>rel</span> <span class='ocrx_word' id='word_1_22' title='bbox 332 684 443 770; x_wconf 89' lang='lat' dir='ltr'>qualia</span> <span class='ocrx_word' id='word_1_23' title='bbox 458 703 604 769; x_wconf 81' lang='lat' dir='ltr'>guerrae,</span> <span class='ocrx_word' id='word_1_24' title='bbox 620 683 763 750; x_wconf 89' lang='lat' dir='ltr'>lesiones</span> <span class='ocrx_word' id='word_1_25' title='bbox 780 687 812 749; x_wconf 88' lang='lat' dir='ltr'>et</span> <span class='ocrx_word' id='word_1_26' title='bbox 837 682 979 765; x_wconf 90' lang='lat' dir='ltr'>dampna</span> <span class='ocrx_word' id='word_1_27' title='bbox 1008 681 1154 748; x_wconf 86' lang='lat' dir='ltr'>facerent</span> <span class='ocrx_word' id='word_1_28' title='bbox 1179 697 1238 745; x_wconf 89' lang='lat' dir='ltr'>seu</span> 
     </span>
     <span class='ocr_line' id='line_1_5' title="bbox 105 786 1237 882; baseline -0.004 -25"><span class='ocrx_word' id='word_1_29' title='bbox 105 792 262 860; x_wconf 84' lang='lat' dir='ltr'>inferrent</span> <span class='ocrx_word' id='word_1_30' title='bbox 285 793 382 882; x_wconf 69' lang='lat' dir='ltr'>alteri</span> <span class='ocrx_word' id='word_1_31' title='bbox 413 789 526 858; x_wconf 86' lang='lat' dir='ltr'>horum</span> <span class='ocrx_word' id='word_1_32' title='bbox 554 787 780 856; x_wconf 81' lang='lat' dir='ltr'>Communium</span> <span class='ocrx_word' id='word_1_33' title='bbox 806 786 1022 874; x_wconf 90' lang='lat' dir='ltr'>predictorum</span> <span class='ocrx_word' id='word_1_34' title='bbox 1048 807 1109 871; x_wconf 89' lang='lat' dir='ltr'>per</span> <span class='ocrx_word' id='word_1_35' title='bbox 1134 803 1237 871; x_wconf 80' lang='lat' dir='ltr'>aquae</span> 
     </span>
     <span class='ocr_line' id='line_1_6' title="bbox 107 891 1237 986; baseline -0.005 -20"><span class='ocrx_word' id='word_1_36' title='bbox 107 919 163 966; x_wconf 86' lang='lat' dir='ltr'>reu</span> <span class='ocrx_word' id='word_1_37' title='bbox 180 906 306 986; x_wconf 87' lang='lat' dir='ltr'>terras;</span> <span class='ocrx_word' id='word_1_38' title='bbox 327 901 422 966; x_wconf 87' lang='lat' dir='ltr'>salua</span> <span class='ocrx_word' id='word_1_39' title='bbox 437 916 566 982; x_wconf 78' lang='lat' dir='ltr'>semper</span> <span class='ocrx_word' id='word_1_40' title='bbox 580 895 780 982; x_wconf 85' lang='lat' dir='ltr'>reuerencia,</span> <span class='ocrx_word' id='word_1_41' title='bbox 796 896 917 963; x_wconf 88' lang='lat' dir='ltr'>honore</span> <span class='ocrx_word' id='word_1_42' title='bbox 942 903 976 964; x_wconf 87' lang='lat' dir='ltr'>et</span> <span class='ocrx_word' id='word_1_43' title='bbox 999 895 1160 962; x_wconf 88' lang='lat' dir='ltr'>fidelitate</span> <span class='ocrx_word' id='word_1_44' title='bbox 1185 891 1237 960; x_wconf 83' lang='lat' dir='ltr'>de</span> 
     </span>
     <span class='ocr_line' id='line_1_7' title="bbox 111 1001 1232 1093; baseline -0.005 -19"><span class='ocrx_word' id='word_1_45' title='bbox 111 1007 179 1074; x_wconf 89' lang='lat' dir='ltr'>bita</span> <span class='ocrx_word' id='word_1_46' title='bbox 194 1028 254 1093; x_wconf 91' lang='lat' dir='ltr'>pro</span> <span class='ocrx_word' id='word_1_47' title='bbox 271 1007 488 1074; x_wconf 72' lang='lat' dir='ltr'>serenissimo</span> <span class='ocrx_word' id='word_1_48' title='bbox 504 1011 537 1072; x_wconf 87' lang='lat' dir='ltr'>et</span> <span class='ocrx_word' id='word_1_49' title='bbox 551 1005 776 1073; x_wconf 88' lang='lat' dir='ltr'>Illustrissimo</span> <span class='ocrx_word' id='word_1_50' title='bbox 801 1008 911 1072; x_wconf 87' lang='lat' dir='ltr'>nostro</span> <span class='ocrx_word' id='word_1_51' title='bbox 936 1005 1026 1088; x_wconf 87' lang='lat' dir='ltr'>Rege</span> <span class='ocrx_word' id='word_1_52' title='bbox 1049 1001 1232 1086; x_wconf 87' lang='lat' dir='ltr'>Huugarie,</span> 
     </span>
     <span class='ocr_line' id='line_1_8' title="bbox 108 1110 1234 1199; baseline -0.006 -18"><span class='ocrx_word' id='word_1_53' title='bbox 108 1134 146 1182; x_wconf 86' lang='lat' dir='ltr'>ac</span> <span class='ocrx_word' id='word_1_54' title='bbox 163 1115 267 1181; x_wconf 87' lang='lat' dir='ltr'>eciam</span> <span class='ocrx_word' id='word_1_55' title='bbox 283 1113 405 1180; x_wconf 91' lang='lat' dir='ltr'>domini</span> <span class='ocrx_word' id='word_1_56' title='bbox 421 1115 512 1199; x_wconf 83' lang='lat' dir='ltr'>Beni,</span> <span class='ocrx_word' id='word_1_57' title='bbox 528 1115 585 1195; x_wconf 93' lang='lat' dir='ltr'>qui</span> <span class='ocrx_word' id='word_1_58' title='bbox 601 1133 661 1198; x_wconf 91' lang='lat' dir='ltr'>pro</span> <span class='ocrx_word' id='word_1_59' title='bbox 676 1120 821 1196; x_wconf 88' lang='lat' dir='ltr'>tempore</span> <span class='ocrx_word' id='word_1_60' title='bbox 837 1111 935 1180; x_wconf 89' lang='lat' dir='ltr'>fuerit</span> <span class='ocrx_word' id='word_1_61' title='bbox 950 1111 1090 1198; x_wconf 91' lang='lat' dir='ltr'>proipso</span> <span class='ocrx_word' id='word_1_62' title='bbox 1104 1110 1234 1178; x_wconf 94' lang='lat' dir='ltr'>domiuo</span> 
     </span>
    </p>
   </div>
   <div class='ocr_carea' id='block_1_3' title="bbox 110 1217 1358 1308">
    <p class='ocr_par' dir='ltr' id='par_1_3' title="bbox 110 1217 1358 1308">
     <span class='ocr_line' id='line_1_9' title="bbox 110 1217 1358 1308; baseline -0.006 -20"><span class='ocrx_word' id='word_1_63' title='bbox 110 1224 209 1306; x_wconf 88' lang='lat' dir='ltr'>Rege.</span> <span class='ocrx_word' id='word_1_64' title='bbox 228 1224 269 1287; x_wconf 82' lang='lat' dir='ltr'>Et</span> <span class='ocrx_word' id='word_1_65' title='bbox 284 1225 502 1308; x_wconf 87' lang='lat' dir='ltr'>promiserunt</span> <span class='ocrx_word' id='word_1_66' title='bbox 517 1217 654 1305; x_wconf 80' lang='lat' dir='ltr'>predicti</span> <span class='ocrx_word' id='word_1_67' title='bbox 680 1220 807 1287; x_wconf 85' lang='lat' dir='ltr'>Sindici</span> <span class='ocrx_word' id='word_1_68' title='bbox 823 1219 866 1286; x_wconf 88' lang='lat' dir='ltr'>ad</span> <span class='ocrx_word' id='word_1_69' title='bbox 882 1219 1022 1286; x_wconf 90' lang='lat' dir='ltr'>inuicem</span> <span class='ocrx_word' id='word_1_70' title='bbox 1039 1236 1121 1286; x_wconf 78' lang='lat' dir='ltr'>unus</span> <span class='ocrx_word' id='word_1_71' title='bbox 1138 1217 1236 1284; x_wconf 89' lang='lat' dir='ltr'>alteri</span> <span class='ocrx_word' id='word_1_72' title='bbox 1356 1223 1358 1226; x_wconf 82' lang='grc'><strong>’</strong></span> 
     </span>
    </p>
   </div>
   <div class='ocr_carea' id='block_1_4' title="bbox 93 1323 1240 4213">
    <p class='ocr_par' dir='ltr' id='par_1_4' title="bbox 93 1323 1240 4213">
     <span class='ocr_line' id='line_1_10' title="bbox 109 1323 1236 1417; baseline -0.004 -22"><span class='ocrx_word' id='word_1_73' title='bbox 109 1329 249 1413; x_wconf 83' lang='lat' dir='ltr'>Sindico,</span> <span class='ocrx_word' id='word_1_74' title='bbox 268 1331 399 1397; x_wconf 89' lang='lat' dir='ltr'>nomine</span> <span class='ocrx_word' id='word_1_75' title='bbox 413 1337 447 1397; x_wconf 85' lang='lat' dir='ltr'>vt</span> <span class='ocrx_word' id='word_1_76' title='bbox 462 1349 573 1413; x_wconf 88' lang='lat' dir='ltr'>supra,</span> <span class='ocrx_word' id='word_1_77' title='bbox 590 1329 715 1417; x_wconf 87' lang='lat' dir='ltr'>eligere</span> <span class='ocrx_word' id='word_1_78' title='bbox 732 1327 889 1396; x_wconf 76' lang='lat' dir='ltr'>Comitem</span> <span class='ocrx_word' id='word_1_79' title='bbox 905 1335 938 1395; x_wconf 89' lang='lat' dir='ltr'>et</span> <span class='ocrx_word' id='word_1_80' title='bbox 953 1326 1152 1394; x_wconf 84' lang='lat' dir='ltr'>Potestatem</span> <span class='ocrx_word' id='word_1_81' title='bbox 1163 1323 1236 1390; x_wconf 90' lang='lat' dir='ltr'>siue</span> 
     </span>
     <span class='ocr_line' id='line_1_11' title="bbox 112 1431 1237 1522; baseline -0.004 -22"><span class='ocrx_word' id='word_1_82' title='bbox 112 1437 278 1504; x_wconf 87' lang='lat' dir='ltr'>Rectorem</span> <span class='ocrx_word' id='word_1_83' title='bbox 305 1435 347 1504; x_wconf 90' lang='lat' dir='ltr'>de</span> <span class='ocrx_word' id='word_1_84' title='bbox 373 1456 440 1503; x_wconf 88' lang='lat' dir='ltr'>vna</span> <span class='ocrx_word' id='word_1_85' title='bbox 465 1443 498 1502; x_wconf 91' lang='lat' dir='ltr'>et</span> <span class='ocrx_word' id='word_1_86' title='bbox 522 1434 635 1503; x_wconf 90' lang='lat' dir='ltr'>eadem</span> <span class='ocrx_word' id='word_1_87' title='bbox 659 1443 748 1503; x_wconf 86' lang='lat' dir='ltr'>terra</span> <span class='ocrx_word' id='word_1_88' title='bbox 772 1442 868 1522; x_wconf 90' lang='lat' dir='ltr'>prout</span> <span class='ocrx_word' id='word_1_89' title='bbox 892 1435 933 1502; x_wconf 90' lang='lat' dir='ltr'>de</span> <span class='ocrx_word' id='word_1_90' title='bbox 948 1441 1033 1502; x_wconf 89' lang='lat' dir='ltr'>terra</span> <span class='ocrx_word' id='word_1_91' title='bbox 1054 1432 1175 1500; x_wconf 90' lang='lat' dir='ltr'>fuerint</span> <span class='ocrx_word' id='word_1_92' title='bbox 1190 1431 1237 1496; x_wconf 89' lang='lat' dir='ltr'>in·</span> 
     </span>
     <span class='ocr_line' id='line_1_12' title="bbox 110 1536 1240 1630; baseline -0.007 -22"><span class='ocrx_word' id='word_1_93' title='bbox 110 1545 215 1610; x_wconf 90' lang='lat' dir='ltr'>uicem</span> <span class='ocrx_word' id='word_1_94' title='bbox 232 1543 421 1630; x_wconf 77' lang='lat' dir='ltr'>concordes,</span> <span class='ocrx_word' id='word_1_95' title='bbox 438 1543 480 1610; x_wconf 87' lang='lat' dir='ltr'>ad</span> <span class='ocrx_word' id='word_1_96' title='bbox 490 1545 674 1629; x_wconf 86' lang='lat' dir='ltr'>prefinitum</span> <span class='ocrx_word' id='word_1_97' title='bbox 690 1543 811 1610; x_wconf 90' lang='lat' dir='ltr'>dictum</span> <span class='ocrx_word' id='word_1_98' title='bbox 829 1551 966 1630; x_wconf 87' lang='lat' dir='ltr'>tempus.</span> <span class='ocrx_word' id='word_1_99' title='bbox 994 1540 1065 1619; x_wconf 81' lang='lat' dir='ltr'>Quo</span> <span class='ocrx_word' id='word_1_100' title='bbox 1081 1536 1191 1605; x_wconf 90' lang='lat' dir='ltr'>omnia</span> <span class='ocrx_word' id='word_1_101' title='bbox 1207 1541 1240 1600; x_wconf 87' lang='lat' dir='ltr'>et</span> 
     </span>
     <span class='ocr_line' id='line_1_13' title="bbox 117 1641 1240 1736; baseline -0.01 -20"><span class='ocrx_word' id='word_1_102' title='bbox 117 1651 247 1736; x_wconf 89' lang='lat' dir='ltr'>singula</span> <span class='ocrx_word' id='word_1_103' title='bbox 280 1650 471 1736; x_wconf 86' lang='lat' dir='ltr'>supradicta</span> <span class='ocrx_word' id='word_1_104' title='bbox 506 1649 585 1718; x_wconf 91' lang='lat' dir='ltr'>dicti</span> <span class='ocrx_word' id='word_1_105' title='bbox 618 1649 743 1718; x_wconf 88' lang='lat' dir='ltr'>Sindioi</span> <span class='ocrx_word' id='word_1_106' title='bbox 777 1651 964 1734; x_wconf 81' lang='lat' dir='ltr'>obligarunt</span> <span class='ocrx_word' id='word_1_107' title='bbox 997 1669 1032 1716; x_wconf 88' lang='lat' dir='ltr'>se</span> <span class='ocrx_word' id='word_1_108' title='bbox 1066 1641 1240 1714; x_wconf 88' lang='lat' dir='ltr'>sindicario</span> 
     </span>
     <span class='ocr_line' id='line_1_14' title="bbox 109 1755 1233 1842; baseline -0.004 -20"><span class='ocrx_word' id='word_1_109' title='bbox 109 1757 235 1825; x_wconf 88' lang='lat' dir='ltr'>nomine</span> <span class='ocrx_word' id='word_1_110' title='bbox 251 1759 395 1842; x_wconf 88' lang='lat' dir='ltr'>ipsorum</span> <span class='ocrx_word' id='word_1_111' title='bbox 421 1755 644 1827; x_wconf 79' lang='lat' dir='ltr'>Communium</span> <span class='ocrx_word' id='word_1_112' title='bbox 669 1759 712 1824; x_wconf 93' lang='lat' dir='ltr'>ad</span> <span class='ocrx_word' id='word_1_113' title='bbox 738 1758 877 1826; x_wconf 88' lang='lat' dir='ltr'>inuicem</span> <span class='ocrx_word' id='word_1_114' title='bbox 904 1777 983 1824; x_wconf 83' lang='lat' dir='ltr'>uuus</span> <span class='ocrx_word' id='word_1_115' title='bbox 1010 1757 1103 1824; x_wconf 91' lang='lat' dir='ltr'>alteri</span> <span class='ocrx_word' id='word_1_116' title='bbox 1128 1760 1233 1821; x_wconf 90' lang='lat' dir='ltr'>atten-</span> 
     </span>
     <span class='ocr_line' id='line_1_15' title="bbox 112 1862 1239 1954; baseline -0.001 -25"><span class='ocrx_word' id='word_1_117' title='bbox 112 1863 184 1931; x_wconf 87' lang='lat' dir='ltr'>dere</span> <span class='ocrx_word' id='word_1_118' title='bbox 215 1871 247 1931; x_wconf 90' lang='lat' dir='ltr'>et</span> <span class='ocrx_word' id='word_1_119' title='bbox 280 1866 464 1954; x_wconf 87' lang='lat' dir='ltr'>obseruare,</span> <span class='ocrx_word' id='word_1_120' title='bbox 497 1873 528 1934; x_wconf 91' lang='lat' dir='ltr'>et</span> <span class='ocrx_word' id='word_1_121' title='bbox 560 1868 594 1932; x_wconf 91' lang='lat' dir='ltr'>iu</span> <span class='ocrx_word' id='word_1_122' title='bbox 625 1868 715 1934; x_wconf 94' lang='lat' dir='ltr'>nullo</span> <span class='ocrx_word' id='word_1_123' title='bbox 741 1866 990 1934; x_wconf 88' lang='lat' dir='ltr'>contrafacere</span> <span class='ocrx_word' id='word_1_124' title='bbox 1030 1865 1082 1932; x_wconf 89' lang='lat' dir='ltr'>vel</span> <span class='ocrx_word' id='word_1_125' title='bbox 1116 1862 1239 1944; x_wconf 80' lang='lat' dir='ltr'>venire,</span> 
     </span>
     <span class='ocr_line' id='line_1_16' title="bbox 111 1971 1235 2060; baseline -0.003 -22"><span class='ocrx_word' id='word_1_126' title='bbox 111 1973 168 2038; x_wconf 82' lang='lat' dir='ltr'>rub</span> <span class='ocrx_word' id='word_1_127' title='bbox 187 1992 275 2057; x_wconf 85' lang='lat' dir='ltr'>pena</span> <span class='ocrx_word' id='word_1_128' title='bbox 289 1973 356 2038; x_wconf 86' lang='grc' dir='ltr'>ΜΜ</span> <span class='ocrx_word' id='word_1_129' title='bbox 372 1973 577 2041; x_wconf 89' lang='lat' dir='ltr'>marcharum</span> <span class='ocrx_word' id='word_1_130' title='bbox 597 1973 734 2060; x_wconf 88' lang='lat' dir='ltr'>argenti,</span> <span class='ocrx_word' id='word_1_131' title='bbox 762 1973 969 2058; x_wconf 88' lang='lat' dir='ltr'>obligacione</span> <span class='ocrx_word' id='word_1_132' title='bbox 1002 1973 1157 2040; x_wconf 90' lang='lat' dir='ltr'>bonorum</span> <span class='ocrx_word' id='word_1_133' title='bbox 1184 1971 1235 2054; x_wconf 92' lang='lat' dir='ltr'>ip·</span> 
     </span>
     <span class='ocr_line' id='line_1_17' title="bbox 112 2080 1235 2168; baseline 0 -24"><span class='ocrx_word' id='word_1_134' title='bbox 112 2099 216 2146; x_wconf 91' lang='lat' dir='ltr'>sorum</span> <span class='ocrx_word' id='word_1_135' title='bbox 233 2080 466 2167; x_wconf 89' lang='lat' dir='ltr'>Communium,</span> <span class='ocrx_word' id='word_1_136' title='bbox 483 2082 643 2150; x_wconf 76' lang='lat' dir='ltr'>medietas</span> <span class='ocrx_word' id='word_1_137' title='bbox 659 2083 751 2149; x_wconf 85' lang='lat' dir='ltr'>ouius</span> <span class='ocrx_word' id='word_1_138' title='bbox 768 2102 852 2168; x_wconf 90' lang='lat' dir='ltr'>pene</span> <span class='ocrx_word' id='word_1_139' title='bbox 869 2081 1022 2148; x_wconf 86' lang='lat' dir='ltr'>deueuiat</span> <span class='ocrx_word' id='word_1_140' title='bbox 1038 2081 1072 2146; x_wconf 91' lang='lat' dir='ltr'>in</span> <span class='ocrx_word' id='word_1_141' title='bbox 1103 2080 1235 2146; x_wconf 72' lang='lat' dir='ltr'>Selenis</span> 
     </span>
     <span class='ocr_line' id='line_1_18' title="bbox 109 2187 1238 2275; baseline -0.002 -21"><span class='ocrx_word' id='word_1_142' title='bbox 109 2187 224 2255; x_wconf 89' lang='lat' dir='ltr'>simum</span> <span class='ocrx_word' id='word_1_143' title='bbox 239 2189 361 2272; x_wconf 83' lang='lat' dir='ltr'>Regem</span> <span class='ocrx_word' id='word_1_144' title='bbox 377 2187 557 2275; x_wconf 87' lang='lat' dir='ltr'>Hungarie,</span> <span class='ocrx_word' id='word_1_145' title='bbox 568 2191 678 2257; x_wconf 89' lang='lat' dir='ltr'>etalia</span> <span class='ocrx_word' id='word_1_146' title='bbox 694 2189 852 2258; x_wconf 81' lang='lat' dir='ltr'>medietas</span> <span class='ocrx_word' id='word_1_147' title='bbox 862 2189 1017 2257; x_wconf 86' lang='lat' dir='ltr'>deueniat</span> <span class='ocrx_word' id='word_1_148' title='bbox 1028 2187 1160 2255; x_wconf 86' lang='lat' dir='ltr'>Ciuitati</span> <span class='ocrx_word' id='word_1_149' title='bbox 1170 2203 1238 2256; x_wconf 89' lang='lat' dir='ltr'>ser-</span> 
     </span>
     <span class='ocr_line' id='line_1_19' title="bbox 109 2294 1237 2382; baseline 0 -20"><span class='ocrx_word' id='word_1_150' title='bbox 109 2294 197 2362; x_wconf 89' lang='lat' dir='ltr'>uauti</span> <span class='ocrx_word' id='word_1_151' title='bbox 212 2297 371 2381; x_wconf 88' lang='lat' dir='ltr'>predicta.</span> <span class='ocrx_word' id='word_1_152' title='bbox 389 2296 460 2375; x_wconf 82' lang='lat' dir='ltr'>Quo</span> <span class='ocrx_word' id='word_1_153' title='bbox 483 2317 568 2382; x_wconf 90' lang='lat' dir='ltr'>pena</span> <span class='ocrx_word' id='word_1_154' title='bbox 593 2297 693 2364; x_wconf 86' lang='lat' dir='ltr'>tocies</span> <span class='ocrx_word' id='word_1_155' title='bbox 718 2297 931 2366; x_wconf 88' lang='lat' dir='ltr'>conueniatur</span> <span class='ocrx_word' id='word_1_156' title='bbox 957 2303 990 2362; x_wconf 92' lang='lat' dir='ltr'>et</span> <span class='ocrx_word' id='word_1_157' title='bbox 1016 2297 1105 2382; x_wconf 85' lang='lat' dir='ltr'>exigi</span> <span class='ocrx_word' id='word_1_158' title='bbox 1131 2297 1237 2382; x_wconf 83' lang='lat' dir='ltr'>possit</span> 
     </span>
     <span class='ocr_line' id='line_1_20' title="bbox 109 2402 1238 2490; baseline 0.001 -22"><span class='ocrx_word' id='word_1_159' title='bbox 109 2423 177 2468; x_wconf 92' lang='lat' dir='ltr'>oum</span> <span class='ocrx_word' id='word_1_160' title='bbox 193 2404 311 2470; x_wconf 84' lang='lat' dir='ltr'>effectu</span> <span class='ocrx_word' id='word_1_161' title='bbox 327 2424 348 2468; x_wconf 91' lang='lat' dir='ltr'>a</span> <span class='ocrx_word' id='word_1_162' title='bbox 364 2409 457 2488; x_wconf 91' lang='lat' dir='ltr'>parte</span> <span class='ocrx_word' id='word_1_163' title='bbox 473 2423 540 2470; x_wconf 92' lang='lat' dir='ltr'>uon</span> <span class='ocrx_word' id='word_1_164' title='bbox 556 2403 762 2489; x_wconf 89' lang='lat' dir='ltr'>obseruaute,</span> <span class='ocrx_word' id='word_1_165' title='bbox 780 2405 913 2488; x_wconf 89' lang='lat' dir='ltr'>quocies</span> <span class='ocrx_word' id='word_1_166' title='bbox 929 2423 987 2490; x_wconf 87' lang='lat' dir='ltr'>per</span> <span class='ocrx_word' id='word_1_167' title='bbox 1012 2403 1156 2487; x_wconf 87' lang='lat' dir='ltr'>aliquam</span> <span class='ocrx_word' id='word_1_168' title='bbox 1183 2402 1238 2470; x_wconf 90' lang='lat' dir='ltr'>vel</span> 
     </span>
     <span class='ocr_line' id='line_1_21' title="bbox 107 2509 1238 2598; baseline -0.001 -22"><span class='ocrx_word' id='word_1_169' title='bbox 107 2511 217 2594; x_wconf 87' lang='lat' dir='ltr'>aliqua</span> <span class='ocrx_word' id='word_1_170' title='bbox 248 2511 391 2595; x_wconf 88' lang='lat' dir='ltr'>ipsorum</span> <span class='ocrx_word' id='word_1_171' title='bbox 423 2512 457 2578; x_wconf 90' lang='lat' dir='ltr'>iu</span> <span class='ocrx_word' id='word_1_172' title='bbox 484 2509 639 2598; x_wconf 90' lang='lat' dir='ltr'>predictis</span> <span class='ocrx_word' id='word_1_173' title='bbox 666 2520 723 2580; x_wconf 92' lang='lat' dir='ltr'>aut</span> <span class='ocrx_word' id='word_1_174' title='bbox 748 2514 860 2596; x_wconf 88' lang='lat' dir='ltr'>aliqua</span> <span class='ocrx_word' id='word_1_175' title='bbox 891 2511 1106 2597; x_wconf 87' lang='lat' dir='ltr'>predictorum</span> <span class='ocrx_word' id='word_1_176' title='bbox 1140 2509 1238 2578; x_wconf 87' lang='lat' dir='ltr'>fuerit</span> 
     </span>
     <span class='ocr_line' id='line_1_22' title="bbox 108 2619 1233 2708; baseline 0.001 -25"><span class='ocrx_word' id='word_1_177' title='bbox 108 2625 364 2686; x_wconf 84' lang='lat' dir='ltr'>contradentum.</span> <span class='ocrx_word' id='word_1_178' title='bbox 381 2620 455 2698; x_wconf 79' lang='lat' dir='ltr'>Qua</span> <span class='ocrx_word' id='word_1_179' title='bbox 470 2639 557 2704; x_wconf 88' lang='lat' dir='ltr'>pena</span> <span class='ocrx_word' id='word_1_180' title='bbox 573 2623 680 2690; x_wconf 84' lang='lat' dir='ltr'>soluta</span> <span class='ocrx_word' id='word_1_181' title='bbox 698 2622 750 2688; x_wconf 86' lang='lat' dir='ltr'>vel</span> <span class='ocrx_word' id='word_1_182' title='bbox 775 2642 850 2708; x_wconf 89' lang='lat' dir='ltr'>non,</span> <span class='ocrx_word' id='word_1_183' title='bbox 876 2620 1005 2688; x_wconf 88' lang='lat' dir='ltr'>saluum</span> <span class='ocrx_word' id='word_1_184' title='bbox 1031 2619 1075 2685; x_wconf 86' lang='lat' dir='ltr'>sit</span> <span class='ocrx_word' id='word_1_185' title='bbox 1099 2634 1233 2703; x_wconf 86' lang='lat' dir='ltr'>presens</span> 
     </span>
     <span class='ocr_line' id='line_1_23' title="bbox 105 2726 1233 2814; baseline 0 -24"><span class='ocrx_word' id='word_1_186' title='bbox 105 2733 315 2795; x_wconf 89' lang='lat' dir='ltr'>contractum.</span> <span class='ocrx_word' id='word_1_187' title='bbox 331 2726 470 2812; x_wconf 88' lang='lat' dir='ltr'>Insuper</span> <span class='ocrx_word' id='word_1_188' title='bbox 486 2727 624 2814; x_wconf 90' lang='lat' dir='ltr'>predicti</span> <span class='ocrx_word' id='word_1_189' title='bbox 641 2728 766 2796; x_wconf 83' lang='lat' dir='ltr'>Siudioi</span> <span class='ocrx_word' id='word_1_190' title='bbox 783 2728 913 2794; x_wconf 88' lang='lat' dir='ltr'>nomine</span> <span class='ocrx_word' id='word_1_191' title='bbox 929 2730 1073 2813; x_wconf 87' lang='lat' dir='ltr'>ipsorum</span> <span class='ocrx_word' id='word_1_192' title='bbox 1098 2727 1233 2794; x_wconf 86' lang='lat' dir='ltr'>Commu</span> 
     </span>
     <span class='ocr_line' id='line_1_24' title="bbox 106 2834 1236 2919; baseline 0 -21"><span class='ocrx_word' id='word_1_193' title='bbox 106 2834 194 2900; x_wconf 90' lang='lat' dir='ltr'>ulum</span> <span class='ocrx_word' id='word_1_194' title='bbox 211 2834 255 2900; x_wconf 89' lang='lat' dir='ltr'>ad</span> <span class='ocrx_word' id='word_1_195' title='bbox 272 2837 559 2903; x_wconf 81' lang='lat' dir='ltr'>conseruaoiouem</span> <span class='ocrx_word' id='word_1_196' title='bbox 575 2845 608 2906; x_wconf 92' lang='lat' dir='ltr'>et</span> <span class='ocrx_word' id='word_1_197' title='bbox 622 2838 888 2905; x_wconf 88' lang='lat' dir='ltr'>obseruacionem</span> <span class='ocrx_word' id='word_1_198' title='bbox 911 2837 1052 2906; x_wconf 90' lang='lat' dir='ltr'>omnium</span> <span class='ocrx_word' id='word_1_199' title='bbox 1078 2834 1236 2919; x_wconf 89' lang='lat' dir='ltr'>predicto·</span> 
     </span>
     <span class='ocr_line' id='line_1_25' title="bbox 104 2941 1236 3030; baseline 0.005 -25"><span class='ocrx_word' id='word_1_200' title='bbox 104 2961 175 3006; x_wconf 92' lang='lat' dir='ltr'>rum</span> <span class='ocrx_word' id='word_1_201' title='bbox 190 2941 378 3009; x_wconf 89' lang='lat' dir='ltr'>iurauerunt</span> <span class='ocrx_word' id='word_1_202' title='bbox 401 2943 445 3008; x_wconf 90' lang='lat' dir='ltr'>ad</span> <span class='ocrx_word' id='word_1_203' title='bbox 470 2943 593 3012; x_wconf 82' lang='lat' dir='ltr'>Sancta</span> <span class='ocrx_word' id='word_1_204' title='bbox 618 2943 682 3010; x_wconf 88' lang='lat' dir='ltr'>Dei</span> <span class='ocrx_word' id='word_1_205' title='bbox 708 2945 891 3028; x_wconf 81' lang='lat' dir='ltr'>Euangelia</span> <span class='ocrx_word' id='word_1_206' title='bbox 915 2944 1127 3030; x_wconf 88' lang='lat' dir='ltr'>corporaliter</span> <span class='ocrx_word' id='word_1_207' title='bbox 1152 2942 1236 3011; x_wconf 91' lang='lat' dir='ltr'>libro</span> 
     </span>
     <span class='ocr_line' id='line_1_26' title="bbox 104 3049 1231 3138; baseline 0.005 -26"><span class='ocrx_word' id='word_1_208' title='bbox 104 3055 199 3133; x_wconf 89' lang='lat' dir='ltr'>tacto,</span> <span class='ocrx_word' id='word_1_209' title='bbox 217 3049 366 3135; x_wconf 88' lang='lat' dir='ltr'>predicta</span> <span class='ocrx_word' id='word_1_210' title='bbox 381 3053 490 3118; x_wconf 90' lang='lat' dir='ltr'>omnia</span> <span class='ocrx_word' id='word_1_211' title='bbox 506 3055 536 3115; x_wconf 88' lang='lat' dir='ltr'>el</span> <span class='ocrx_word' id='word_1_212' title='bbox 551 3051 680 3136; x_wconf 90' lang='lat' dir='ltr'>singula</span> <span class='ocrx_word' id='word_1_213' title='bbox 695 3051 787 3119; x_wconf 86' lang='lat' dir='ltr'>firma</span> <span class='ocrx_word' id='word_1_214' title='bbox 799 3057 831 3118; x_wconf 88' lang='lat' dir='ltr'>et</span> <span class='ocrx_word' id='word_1_215' title='bbox 846 3051 1051 3120; x_wconf 87' lang='lat' dir='ltr'>ratehabere</span> <span class='ocrx_word' id='word_1_216' title='bbox 1067 3057 1098 3118; x_wconf 93' lang='lat' dir='ltr'>et</span> <span class='ocrx_word' id='word_1_217' title='bbox 1108 3058 1231 3138; x_wconf 89' lang='lat' dir='ltr'>tenere,</span> 
     </span>
     <span class='ocr_line' id='line_1_27' title="bbox 103 3155 1233 3244; baseline 0.004 -24"><span class='ocrx_word' id='word_1_218' title='bbox 103 3161 136 3221; x_wconf 89' lang='lat' dir='ltr'>et</span> <span class='ocrx_word' id='word_1_219' title='bbox 152 3155 185 3224; x_wconf 92' lang='lat' dir='ltr'>iu</span> <span class='ocrx_word' id='word_1_220' title='bbox 200 3157 290 3225; x_wconf 89' lang='lat' dir='ltr'>nullo</span> <span class='ocrx_word' id='word_1_221' title='bbox 308 3157 530 3226; x_wconf 79' lang='lat' dir='ltr'>contrafacere</span> <span class='ocrx_word' id='word_1_222' title='bbox 546 3161 597 3226; x_wconf 88' lang='lat' dir='ltr'>vel</span> <span class='ocrx_word' id='word_1_223' title='bbox 613 3159 722 3226; x_wconf 87' lang='lat' dir='ltr'>venire</span> <span class='ocrx_word' id='word_1_224' title='bbox 748 3160 788 3226; x_wconf 88' lang='lat' dir='ltr'>de</span> <span class='ocrx_word' id='word_1_225' title='bbox 813 3159 883 3226; x_wconf 86' lang='lat' dir='ltr'>iure</span> <span class='ocrx_word' id='word_1_226' title='bbox 907 3160 959 3227; x_wconf 85' lang='lat' dir='ltr'>vel</span> <span class='ocrx_word' id='word_1_227' title='bbox 983 3160 1023 3227; x_wconf 91' lang='lat' dir='ltr'>de</span> <span class='ocrx_word' id='word_1_228' title='bbox 1048 3157 1146 3244; x_wconf 90' lang='lat' dir='ltr'>facto,</span> <span class='ocrx_word' id='word_1_229' title='bbox 1173 3161 1233 3224; x_wconf 88' lang='lat' dir='ltr'>sub</span> 
     </span>
     <span class='ocr_line' id='line_1_28' title="bbox 103 3265 1235 3349; baseline 0 -19"><span class='ocrx_word' id='word_1_230' title='bbox 103 3282 191 3345; x_wconf 89' lang='lat' dir='ltr'>pena</span> <span class='ocrx_word' id='word_1_231' title='bbox 206 3271 238 3330; x_wconf 87' lang='lat' dir='ltr'>et</span> <span class='ocrx_word' id='word_1_232' title='bbox 265 3265 471 3349; x_wconf 88' lang='lat' dir='ltr'>obligaoioue</span> <span class='ocrx_word' id='word_1_233' title='bbox 499 3266 653 3334; x_wconf 89' lang='lat' dir='ltr'>bonorum</span> <span class='ocrx_word' id='word_1_234' title='bbox 679 3266 837 3335; x_wconf 87' lang='lat' dir='ltr'>dictorum</span> <span class='ocrx_word' id='word_1_235' title='bbox 863 3265 1092 3333; x_wconf 89' lang='lat' dir='ltr'>Communium.</span> <span class='ocrx_word' id='word_1_236' title='bbox 1119 3273 1235 3333; x_wconf 89' lang='lat' dir='ltr'>Actum</span> 
     </span>
     <span class='ocr_line' id='line_1_29' title="bbox 101 3371 1232 3456; baseline 0.002 -20"><span class='ocrx_word' id='word_1_237' title='bbox 101 3371 192 3456; x_wconf 89' lang='lat' dir='ltr'>apud</span> <span class='ocrx_word' id='word_1_238' title='bbox 208 3373 404 3456; x_wconf 82' lang='lat' dir='ltr'>Tragurium</span> <span class='ocrx_word' id='word_1_239' title='bbox 420 3373 453 3438; x_wconf 91' lang='lat' dir='ltr'>in</span> <span class='ocrx_word' id='word_1_240' title='bbox 471 3374 612 3441; x_wconf 85' lang='lat' dir='ltr'>ecclesia</span> <span class='ocrx_word' id='word_1_241' title='bbox 629 3373 739 3442; x_wconf 84' lang='lat' dir='ltr'>Sancti</span> <span class='ocrx_word' id='word_1_242' title='bbox 755 3373 925 3442; x_wconf 87' lang='lat' dir='ltr'>Johaunis.</span> <span class='ocrx_word' id='word_1_243' title='bbox 940 3373 1151 3443; x_wconf 87' lang='lat' dir='ltr'>Presentibus</span> <span class='ocrx_word' id='word_1_244' title='bbox 1177 3375 1232 3439; x_wconf 87' lang='lat' dir='ltr'>do-</span> 
     </span>
     <span class='ocr_line' id='line_1_30' title="bbox 101 3480 1232 3566; baseline 0.005 -22"><span class='ocrx_word' id='word_1_245' title='bbox 101 3480 191 3546; x_wconf 89' lang='lat' dir='ltr'>mino</span> <span class='ocrx_word' id='word_1_246' title='bbox 207 3480 376 3564; x_wconf 83' lang='lat' dir='ltr'>Stephano</span> <span class='ocrx_word' id='word_1_247' title='bbox 393 3480 515 3548; x_wconf 91' lang='lat' dir='ltr'>domiui</span> <span class='ocrx_word' id='word_1_248' title='bbox 531 3481 662 3566; x_wconf 88' lang='lat' dir='ltr'>Rugorij</span> <span class='ocrx_word' id='word_1_249' title='bbox 682 3482 722 3549; x_wconf 92' lang='lat' dir='ltr'>de</span> <span class='ocrx_word' id='word_1_250' title='bbox 738 3484 874 3549; x_wconf 82' lang='lat' dir='ltr'>Ancona</span> <span class='ocrx_word' id='word_1_251' title='bbox 890 3483 1055 3550; x_wconf 87' lang='lat' dir='ltr'>Potestate</span> <span class='ocrx_word' id='word_1_252' title='bbox 1083 3482 1232 3551; x_wconf 85' lang='lat' dir='ltr'>Ciuitatis</span> 
     </span>
     <span class='ocr_line' id='line_1_31' title="bbox 100 3585 1234 3674; baseline 0.004 -24"><span class='ocrx_word' id='word_1_253' title='bbox 100 3585 243 3671; x_wconf 78' lang='lat' dir='ltr'>Spalati,</span> <span class='ocrx_word' id='word_1_254' title='bbox 261 3594 295 3653; x_wconf 91' lang='lat' dir='ltr'>et</span> <span class='ocrx_word' id='word_1_255' title='bbox 310 3587 440 3654; x_wconf 90' lang='lat' dir='ltr'>domino</span> <span class='ocrx_word' id='word_1_256' title='bbox 456 3589 668 3674; x_wconf 84' lang='lat' dir='ltr'>Alberguccio</span> <span class='ocrx_word' id='word_1_257' title='bbox 686 3591 807 3657; x_wconf 91' lang='lat' dir='ltr'>domiui</span> <span class='ocrx_word' id='word_1_258' title='bbox 823 3591 937 3658; x_wconf 86' lang='lat' dir='ltr'>Jacobi</span> <span class='ocrx_word' id='word_1_259' title='bbox 966 3594 1131 3658; x_wconf 90' lang='lat' dir='ltr'>Potestate</span> <span class='ocrx_word' id='word_1_260' title='bbox 1156 3592 1234 3656; x_wconf 86' lang='lat' dir='ltr'>Tra-</span> 
     </span>
     <span class='ocr_line' id='line_1_32' title="bbox 99 3693 1236 3782; baseline 0.004 -24"><span class='ocrx_word' id='word_1_261' title='bbox 99 3693 211 3779; x_wconf 78' lang='lat' dir='ltr'>gurij5</span> <span class='ocrx_word' id='word_1_262' title='bbox 246 3693 377 3760; x_wconf 89' lang='lat' dir='ltr'>domiuo</span> <span class='ocrx_word' id='word_1_263' title='bbox 403 3695 592 3763; x_wconf 88' lang='lat' dir='ltr'>Beuuenuto</span> <span class='ocrx_word' id='word_1_264' title='bbox 618 3697 687 3764; x_wconf 89' lang='lat' dir='ltr'>eius</span> <span class='ocrx_word' id='word_1_265' title='bbox 714 3700 814 3782; x_wconf 91' lang='lat' dir='ltr'>socio,</span> <span class='ocrx_word' id='word_1_266' title='bbox 841 3697 971 3765; x_wconf 91' lang='lat' dir='ltr'>domino</span> <span class='ocrx_word' id='word_1_267' title='bbox 996 3697 1170 3765; x_wconf 86' lang='lat' dir='ltr'>Valentino</span> <span class='ocrx_word' id='word_1_268' title='bbox 1196 3697 1236 3762; x_wconf 87' lang='lat' dir='ltr'>do</span> 
     </span>
     <span class='ocr_line' id='line_1_33' title="bbox 98 3801 1236 3888; baseline 0.005 -24"><span class='ocrx_word' id='word_1_269' title='bbox 98 3801 287 3886; x_wconf 73' lang='lat' dir='ltr'>Caenidem,</span> <span class='ocrx_word' id='word_1_270' title='bbox 306 3801 438 3869; x_wconf 91' lang='lat' dir='ltr'>domiuo</span> <span class='ocrx_word' id='word_1_271' title='bbox 455 3803 599 3888; x_wconf 86' lang='lat' dir='ltr'>Josepho</span> <span class='ocrx_word' id='word_1_272' title='bbox 617 3803 716 3886; x_wconf 87' lang='lat' dir='ltr'>Petri,</span> <span class='ocrx_word' id='word_1_273' title='bbox 734 3805 864 3872; x_wconf 91' lang='lat' dir='ltr'>domino</span> <span class='ocrx_word' id='word_1_274' title='bbox 881 3807 982 3874; x_wconf 88' lang='lat' dir='ltr'>Lucio</span> <span class='ocrx_word' id='word_1_275' title='bbox 1008 3804 1152 3887; x_wconf 83' lang='lat' dir='ltr'>Matthei,</span> <span class='ocrx_word' id='word_1_276' title='bbox 1180 3804 1236 3871; x_wconf 89' lang='lat' dir='ltr'>do·</span> 
     </span>
     <span class='ocr_line' id='line_1_34' title="bbox 96 3908 1233 3999; baseline 0.002 -25"><span class='ocrx_word' id='word_1_277' title='bbox 96 3909 191 3976; x_wconf 90' lang='lat' dir='ltr'>mino</span> <span class='ocrx_word' id='word_1_278' title='bbox 201 3908 340 3977; x_wconf 88' lang='lat' dir='ltr'>Nicolao</span> <span class='ocrx_word' id='word_1_279' title='bbox 350 3909 501 3996; x_wconf 85' lang='lat' dir='ltr'>Casiocti,</span> <span class='ocrx_word' id='word_1_280' title='bbox 512 3909 642 3980; x_wconf 88' lang='lat' dir='ltr'>domino</span> <span class='ocrx_word' id='word_1_281' title='bbox 654 3912 836 3981; x_wconf 82' lang='lat' dir='ltr'>Theodosio</span> <span class='ocrx_word' id='word_1_282' title='bbox 847 3912 982 3999; x_wconf 86' lang='lat' dir='ltr'>Alberti,</span> <span class='ocrx_word' id='word_1_283' title='bbox 993 3911 1124 3981; x_wconf 90' lang='lat' dir='ltr'>domino</span> <span class='ocrx_word' id='word_1_284' title='bbox 1136 3915 1233 3978; x_wconf 88' lang='lat' dir='ltr'>Petro</span> 
     </span>
     <span class='ocr_line' id='line_1_35' title="bbox 94 4015 1234 4112; baseline 0.005 -32"><span class='ocrx_word' id='word_1_285' title='bbox 94 4015 601 4102; x_wconf 85' lang='lat' dir='ltr'>Leomardi,domiuoPriuoslauo</span> <span class='ocrx_word' id='word_1_286' title='bbox 612 4019 771 4108; x_wconf 88' lang='lat' dir='ltr'>Dobrolij,</span> <span class='ocrx_word' id='word_1_287' title='bbox 785 4021 917 4089; x_wconf 91' lang='lat' dir='ltr'>domiuo</span> <span class='ocrx_word' id='word_1_288' title='bbox 927 4024 1057 4112; x_wconf 81' lang='lat' dir='ltr'>Duymo</span> <span class='ocrx_word' id='word_1_289' title='bbox 1067 4019 1234 4106; x_wconf 84' lang='lat' dir='ltr'>Domiche,</span> 
     </span>
     <span class='ocr_line' id='line_1_36' title="bbox 93 4122 1106 4213; baseline 0.007 -25"><span class='ocrx_word' id='word_1_290' title='bbox 93 4122 188 4190; x_wconf 83' lang='lat' dir='ltr'>Maio</span> <span class='ocrx_word' id='word_1_291' title='bbox 199 4123 487 4209; x_wconf 86' lang='lat' dir='ltr'>Dobre,Siluestro</span> <span class='ocrx_word' id='word_1_292' title='bbox 503 4127 663 4212; x_wconf 86' lang='lat' dir='ltr'>Meugazl,</span> <span class='ocrx_word' id='word_1_293' title='bbox 679 4135 711 4197; x_wconf 86' lang='lat' dir='ltr'>et</span> <span class='ocrx_word' id='word_1_294' title='bbox 726 4130 802 4213; x_wconf 87' lang='lat' dir='ltr'>alijs</span> <span class='ocrx_word' id='word_1_295' title='bbox 819 4131 955 4198; x_wconf 86' lang='lat' dir='ltr'>testibus</span> <span class='ocrx_word' id='word_1_296' title='bbox 973 4131 1106 4213; x_wconf 86' lang='lat' dir='ltr'>rogatis.</span> 
     </span>
    </p>
   </div>
   <div class='ocr_carea' id='block_1_5' title="bbox 349 4319 989 4399">
    <p class='ocr_par' dir='ltr' id='par_1_5' title="bbox 349 4319 989 4399">
     <span class='ocr_line' id='line_1_37' title="bbox 349 4319 989 4399; baseline 0.011 -26"><span class='ocrx_word' id='word_1_297' title='bbox 349 4319 470 4388; x_wconf 85' lang='lat' dir='ltr'>(Lucius,</span> <span class='ocrx_word' id='word_1_298' title='bbox 483 4327 613 4378; x_wconf 82' lang='lat' dir='ltr'>Memoria</span> <span class='ocrx_word' id='word_1_299' title='bbox 625 4327 742 4380; x_wconf 85' lang='lat' dir='ltr'>storiohe</span> <span class='ocrx_word' id='word_1_300' title='bbox 755 4327 783 4380; x_wconf 89' lang='lat' dir='ltr'>di</span> <span class='ocrx_word' id='word_1_301' title='bbox 795 4329 868 4382; x_wconf 67' lang='grc' dir='ltr'><strong>Τταιι</strong></span> <span class='ocrx_word' id='word_1_302' title='bbox 884 4330 942 4380; x_wconf 81' lang='lat'>130.</span> <span class='ocrx_word' id='word_1_303' title='bbox 957 4325 989 4399; x_wconf 92' lang='lat' dir='ltr'>l.)</span> 
     </span>
    </p>
   </div>
   <div class='ocr_carea' id='block_1_6' title="bbox 0 0 1560 5158">
    <p class='ocr_par' dir='ltr' id='par_1_6' title="bbox 0 0 1560 5158">
     <span class='ocr_line' id='line_1_38' title="bbox 0 0 1560 5158; baseline 0 5"><span class='ocrx_word' id='word_1_304' title='bbox 0 0 1560 5158; x_wconf 95' lang='lat' dir='ltr'> </span> 
     </span>
    </p>
   </div>
  </div>
 </body>
</html>
