3112 5158
80 1166 139 1234 III.
158 1170 268 1234 Endre
281 1169 389 1254 kirotp
403 1169 595 1253 mepeayedo)
611 1171 694 1256 lopy
710 1170 802 1253 Moyo
819 1168 986 1268 meotepuek
1001 1172 1127 1255 rizo-eppe
1142 1171 1204 1234 Be·

79 1277 293 1364 ldamepyeren
308 1285 338 1342 e's
353 1302 373 1339 α
390 1278 490 1340 {lunai
504 1279 635 1361 ezipeten
666 1279 733 1342 leel
748 1277 882 1341 hieroldo
899 1300 920 1338 a
936 1277 1037 1341 baulai
1053 1276 1194 1360 fereaez-

190 1387 286 1450 rendi
301 1385 591 1469 apdezazdrdo'rtok
619 1386 963 1470 lrapyomdnyozltoosa.
991 1384 1088 1448 1293.

185 1582 253 1647 Nos
263 1579 414 1647 Andreas
425 1579 486 1644 Dei
498 1577 609 1662 gracia
618 1579 688 1644 Rex
698 1577 864 1664 Hungarie
875 1577 1027 1646 memorie
1043 1596 1201 1644 eommen-

84 1689 198 1754 dentes
214 1687 435 1772 signifieamus
453 1686 569 1770 quibus
590 1684 723 1770 expedit
742 1686 902 1754 uniuersis
913 1710 919 1750 :
930 1686 1017 1768 quod
1026 1703 1085 1751 nos
1092 1704 1203 1751 omnes

79 1795 309 1882 possessiones,
326 1814 407 1877 quas
433 1795 551 1860 nobilia
577 1795 709 1860 domina
736 1794 852 1859 relicta
878 1793 1026 1875 Magistri
1049 1791 1142 1878 Moys
1168 1792 1203 1856 in

78 1906 196 1990 Magna
210 1905 323 1971 Insula
338 1909 371 1970 et
386 1904 491 1968 eeiam
507 1921 607 1988 supra
622 1900 773 1968 Ueterem
790 1900 915 1966 Budam
932 1902 1041 1983 Meger
1051 1906 1200 1966 uocatam

80 2034 115 2078 er
129 2013 242 2096 gracia
256 2012 433 2078 illustrium
449 2013 573 2094 Regum
590 2011 758 2093 Hungarie
770 2009 1009 2096 progenitorum
1019 2015 1201 2076 nostrorum

80 2119 186 2185 habuit
217 2127 249 2185 et
272 2117 417 2205 possedit
442 2116 476 2182 in
502 2118 570 2182 uita
586 2136 656 2200 erra,
682 2116 874 2184 dominabus
901 2115 1202 2182 sanctimonialibus

81 2224 228 2291 videlieet
243 2245 301 2310 pro
327 2223 435 2289 salute
460 2225 568 2288 anime
594 2244 651 2289 sue
676 2224 710 2288 in
736 2224 830 2290 domo
858 2244 917 2290 sue
941 2225 1146 2290 manentibus
1171 2231 1203 2289 et

81 2331 356 2416 commorantibus,
374 2330 562 2414 reliquimus
579 2340 608 2396 et
626 2331 830 2415 permisimus
847 2339 1004 2416 perpetuo
1021 2339 1053 2398 et
1068 2329 1203 2415 paeifiee

78 2439 294 2522 possidendas.
312 2437 433 2503 Datum
448 2439 538 2503 Bude
564 2438 644 2504 teria
660 2439 762 2505 tereia
789 2441 939 2523 proxima
965 2445 1039 2524 post
1065 2445 1198 2505 oetaues

80 2543 283 2612 Pentecostes
310 2565 397 2611 anno
414 2545 544 2620 Domini
559 2544 679 2611 ΜῡΟΟο
696 2546 904 2629 nonagesimo
921 2545 1032 2612 tercie.

78 2739 404 2807 (111.lrndrekirtlynak
419 2743 598 2792 less-norati
624 2742 786 2806 megeriisitlt
801 2739 990 2808 okmtnytbtt
1017 2745 1086 2793 mint
1107 2739 1189 2793 ottob

332 2832 415 2884 nebai
429 2833 467 2882 dr.
482 2822 567 2882 &tvos
580 2817 699 2896 ilgoston
717 2832 917 2900 lr'ozlemeuye.)

537 3123 747 3134 Ἥ

619 3538 672 3602 ll.

73 3714 138 3784 HI.
155 3717 264 3782 Endre
296 3713 406 3800 kirdly
438 3714 684 3802 helphenlrappjo
700 3741 721 3780 o
739 3716 809 3803 Imp
826 3717 995 3802 Demoleos,
1021 3719 1053 3784 e's
1068 3721 1205 3784 Lo'rioez

71 3835 193 3903 mester,
215 3825 309 3890 Peter
340 3823 472 3908 briasto,
489 3823 581 3902 loeti,
602 3821 709 3906 Goyal
724 3830 802 3888 aeorl
825 3825 933 3910 foldet
963 3829 1121 3912 torppoze
1131 3852 1202 3904 per·

503 3934 680 4016 eppessepet.
702 3931 800 3994 1293.

179 4071 332 4138 Andreas
358 4072 418 4140 Dei
443 4074 554 4156 gracia
579 4075 649 4139 Rex
674 4074 841 4159 Hungarie
867 4077 1018 4143 memorie
1038 4097 1204 4144 eommen·

69 4178 426 4263 dantessignifieemue
452 4181 611 4249 uniuersis
637 4183 752 4267 quibus
779 4184 911 4270 expedit
936 4205 995 4269 per
1023 4193 1201 4274 presentes,

68 4287 155 4370 quod
174 4287 366 4354 Dominieus
385 4287 491 4354 dietus
507 4289 576 4376 Zup
594 4311 634 4357 ex
651 4313 715 4358 vna
730 4300 832 4377 parte,
849 4313 889 4357 ex
905 4291 1009 4358 altera
1036 4313 1110 4360 vero
1136 4295 1202 4358 Ma-

70 4397 175 4476 gister
192 4394 393 4462 Laureneius
409 4395 494 4462 filius
511 4397 598 4465 Petri
623 4400 705 4464 Beni
732 4399 946 4483 personaliter
972 4421 1080 4467 eoram
1106 4399 1199 4467 nobis

69 4503 251 4592 constituti,
269 4503 356 4570 idem
378 4505 566 4573 Dominieus
583 4507 664 4573 dixit
680 4513 713 4575 et
728 4506 895 4574 confessus
913 4501 962 4574 est
982 4509 1202 4578 oraeulouiue

66 4609 167 4694 noeis,
193 4609 359 4694 quandam
376 4615 612 4698 possessionem
629 4614 733 4700 ipsius
749 4614 895 4699 Magistri
907 4615 1078 4699 Laurenoij
1092 4615 1202 4698 Geyul

1056 4725 1096 4794 8²!
