3132 5162
411 549 563 618 fidelitati
575 549 824 617 uestrelirmiter
844 547 1039 634 precipimus
1056 553 1088 614 et
1107 547 1256 632 disorele‚
1269 555 1429 632 quatenns
1444 547 1524 614 lacis-

330 693 335 714 ι
413 660 455 726 lis
470 658 601 746 publiea
618 656 828 742 proclamari3
844 661 879 721 vt
891 675 1001 724 omnes
1022 661 1217 722 mercatores
1230 660 1299 722 tam
1312 657 1346 721 in
1357 655 1524 722 CastroBu·

413 767 525 850 densi,
546 785 644 849 quum
660 766 721 830 sub
736 765 850 830 Castro
865 763 933 830 siue
949 763 983 830 in
998 763 1117 850 Pesth‚
1150 763 1309 829 tributum
1327 762 1367 828 (le
1393 765 1525 829 omnibus

414 871 632 959 mercimonijs
667 871 733 940 suis
766 870 895 938 soluere
926 870 1066 938 debeant
1097 877 1318 956 eonsuetum,
1349 890 1412 937 neo
1441 871 1524 936 racio-

413 1004 454 1050 ne
480 981 697 1048 nundinarum
729 1000 786 1065 per
802 979 964 1046 dominum
996 979 1118 1062 Regem
1151 979 1343 1045 Ladizlaum
1370 998 1524 1046 ooneesss·

414 1116 484 1162 rum
512 1093 664 1161 tributum
691 1095 834 1179 ipsarum
853 1089 1069 1157 lleolesiarum
1087 1109 1145 1174 pro
1161 1109 1196 1156 se
1228 1087 1366 1154 debeant
1396 1088 1526 1164 retinere,

414 1223 470 1270 seu
486 1202 692 1285 aliquatenus
709 1198 899 1282 vendicare5
918 1202 949 1263 et
964 1197 1023 1263 hoo
1041 1195 1189 1263 uolumus
1205 1197 1274 1262 lieri
1301 1202 1450 1280 presente
1474 1195 1526 1258 lla-

415 1311 516 1394 gistro
533 1305 617 1374 Elek
633 1307 709 1374 aule
725 1312 834 1373 nostre
850 1303 986 1371 Notario
1003 1304 1045 1371 ad
1062 1302 1121 1370 hoo
1143 1301 1330 1388 speoialiter
1357 1301 1524 1380 destinata

416 1418 530 1484 soiturl
546 1415 631 1500 quod
657 1416 838 1500 quicunque
864 1434 956 1480 senus
990 1412 1131 1493 l'eeerint,
1161 1411 1368 1478 amissionem
1400 1409 1526 1474 omnium

417 1528 572 1592 bonorum
590 1543 718 1590 suorum
746 1528 897 1606 potarunt
922 1519 1105 1586 formidare.
1132 1521 1252 1585 Datum
1279 1517 1434 1602 Strigonij
1459 1515 1528 1581 feria

417 1631 586 1715 quinta-
607 1666 650 1678 -
671 1669 706 1680 -
730 1665 767 1674 -
787 1626 978 1694 Natiuitatis
994 1624 1135 1708 Virginis
1153 1624 1301 1692 Gloriosa
1312 1643 1400 1690 anno
1411 1623 1526 1703 Domini

417 1739 535 1806 ΜῦΟΟο
550 1737 772 1822 nonagesimo.

412 1937 550 2002 (Eredetie
565 1932 737 2000 blirhlutyrlu,
752 1934 858 1998 molyen
871 1947 888 1982 a
902 1934 1023 1985 kivulrul
1037 1933 1088 1984 oda
1102 1939 1228 1998 nyomott
1239 1930 1389 1998 pacemnelr
1414 1928 1528 1982 torellus

599 2023 660 2090 meg
676 2039 800 2091 magron,
815 2039 831 2074 a
844 2024 928 2074 budai
944 2024 994 2072 lrir.
1009 2023 1131 2072 kamarai
1154 2018 1346 2084 lereltlrban.)

829 2245 833 2252 .

1562 2773 1563 2782 r

1562 2845 1563 2854 r

985 2863 1016 2927 5.

412 3043 480 3112 Ill.
499 3043 609 3108 Eudae
624 3045 737 3129 uirulp
753 3067 773 3106 α
788 3043 887 3107 Bada
903 3048 998 3108 uaros
1015 3046 1046 3109 us
1062 3066 1082 3107 o
1098 3043 1288 3130 apulsaipetl
1314 3042 1530 3131 apcioauzdrdo

415 3152 486 3217 lso'zl
504 3175 524 3215 a
541 3151 642 3216 budoi
660 3151 1063 3235 odsdsjlioedalmaltircloti
1080 3152 1530 3238 epyaoueaetqaketeliaa'ar·

722 3257 833 3319 tekaels
849 3257 1100 3344 apilotkozlaljo.
1118 3260 1218 3322 1290.

523 3451 591 3520 Nos
606 3450 753 3519 Andreas
770 3453 831 3520 Dei
847 3453 958 3537 grania
977 3455 1045 3521 Rex
1063 3454 1206 3538 Vngarie
1233 3454 1454 3539 significamus
1478 3471 1533 3519 orn·
1562 3471 1563 3548 q

416 3559 512 3627 nibus
529 3559 644 3644 quibus
661 3561 792 3647 expedit
808 3568 840 3628 et
856 3567 1024 3647 presentes
1041 3563 1260 3651 ostendentur,
1278 3563 1364 3648 qnod
1390 3563 1464 3630 lieet
1487 3561 1535 3629 Ju·

383 3663 384 3666 ’
417 3666 482 3734 dex
500 3673 530 3732 et
546 3667 662 3754 Juroti,
674 3687 712 3733 ae
724 3668 927 3764 Vniuersitas
940 3667 1056 3736 oinium
1070 3668 1109 3734 de
1121 3670 1230 3736 Monte
1240 3669 1400 3736 Pesliensi
1416 3671 1451 3738 in
1462 3668 1532 3735 mul·

417 3775 458 3843 tis
475 3774 912 3863 dampnifieauerintsorores
929 3799 986 3844 seu
1003 3778 1266 3846 sanctimoniales
1284 3779 1325 3844 de
1352 3779 1462 3846 Insula
1477 3776 1536 3841 Vir·

418 3883 504 3968 ginis
521 3883 679 3974 Glorioso,
691 3881 894 3969 prohibendo
905 3884 1026 3951 tributa
1037 3885 1223 3970 earundem,
1242 3885 1330 3970 quod
1341 3888 1376 3952 in
1388 3890 1483 3971 porta
1494 3904 1536 3949 ea·

418 3991 476 4058 stri
489 3997 520 4056 et
536 3991 569 4056 in
589 3990 656 4059 loro
667 3993 755 4077 exigi
767 3992 937 4061 oonsueuit
948 4001 1090 4079 tempore
1102 3990 1483 4076 nundinarumsuarnm;
1500 3989 1535 4055 ad
1562 3997 1563 4078 l

417 4097 564 4166 ultimum
582 4107 690 4167 tamen
707 4121 765 4187 per
796 4107 905 4168 nostre
937 4101 1090 4170 iussionis
1121 4101 1315 4171 instanciam
1348 4103 1533 4169 remiserunt
1562 4091 1563 4178 l

418 4208 487 4294 ipsa
504 4209 623 4275 tributa
639 4229 719 4295 pure
736 4217 768 4275 et
784 4209 971 4296 simplieiter
988 4232 1045 4296 per
1062 4213 1151 4295 ipsas
1168 4211 1432 4299 sanctimoniales
1464 4227 1536 4295 pure
1562 4209 1563 4296 l

417 4323 449 4384 et
464 4315 657 4403 simpliciter
683 4317 752 4385 sine
776 4316 1027 4405 impendimento
1054 4318 1265 4404 percipienda
1290 4317 1448 4402 quolibet,
1475 4337 1540 4403 pro·
1562 4299 1563 4374 l

413 4424 580 4490 mittentes
596 4444 674 4490 vera
690 4422 759 4509 lide,
776 4425 861 4508 quod
876 4427 1033 4493 officiales
1049 4426 1225 4493 earundem
1243 4444 1305 4490 non
1323 4423 1536 4510 prohibebunt

417 4551 473 4618 per
488 4551 523 4598 sa
539 4531 592 4626 uel
608 4531 754 4599 homines
770 4554 854 4618 suos,
871 4534 1041 4617 quominus
1057 4540 1200 4619 tempore
1217 4531 1437 4620 predictarum
1465 4552 1537 4597 nun·
1562 4545 1563 4592 l

418 4641 568 4706 dinarnrn
587 4639 706 4708 tributa
723 4661 790 4728 sua,
810 4641 893 4710 sieut
910 4645 1054 4726 inantea,
1073 4643 1143 4710 sine
1159 4641 1390 4728 impedimento
1404 4641 1541 4726 quolibet
