3170 5166
741 214 902 314 gac-

253 405 378 474 domini
393 405 492 491 Regin
508 425 624 492 parere
640 412 673 473 et
689 405 824 475 obedire
841 415 928 476 occet
943 414 1102 494 paratuu;
1119 409 1179 478 sed
1194 409 1278 478 sicut
1308 408 1391 476 dicit

253 515 406 585 officialis
422 535 500 586 uuus
515 517 704 586 vicecomes
719 515 761 586 de
776 517 919 604 Barana,
936 516 1024 602 quod
1037 537 1149 587 coram
1165 521 1242 604 ipso
1266 519 1390 605 Magiu-

253 631 305 690 ter
322 623 502 692 conrardus
519 626 572 692 uel
581 623 631 691 oui
641 623 843 694 iudicialiter
852 625 1014 711 legittime
1032 625 1285 711 remansissent3
1301 627 1388 712 equi-

255 727 329 799 dem
344 729 470 800 iudicia
484 731 601 802 Oomeu
618 731 658 798 de
673 733 805 801 Barana
820 733 970 819 uelipse,
985 733 1039 800 uel
1064 730 1215 800 officialis
1231 752 1320 816 suus,
1335 752 1388 800 ce·

257 837 399 906 cundum
431 839 699 908 consuetudinem
715 840 821 923 Regni
838 837 1023 925 legitimam
1038 839 1229 927 reciperata
1244 840 1390 924 quolibet

256 946 389 1014 iusticia
403 946 575 1015 mediante.
592 947 712 1014 Datum
728 947 831 1016 tercio
847 945 902 1015 die
928 945 1120 1015 festiuitatiu
1153 948 1266 1014 Sancti
1296 946 1389 1015 Galli

252 1054 459 1123 confessoris.

361 1163 520 1228 Kivul:
539 1165 601 1228 Pro
626 1161 785 1246 Magistro
819 1161 993 1230 (lorrardo'
1012 1167 1045 1228 et
1072 1161 1138 1228 filio
1170 1181 1229 1228 suo
1260 1161 1387 1227 Gemite
1498 1159 1500 1162 ’

251 1267 389 1336 Jacobo.

251 1461 391 1534 (Eredetie
404 1461 580 1530 bssrhartyln,
593 1479 611 1516 a
623 1464 703 1516 livill
716 1465 769 1517 oda
782 1471 903 1529 nyomctt
916 1463 1062 1530 pecattnek
1075 1465 1140 1516 enak
1161 1479 1260 1528 nyoma
1285 1461 1391 1514 litszik

506 1551 581 1618 mlr3
594 1569 611 1605 a
624 1572 659 1607 m.
674 1553 803 1644 1).Βόναῖ
817 1552 910 1606 caelin
923 1550 1132 1619 loveltlrulban.)

712 1841 926 1850 ——--——-—

758 2193 850 2270 295.

250 2389 283 2456 A
293 2393 386 2479 pteau'
401 2393 626 2477 ruptataooai
642 2391 921 2478 bizouyoa'plcuele,
948 2389 1029 2476 hopy
1063 2387 1190 2475 Batoplu
1222 2411 1321 2455 comeo
1354 2392 1388 2454 e'a

249 2496 463 2576 indulturum,
480 2521 496 2563 a
511 2496 649 2563 Koardd
664 2519 761 2564 comeo
777 2497 866 2580 ecfiu
881 2493 1001 2577 Jacob,
1018 2494 1167 2580 bizouyoc
1179 2517 1271 2582 pereo
1303 2503 1387 2582 itqy-

428 2603 482 2667 oen
498 2625 519 2667 a
534 2602 735 2692 uatamapoo
750 2604 1003 2671 uuuasuoccu.
1021 2581 1072 2667 rio
1087 2603 1206 2668 nuceo

358 2799 425 2867 Nou
451 2797 637 2886 Capitulum
654 2797 1007 2882 Quinqueeocleoiense
1037 2797 1191 2864 memorie
1223 2817 1385 2865 common-

249 2907 377 2992 damus,
395 2905 483 2994 qnod
500 2904 616 2974 Comes
630 2905 758 2990 Balugh
774 2911 809 2972 et
824 2905 942 2972 Purioh
956 2903 1087 2972 villicus
1104 2905 1146 2971 ab
1177 2925 1245 2972 una
1276 2915 1384 3008 parte,

248 3015 365 3082 Petrus
380 3013 465 3082 filius
482 3012 596 3097 Gurgh
613 3012 766 3081 officialia
783 3031 861 3082 nuuc
876 3032 937 3098 pro
969 3012 1126 3099 Magistro
1158 3010 1317 3080 Comardo
1349 3024 1385 3080 et

248 3121 392 3190 filiosuo
409 3121 430 3188 J
431 3121 532 3190 uoobo
549 3142 590 3190 ex
606 3121 719 3210 altera,
736 3121 770 3188 in
787 3128 899 3188 nostra
914 3121 1086 3208 presencia
1111 3119 1290 3206 constituti,
1319 3129 1384 3188 ter·

250 3229 371 3298 minum
389 3247 509 3316 eorum,
525 3227 650 3295 scilicet
666 3213 863 3310 quindenam
880 3226 992 3295 Sancti
1007 3225 1149 3313 Martini,
1166 3247 1231 3312 quo
1247 3224 1380 3313 quidem

250 3335 438 3404 intermino
456 3335 635 3403 seeundum
650 3336 768 3404 seriem
784 3335 968 3404 litterarum
994 3333 1122 3403 Nicolai
1153 3333 1296 3401 Palatini
1327 3355 1380 3401 oo·

248 3464 317 3511 ram
333 3445 406 3529 ipuo
423 3441 587 3512 debebant
602 3463 801 3532 comparere,
818 3442 860 3511 de
876 3443 1038 3512 communi
1054 3443 1220 3511 voluntate
1251 3439 1294 3508 ad
1324 3463 1379 3510 oo·

249 3559 346 3620 tanao
363 3549 478 3618 Sancti
495 3551 623 3642 Nicolai
638 3550 673 3617 in
689 3551 804 3620 eodem
820 3554 909 3618 statu
924 3555 1150 3637 prorogarunt.
1179 3551 1300 3616 Datum
1314 3555 1380 3618 ter-

245 3661 299 3727 cio
315 3659 369 3727 die
385 3665 575 3728 octauarum
590 3659 704 3727 Sancti
718 3659 860 3729 Martini.

355 3765 510 3834 Kivul:
528 3765 753 3851 Prorogatorie
769 3785 828 3852 pro
844 3763 1001 3850 Magistro
1018 3761 1181 3832 Gomardo
1192 3761 1301 3830 ctfilio
1317 3784 1380 3832 sno

245 3873 372 3941 Jacobo
388 3871 432 3940 ad
447 3880 581 3942 octauoe
597 3874 710 3942 Sancti
725 3873 854 3942 Nicolai
872 3878 986 3940 contra
1003 3871 1162 3940 Comitem
1178 3869 1318 3956 Balugh.

243 4067 386 4134 (Eredetie
398 4069 574 4138 bitrhurtytn,
587 4086 604 4122 a
617 4068 695 4124 hatnl
708 4072 760 4125 oda
771 4077 895 4137 nyomott
907 4068 1056 4140 pocaecnek
1078 4071 1146 4122 csak
1164 4084 1264 4136 nyoma
1276 4067 1382 4122 litanti<

499 4157 576 4224 mlr3
594 4176 611 4212 a
624 4175 659 4213 m.
669 4159 696 4212 b.
709 4158 806 4226 Rtvay
819 4157 914 4212 cuulad
926 4154 1139 4226 levtltlrlbau.)
