3170 5166
841 303 1002 404 jua-

347 501 441 569 biles
457 499 492 566 in
508 500 671 568 communi
687 499 944 584 congregacione
954 517 1051 586 super
1061 497 1136 586 hijs,
1154 505 1339 592 quocontra
1354 496 1489 564 eosdem

355 603 634 696 proponebantur,
652 625 707 674 aee
725 625 882 675 excusare
896 626 962 673 uon
986 613 1173 692 curassent,
1199 614 1231 672 et
1247 605 1295 672 aic
1310 605 1492 690 possessio·

354 737 413 784 nes
430 716 605 783 eorundem
621 715 827 800 presentibus
842 713 1006 781 nobilibus
1027 721 1059 781 et
1075 715 1150 801 alijs
1170 714 1204 780 in
1221 709 1335 780 eadem
1352 733 1487 798 cougre-

340 825 494 910 ,gacione
508 823 627 892 Oomiti
643 823 749 891 Athon
764 823 910 910 predicto
936 823 1077 891 fuissent
1107 823 1286 909 assignate.
1318 824 1440 889 Datum
1455 823 1491 888 in

355 933 471 1017 uigilia
487 933 580 999 Beati
597 929 715 999 Jacobi
735 930 894 1019 Apostoli.

463 1040 617 1106 Kivttt:
636 1041 741 1125 Super
756 1041 996 1126 protestacioue
1012 1038 1169 1108 nobilium
1186 1037 1226 1106 de
1238 1036 1421 1106 Waraulow
1431 1058 1488 1124 pro

348 1146 605 1216 ¹(tomitedthun.

337 1396 341 1428 5
355 1358 494 1426 (Eredetie
508 1359 684 1428 bdrlrdrtydm
696 1376 712 1414 a
725 1359 803 1414 lrdtul
822 1361 874 1413 oda
887 1367 1012 1425 nyomott
1033 1361 1123 1428 peccet
1142 1363 1290 1426 elveauatt3
1304 1379 1321 1414 a
1336 1362 1421 1414 budai
1434 1363 1489 1413 kir.

751 1454 876 1504 kamarai
888 1447 1081 1517 lcvtltdrbau.)

877 2318 954 2385 tta.

347 2534 459 2600 'Vocco
475 2535 592 2600 krakdc'
608 2536 639 2601 ta
655 2535 835 2610 academici
849 2535 1008 2620 kopitdny
1032 2535 1296 2620 mapparoreadqe'
1311 2534 1419 2598 Iotodn
1438 2559 1491 2601 co-

355 2654 431 2707 mest
454 2643 644 2728 ezolpdlutoe‘
662 2641 917 2726 jedolmazdadot
941 2643 1087 2726 bicorpor
1112 2641 1406 2727 dedocemduyekbcu
1440 2646 1491 2707 rd-

808 2753 922 2816 azcer'ti.
940 2748 1038 2814 1300.

464 2965 502 3030 In
519 2964 649 3030 nomine
665 2963 796 3030 Domini
811 2961 927 3029 Amen.
947 2962 1111 3030 Beneficia
1120 2982 1182 3048 que
1192 2961 1233 3028 de
1250 2961 1399 3028 manibus
1410 2959 1491 3027 dau-

352 3079 406 3134 tur
422 3069 609 3155 Principum
626 3075 785 3156 perpetuo
802 3067 956 3136 duratura
965 3119 975 3156 ,
994 3069 1112 3138 decens
1138 3075 1171 3136 et
1185 3067 1408 3136 necessarium
1424 3075 1489 3154 est,

353 3196 419 3241 non
436 3175 540 3244 solum
557 3174 741 3242 testimonio
758 3175 923 3244 hominum
949 3176 1104 3242 memoria
1119 3174 1357 3261 commendam
1373 3194 1489 3240 uerum

352 3283 459 3349 eciam
475 3283 633 3369 scripture
654 3284 767 3351 robore
793 3283 999 3368 perheunari.
1016 3281 1096 3351 Ideo
1111 3291 1177 3350 tam
1194 3303 1328 3370 presens
1345 3288 1415 3348 etas
1431 3303 1490 3348 no·

354 3390 438 3456 uerit
472 3408 569 3474 quam
594 3389 713 3478 sutura,
742 3389 825 3476 quod
857 3411 916 3458 uos
956 3391 1063 3458 Vocco
1094 3391 1291 3478 Capitoneus
1332 3390 1490 3456 Cracouie

353 3504 388 3564 et
419 3495 621 3563 Sandomirie
660 3496 700 3564 de
738 3499 874 3584 speciali
905 3505 1058 3586 precepto
1088 3497 1293 3566 serenissimi
1325 3495 1488 3581 Principis

355 3602 478 3670 domini
497 3602 599 3669 nostri
616 3605 787 3672 Venocslai
825 3606 889 3672 Dei
923 3607 1036 3691 gracia
1067 3605 1165 3690 Regis
1190 3603 1364 3688 Bohemie,
1406 3603 1489 3669 Mar·

336 3709 478 3776 *chionis
519 3710 670 3797 Morauie,
698 3713 867 3796 Dacisque
899 3710 1056 3781 Oraconie
1081 3718 1114 3778 et
1144 3709 1360 3796 sandoniae,
1387 3708 1488 3776 nobili

351 3817 422 3884 viro
454 3815 572 3882 Comiti
607 3815 773 3902 Stephano
804 3820 947 3904 Vngaro,
980 3817 1191 3886 consideratis
1227 3817 1298 3884 eius
1339 3817 1487 3901 seruicija

353 3924 500 4010 utilibus,
540 3923 700 4008 fidelibus,
740 3933 772 3991 et
812 3926 913 3993 multo
954 3933 1099 4011 tempore
1134 3923 1277 4010 inpensis
1318 3931 1350 3990 et
1382 3923 1489 3990 adhuc

354 4029 573 4118 inpendendis
607 4031 795 4116 Capitaneis
827 4031 1098 4100 Oracouiensibus
1109 4082 1119 4117 ,
1152 4039 1184 4099 et
1224 4029 1320 4099 nobis
1360 4031 1489 4097 nomine

352 4137 476 4206 domini
515 4139 618 4204 nostri
659 4137 778 4226 Regis,
818 4145 914 4223 prout
954 4139 1047 4208 uobis
1088 4139 1258 4208 euidenter
1300 4139 1487 4221 constabat,

333 4245 440 4313 -dicto
457 4244 573 4314 domiti
591 4245 758 4331 Stephano
778 4253 810 4313 et
827 4247 895 4314 suis
913 4227 1086 4316 uer-edibus
1111 4245 1249 4329 damus,
1266 4244 1486 4328 concedimus,

354 4371 394 4419 ac
411 4351 503 4420 titulo
520 4357 686 4438 perpetua·
712 4350 902 4449 donacionis
929 4354 1089 4422 tradimus
1115 4354 1284 4442 nauigium
1316 4349 1487 4438 lapideum,

349 4477 425 4524 cum
452 4457 601 4526 omnibus
617 4459 816 4528 utilitatibus
842 4468 875 4528 et
890 4459 1103 4546 pertineueijs
1119 4460 1199 4548 suis,
1216 4460 1251 4526 in
1267 4459 1361 4526 Visla
1376 4463 1489 4525 eontra

335 4562 451 4629 ‹Goric
465 4565 626 4632 iacentem
641 4590 649 4650 ;
669 4565 794 4635 faciens
811 4568 914 4656 ipsam
948 4565 1181 4646 donacionem,
1198 4573 1231 4635 et
1246 4567 1372 4635 incolas
1389 4564 1490 4651 ipsos,
