<?xml version="1.0" encoding="UTF-8"?>
<!DOCTYPE html PUBLIC "-//W3C//DTD XHTML 1.0 Transitional//EN"
    "http://www.w3.org/TR/xhtml1/DTD/xhtml1-transitional.dtd">
<html xmlns="http://www.w3.org/1999/xhtml" xml:lang="en" lang="en">
 <head>
  <title>
</title>
<meta http-equiv="Content-Type" content="text/html;charset=utf-8" />
  <meta name='ocr-system' content='tesseract 3.04.00' />
  <meta name='ocr-capabilities' content='ocr_page ocr_carea ocr_par ocr_line ocrx_word'/>
</head>
<body>
  <div class='ocr_page' id='page_1' title='image "./codexdiplomatic19wenzgoog_0433.png"; bbox 0 0 3170 5166; ppageno 0'>
   <div class='ocr_carea' id='block_1_1' title="bbox 613 351 775 450">
    <p class='ocr_par' dir='ltr' id='par_1_1' title="bbox 613 351 775 450">
     <span class='ocr_line' id='line_1_1' title="bbox 613 351 775 450; baseline 0.006 -1"><span class='ocrx_word' id='word_1_1' title='bbox 613 351 775 450; x_wconf 58' lang='lat' dir='ltr'><strong>ms„</strong></span> 
     </span>
    </p>
   </div>
   <div class='ocr_carea' id='block_1_2' title="bbox 131 541 1262 1154">
    <p class='ocr_par' dir='ltr' id='par_1_2' title="bbox 131 541 1262 1154">
     <span class='ocr_line' id='line_1_2' title="bbox 132 541 1262 632; baseline 0.002 -20"><span class='ocrx_word' id='word_1_2' title='bbox 132 543 206 630; x_wconf 84' lang='lat' dir='ltr'><strong>hlijs</strong></span> <span class='ocrx_word' id='word_1_3' title='bbox 231 541 369 610; x_wconf 75' lang='lat' dir='ltr'><strong>Comitis</strong></span> <span class='ocrx_word' id='word_1_4' title='bbox 385 542 517 610; x_wconf 86' lang='lat' dir='ltr'><strong>Andree</strong></span> <span class='ocrx_word' id='word_1_5' title='bbox 533 548 565 608; x_wconf 88' lang='lat' dir='ltr'><strong>et</strong></span> <span class='ocrx_word' id='word_1_6' title='bbox 582 543 713 611; x_wconf 89' lang='lat' dir='ltr'><strong>domine</strong></span> <span class='ocrx_word' id='word_1_7' title='bbox 737 546 833 613; x_wconf 90' lang='lat' dir='ltr'><strong>matri</strong></span> <span class='ocrx_word' id='word_1_8' title='bbox 849 544 1012 632; x_wconf 87' lang='lat' dir='ltr'><strong>ipsorum,</strong></span> <span class='ocrx_word' id='word_1_9' title='bbox 1038 567 1135 631; x_wconf 88' lang='lat' dir='ltr'><strong>quam</strong></span> <span class='ocrx_word' id='word_1_10' title='bbox 1157 545 1262 614; x_wconf 89' lang='lat' dir='ltr'><strong>eciam</strong></span> 
     </span>
     <span class='ocr_line' id='line_1_3' title="bbox 132 653 1261 742; baseline 0.003 -23"><span class='ocrx_word' id='word_1_11' title='bbox 132 653 363 720; x_wconf 86' lang='lat' dir='ltr'><strong>commetaneis</strong></span> <span class='ocrx_word' id='word_1_12' title='bbox 380 653 525 738; x_wconf 90' lang='lat' dir='ltr'><strong>ipsarum</strong></span> <span class='ocrx_word' id='word_1_13' title='bbox 540 657 783 739; x_wconf 86' lang='lat' dir='ltr'><strong>possessionum</strong></span> <span class='ocrx_word' id='word_1_14' title='bbox 809 675 905 742; x_wconf 86' lang='lat' dir='ltr'><strong>super</strong></span> <span class='ocrx_word' id='word_1_15' title='bbox 921 654 981 722; x_wconf 92' lang='lat' dir='ltr'><strong>hoo</strong></span> <span class='ocrx_word' id='word_1_16' title='bbox 998 655 1087 724; x_wconf 88' lang='lat' dir='ltr'><strong>sacto</strong></span> <span class='ocrx_word' id='word_1_17' title='bbox 1111 655 1261 724; x_wconf 86' lang='lat' dir='ltr'><strong>duximus</strong></span> 
     </span>
     <span class='ocr_line' id='line_1_4' title="bbox 131 760 1261 850; baseline 0 -21"><span class='ocrx_word' id='word_1_18' title='bbox 131 761 302 829; x_wconf 90' lang='lat' dir='ltr'><strong>silenoium</strong></span> <span class='ocrx_word' id='word_1_19' title='bbox 318 767 510 849; x_wconf 88' lang='lat' dir='ltr'><strong>perpetuum</strong></span> <span class='ocrx_word' id='word_1_20' title='bbox 528 760 777 850; x_wconf 89' lang='lat' dir='ltr'><strong>imponendum,</strong></span> <span class='ocrx_word' id='word_1_21' title='bbox 803 763 905 830; x_wconf 91' lang='lat' dir='ltr'><strong>saluis</strong></span> <span class='ocrx_word' id='word_1_22' title='bbox 927 769 1037 830; x_wconf 82' lang='lat' dir='ltr'><strong>tamen</strong></span> <span class='ocrx_word' id='word_1_23' title='bbox 1053 765 1173 832; x_wconf 89' lang='lat' dir='ltr'><strong>nostris</strong></span> <span class='ocrx_word' id='word_1_24' title='bbox 1188 781 1261 849; x_wconf 90' lang='lat' dir='ltr'><strong>por·</strong></span> 
     </span>
     <span class='ocr_line' id='line_1_5' title="bbox 131 867 1261 954; baseline 0.003 -19"><span class='ocrx_word' id='word_1_25' title='bbox 131 869 279 936; x_wconf 88' lang='lat' dir='ltr'><strong>cionibns</strong></span> <span class='ocrx_word' id='word_1_26' title='bbox 304 871 338 936; x_wconf 92' lang='lat' dir='ltr'><strong>in</strong></span> <span class='ocrx_word' id='word_1_27' title='bbox 364 873 512 937; x_wconf 89' lang='lat' dir='ltr'><strong>omnihus</strong></span> <span class='ocrx_word' id='word_1_28' title='bbox 542 867 712 954; x_wconf 73' lang='lat' dir='ltr'>premissis</span> <span class='ocrx_word' id='word_1_29' title='bbox 737 871 992 940; x_wconf 81' lang='lat' dir='ltr'><strong>remanentibus.</strong></span> <span class='ocrx_word' id='word_1_30' title='bbox 1023 874 1146 938; x_wconf 83' lang='lat' dir='ltr'><strong>Datum</strong></span> <span class='ocrx_word' id='word_1_31' title='bbox 1170 872 1261 940; x_wconf 87' lang='lat' dir='ltr'><strong>Bude</strong></span> 
     </span>
     <span class='ocr_line' id='line_1_6' title="bbox 133 977 1260 1066; baseline 0.003 -21"><span class='ocrx_word' id='word_1_32' title='bbox 133 979 271 1062; x_wconf 88' lang='lat' dir='ltr'><strong>septimo</strong></span> <span class='ocrx_word' id='word_1_33' title='bbox 305 977 358 1043; x_wconf 87' lang='lat' dir='ltr'><strong>die</strong></span> <span class='ocrx_word' id='word_1_34' title='bbox 389 977 627 1061; x_wconf 88' lang='lat' dir='ltr'><strong>quindenarum</strong></span> <span class='ocrx_word' id='word_1_35' title='bbox 645 979 738 1046; x_wconf 89' lang='lat' dir='ltr'><strong>Beati</strong></span> <span class='ocrx_word' id='word_1_36' title='bbox 770 977 943 1046; x_wconf 81' lang='lat' dir='ltr'><strong>Michaelis</strong></span> <span class='ocrx_word' id='word_1_37' title='bbox 961 978 1158 1066; x_wconf 80' lang='lat' dir='ltr'><strong>Archangeli</strong></span> <span class='ocrx_word' id='word_1_38' title='bbox 1174 1000 1260 1049; x_wconf 89' lang='lat' dir='ltr'><strong>anno</strong></span> 
     </span>
     <span class='ocr_line' id='line_1_7' title="bbox 131 1085 573 1154; baseline 0.005 -2"><span class='ocrx_word' id='word_1_39' title='bbox 131 1086 262 1153; x_wconf 87' lang='lat' dir='ltr'><strong>Domini</strong></span> <span class='ocrx_word' id='word_1_40' title='bbox 277 1085 323 1152; x_wconf 83' lang='grc' dir='ltr'><strong>Μο</strong></span> <span class='ocrx_word' id='word_1_41' title='bbox 338 1085 573 1154; x_wconf 85' lang='lat' dir='ltr'><strong>trecentesimo.</strong></span> 
     </span>
    </p>
   </div>
   <div class='ocr_carea' id='block_1_3' title="bbox 130 1281 1261 1440">
    <p class='ocr_par' dir='ltr' id='par_1_3' title="bbox 130 1281 1261 1440">
     <span class='ocr_line' id='line_1_8' title="bbox 130 1281 1261 1353; baseline 0.002 -17"><span class='ocrx_word' id='word_1_42' title='bbox 130 1285 268 1352; x_wconf 80' lang='lat' dir='ltr'><strong>(Ercrletie</strong></span> <span class='ocrx_word' id='word_1_43' title='bbox 277 1281 453 1352; x_wconf 69' lang='lat' dir='ltr'><strong>biirhirtyin,</strong></span> <span class='ocrx_word' id='word_1_44' title='bbox 464 1285 643 1337; x_wconf 73' lang='lat' dir='ltr'><strong>averte-sold</strong></span> <span class='ocrx_word' id='word_1_45' title='bbox 655 1283 881 1351; x_wconf 80' lang='lat' dir='ltr'><strong>sslysmasinllron</strong></span> <span class='ocrx_word' id='word_1_46' title='bbox 890 1285 999 1351; x_wconf 78' lang='lat' dir='ltr'><strong>tltggott</strong></span> <span class='ocrx_word' id='word_1_47' title='bbox 1008 1283 1101 1353; x_wconf 68' lang='lat' dir='ltr'><strong>peccet</strong></span> <span class='ocrx_word' id='word_1_48' title='bbox 1109 1283 1239 1338; x_wconf 80' lang='lat' dir='ltr'><strong>elressetl</strong></span> <span class='ocrx_word' id='word_1_49' title='bbox 1253 1303 1261 1349; x_wconf 71' lang='grc' dir='ltr'>ς</span> 
     </span>
     <span class='ocr_line' id='line_1_9' title="bbox 434 1371 961 1440; baseline -0.002 -16"><span class='ocrx_word' id='word_1_50' title='bbox 434 1375 547 1427; x_wconf 80' lang='lat' dir='ltr'><strong>ahudsi</strong></span> <span class='ocrx_word' id='word_1_51' title='bbox 561 1375 613 1426; x_wconf 87' lang='lat' dir='ltr'><strong>kir.</strong></span> <span class='ocrx_word' id='word_1_52' title='bbox 626 1376 750 1428; x_wconf 73' lang='lat' dir='ltr'><strong>kamaraci</strong></span> <span class='ocrx_word' id='word_1_53' title='bbox 769 1371 961 1440; x_wconf 72' lang='lat' dir='ltr'><strong>levhltitrban.)</strong></span> 
     </span>
    </p>
   </div>
   <div class='ocr_carea' id='block_1_4' title="bbox 590 1665 802 1677">
    <p class='ocr_par' dir='ltr' id='par_1_4' title="bbox 590 1665 802 1677">
     <span class='ocr_line' id='line_1_10' title="bbox 590 1665 802 1677; baseline -0.005 0"><span class='ocrx_word' id='word_1_54' title='bbox 590 1665 802 1677; x_wconf 61' lang='lat' dir='ltr'><strong>-u———tv-u—-n</strong></span> 
     </span>
    </p>
   </div>
   <div class='ocr_carea' id='block_1_5' title="bbox 660 2204 739 2272">
    <p class='ocr_par' dir='ltr' id='par_1_5' title="bbox 660 2204 739 2272">
     <span class='ocr_line' id='line_1_11' title="bbox 660 2204 739 2272; baseline 0.013 -1"><span class='ocrx_word' id='word_1_55' title='bbox 660 2204 739 2272; x_wconf 79' lang='lat'><strong>258.</strong></span> 
     </span>
    </p>
   </div>
   <div class='ocr_carea' id='block_1_6' title="bbox 131 2403 1263 2687">
    <p class='ocr_par' dir='ltr' id='par_1_6' title="bbox 131 2403 1263 2687">
     <span class='ocr_line' id='line_1_12' title="bbox 131 2403 1261 2490; baseline 0 -24"><span class='ocrx_word' id='word_1_56' title='bbox 131 2404 243 2469; x_wconf 71' lang='lat' dir='ltr'><strong>istosin</strong></span> <span class='ocrx_word' id='word_1_57' title='bbox 259 2427 359 2468; x_wconf 84' lang='lat' dir='ltr'><strong>comes</strong></span> <span class='ocrx_word' id='word_1_58' title='bbox 375 2405 594 2490; x_wconf 77' lang='lat' dir='ltr'><strong>ulorazctpbiro&#39;</strong></span> <span class='ocrx_word' id='word_1_59' title='bbox 617 2407 809 2490; x_wconf 73' lang='lat' dir='ltr'><strong>mephapyja</strong></span> <span class='ocrx_word' id='word_1_60' title='bbox 834 2428 855 2468; x_wconf 87' lang='lat' dir='ltr'><strong>c</strong></span> <span class='ocrx_word' id='word_1_61' title='bbox 871 2403 1055 2468; x_wconf 75' lang='lat' dir='ltr'><strong>toreszteseic</strong></span> <span class='ocrx_word' id='word_1_62' title='bbox 1080 2403 1261 2487; x_wconf 73' lang='lat' dir='ltr'><strong>eaztsrpami</strong></span> 
     </span>
     <span class='ocr_line' id='line_1_13' title="bbox 134 2509 1263 2599; baseline -0.002 -23"><span class='ocrx_word' id='word_1_63' title='bbox 134 2511 363 2598; x_wconf 71' lang='lat' dir='ltr'><strong>kouoeutjeuek</strong></span> <span class='ocrx_word' id='word_1_64' title='bbox 372 2561 382 2593; x_wconf 93' lang='lat'><strong>,</strong></span> <span class='ocrx_word' id='word_1_65' title='bbox 408 2511 492 2599; x_wconf 73' lang='lat' dir='ltr'><strong>impp</strong></span> <span class='ocrx_word' id='word_1_66' title='bbox 508 2534 547 2577; x_wconf 78' lang='lat' dir='ltr'><strong>uz</strong></span> <span class='ocrx_word' id='word_1_67' title='bbox 563 2535 631 2577; x_wconf 82' lang='lat' dir='ltr'><strong>ezec</strong></span> <span class='ocrx_word' id='word_1_68' title='bbox 646 2513 740 2598; x_wconf 76' lang='lat' dir='ltr'><strong>itpybr</strong></span> <span class='ocrx_word' id='word_1_69' title='bbox 751 2535 773 2578; x_wconf 83' lang='lat' dir='ltr'><strong>st</strong></span> <span class='ocrx_word' id='word_1_70' title='bbox 788 2513 889 2578; x_wconf 81' lang='lat' dir='ltr'><strong>lozott</strong></span> <span class='ocrx_word' id='word_1_71' title='bbox 907 2511 1017 2578; x_wconf 72' lang='lat' dir='ltr'><strong>iteletet</strong></span> <span class='ocrx_word' id='word_1_72' title='bbox 1024 2509 1263 2596; x_wconf 71' lang='lat' dir='ltr'><strong>fopacalosr&#39;tso</strong></span> 
     </span>
     <span class='ocr_line' id='line_1_14' title="bbox 650 2619 746 2687; baseline -0.021 0"><span class='ocrx_word' id='word_1_73' title='bbox 650 2619 746 2687; x_wconf 81' lang='lat'><em>1300.</em></span> 
     </span>
    </p>
   </div>
   <div class='ocr_carea' id='block_1_7' title="bbox 129 2815 1262 4744">
    <p class='ocr_par' dir='ltr' id='par_1_7' title="bbox 129 2815 1262 4744">
     <span class='ocr_line' id='line_1_15' title="bbox 242 2815 1260 2902; baseline -0.003 -20"><span class='ocrx_word' id='word_1_74' title='bbox 242 2815 330 2883; x_wconf 89' lang='lat' dir='ltr'><strong>Viris</strong></span> <span class='ocrx_word' id='word_1_75' title='bbox 346 2817 507 2901; x_wconf 78' lang='lat' dir='ltr'><strong>religiosis</strong></span> <span class='ocrx_word' id='word_1_76' title='bbox 523 2819 637 2885; x_wconf 91' lang='lat' dir='ltr'><strong>amicis</strong></span> <span class='ocrx_word' id='word_1_77' title='bbox 654 2819 721 2885; x_wconf 88' lang='lat' dir='ltr'><strong>scis</strong></span> <span class='ocrx_word' id='word_1_78' title='bbox 738 2817 936 2884; x_wconf 88' lang='lat' dir='ltr'><strong>Reuerendis</strong></span> <span class='ocrx_word' id='word_1_79' title='bbox 960 2817 1116 2902; x_wconf 89' lang='lat' dir='ltr'><strong>Magistro</strong></span> <span class='ocrx_word' id='word_1_80' title='bbox 1132 2820 1165 2882; x_wconf 88' lang='lat' dir='ltr'><strong>et</strong></span> <span class='ocrx_word' id='word_1_81' title='bbox 1181 2815 1260 2882; x_wconf 82' lang='lat' dir='ltr'><strong>Con·</strong></span> 
     </span>
     <span class='ocr_line' id='line_1_16' title="bbox 131 2921 1261 3012; baseline -0.004 -20"><span class='ocrx_word' id='word_1_82' title='bbox 131 2925 244 2994; x_wconf 88' lang='lat' dir='ltr'><strong>uentui</strong></span> <span class='ocrx_word' id='word_1_83' title='bbox 269 2925 505 2994; x_wconf 78' lang='lat' dir='ltr'><strong>Crucifcrornm</strong></span> <span class='ocrx_word' id='word_1_84' title='bbox 520 2929 644 2994; x_wconf 88' lang='lat' dir='ltr'><strong>Domus</strong></span> <span class='ocrx_word' id='word_1_85' title='bbox 668 2927 849 3012; x_wconf 79' lang='lat' dir='ltr'><strong>Hospitalis</strong></span> <span class='ocrx_word' id='word_1_86' title='bbox 866 2924 1011 2991; x_wconf 82' lang='lat' dir='ltr'><strong>Ecclesie</strong></span> <span class='ocrx_word' id='word_1_87' title='bbox 1036 2921 1147 2992; x_wconf 84' lang='lat' dir='ltr'><strong>Sancti</strong></span> <span class='ocrx_word' id='word_1_88' title='bbox 1163 2922 1261 3005; x_wconf 88' lang='lat' dir='ltr'><strong>Regis</strong></span> 
     </span>
     <span class='ocr_line' id='line_1_17' title="bbox 131 3029 1260 3120; baseline -0.002 -21"><span class='ocrx_word' id='word_1_89' title='bbox 131 3035 173 3100; x_wconf 87' lang='lat' dir='ltr'><strong>de</strong></span> <span class='ocrx_word' id='word_1_90' title='bbox 189 3033 356 3117; x_wconf 85' lang='lat' dir='ltr'><strong>Strigonio</strong></span> <span class='ocrx_word' id='word_1_91' title='bbox 372 3033 487 3100; x_wconf 79' lang='lat' dir='ltr'><strong>Comes</strong></span> <span class='ocrx_word' id='word_1_92' title='bbox 512 3035 560 3102; x_wconf 81' lang='lat' dir='ltr'><strong>st.</strong></span> <span class='ocrx_word' id='word_1_93' title='bbox 576 3034 753 3120; x_wconf 87' lang='lat' dir='ltr'><strong>Vicejudex</strong></span> <span class='ocrx_word' id='word_1_94' title='bbox 769 3033 864 3100; x_wconf 81' lang='lat' dir='ltr'><strong>Gurie</strong></span> <span class='ocrx_word' id='word_1_95' title='bbox 889 3032 1011 3098; x_wconf 89' lang='lat' dir='ltr'><strong>domini</strong></span> <span class='ocrx_word' id='word_1_96' title='bbox 1035 3031 1135 3114; x_wconf 85' lang='lat' dir='ltr'><strong>Regis</strong></span> <span class='ocrx_word' id='word_1_97' title='bbox 1151 3029 1260 3098; x_wconf 91' lang='lat' dir='ltr'><strong>amici·</strong></span> 
     </span>
     <span class='ocr_line' id='line_1_18' title="bbox 133 3139 1260 3230; baseline -0.001 -24"><span class='ocrx_word' id='word_1_98' title='bbox 133 3141 218 3208; x_wconf 89' lang='lat' dir='ltr'><strong>ciam</strong></span> <span class='ocrx_word' id='word_1_99' title='bbox 235 3147 394 3228; x_wconf 83' lang='lat' dir='ltr'><strong>paratam.</strong></span> <span class='ocrx_word' id='word_1_100' title='bbox 404 3139 590 3230; x_wconf 87' lang='lat' dir='ltr'><strong>&#39;Noceritis,</strong></span> <span class='ocrx_word' id='word_1_101' title='bbox 605 3144 638 3209; x_wconf 88' lang='lat' dir='ltr'><strong>in</strong></span> <span class='ocrx_word' id='word_1_102' title='bbox 653 3142 770 3210; x_wconf 90' lang='lat' dir='ltr'><strong>litteris</strong></span> <span class='ocrx_word' id='word_1_103' title='bbox 779 3141 897 3208; x_wconf 85' lang='lat' dir='ltr'><strong>vestris</strong></span> <span class='ocrx_word' id='word_1_104' title='bbox 913 3141 1042 3206; x_wconf 90' lang='lat' dir='ltr'><strong>domino</strong></span> <span class='ocrx_word' id='word_1_105' title='bbox 1059 3139 1139 3221; x_wconf 84' lang='lat' dir='ltr'><strong>Regi</strong></span> <span class='ocrx_word' id='word_1_106' title='bbox 1156 3145 1260 3205; x_wconf 86' lang='lat' dir='ltr'><strong>trans·</strong></span> 
     </span>
     <span class='ocr_line' id='line_1_19' title="bbox 131 3243 1260 3348; baseline -0.001 -34"><span class='ocrx_word' id='word_1_107' title='bbox 131 3249 240 3316; x_wconf 89' lang='lat' dir='ltr'><strong>missis</strong></span> <span class='ocrx_word' id='word_1_108' title='bbox 258 3249 352 3316; x_wconf 89' lang='lat' dir='ltr'><strong>nobis</strong></span> <span class='ocrx_word' id='word_1_109' title='bbox 377 3249 574 3348; x_wconf 69' lang='lat' dir='ltr'><strong>constitisse,</strong></span> <span class='ocrx_word' id='word_1_110' title='bbox 600 3250 685 3336; x_wconf 91' lang='lat' dir='ltr'><strong>quod</strong></span> <span class='ocrx_word' id='word_1_111' title='bbox 711 3249 876 3316; x_wconf 89' lang='lat' dir='ltr'><strong>Johannes</strong></span> <span class='ocrx_word' id='word_1_112' title='bbox 902 3247 942 3313; x_wconf 88' lang='lat' dir='ltr'><strong>dc</strong></span> <span class='ocrx_word' id='word_1_113' title='bbox 968 3243 1080 3332; x_wconf 84' lang='lat' dir='ltr'><strong>Pyzhe</strong></span> <span class='ocrx_word' id='word_1_114' title='bbox 1095 3245 1190 3340; x_wconf 90' lang='lat' dir='ltr'><strong>homo</strong></span> <span class='ocrx_word' id='word_1_115' title='bbox 1206 3245 1260 3313; x_wconf 90' lang='lat' dir='ltr'><strong>dc·</strong></span> 
     </span>
     <span class='ocr_line' id='line_1_20' title="bbox 132 3352 1262 3446; baseline 0.001 -26"><span class='ocrx_word' id='word_1_116' title='bbox 132 3355 213 3421; x_wconf 93' lang='lat' dir='ltr'><strong>mini</strong></span> <span class='ocrx_word' id='word_1_117' title='bbox 228 3355 340 3442; x_wconf 87' lang='lat' dir='ltr'><strong>Regis,</strong></span> <span class='ocrx_word' id='word_1_118' title='bbox 355 3355 634 3446; x_wconf 60' lang='lat' dir='ltr'><strong>presentejvestro</strong></span> <span class='ocrx_word' id='word_1_119' title='bbox 659 3355 852 3442; x_wconf 88' lang='lat' dir='ltr'><strong>testimonio,</strong></span> <span class='ocrx_word' id='word_1_120' title='bbox 883 3355 1072 3440; x_wconf 82' lang='lat' dir='ltr'><strong>Magistrum</strong></span> <span class='ocrx_word' id='word_1_121' title='bbox 1086 3352 1193 3420; x_wconf 84' lang='lat' dir='ltr'><strong>Zoard</strong></span> <span class='ocrx_word' id='word_1_122' title='bbox 1208 3372 1262 3421; x_wconf 91' lang='lat' dir='ltr'><strong>ne·</strong></span> 
     </span>
     <span class='ocr_line' id='line_1_21' title="bbox 132 3461 1260 3554; baseline -0.001 -24"><span class='ocrx_word' id='word_1_123' title='bbox 132 3471 241 3549; x_wconf 86' lang='lat' dir='ltr'><strong>potem</strong></span> <span class='ocrx_word' id='word_1_124' title='bbox 258 3464 360 3532; x_wconf 88' lang='lat' dir='ltr'><strong>Wech</strong></span> <span class='ocrx_word' id='word_1_125' title='bbox 377 3487 435 3550; x_wconf 90' lang='lat' dir='ltr'><strong>pro</strong></span> <span class='ocrx_word' id='word_1_126' title='bbox 450 3465 537 3533; x_wconf 87' lang='lat' dir='ltr'><strong>facto</strong></span> <span class='ocrx_word' id='word_1_127' title='bbox 548 3467 721 3554; x_wconf 88' lang='lat' dir='ltr'><strong>principali</strong></span> <span class='ocrx_word' id='word_1_128' title='bbox 732 3473 765 3532; x_wconf 90' lang='lat' dir='ltr'><strong>et</strong></span> <span class='ocrx_word' id='word_1_129' title='bbox 774 3465 904 3532; x_wconf 87' lang='lat' dir='ltr'><strong>racione</strong></span> <span class='ocrx_word' id='word_1_130' title='bbox 914 3469 1037 3549; x_wconf 90' lang='lat' dir='ltr'><strong>septem</strong></span> <span class='ocrx_word' id='word_1_131' title='bbox 1050 3461 1260 3551; x_wconf 86' lang='lat' dir='ltr'><strong>judiciorum,</strong></span> 
     </span>
     <span class='ocr_line' id='line_1_22' title="bbox 132 3567 1261 3661; baseline -0.002 -23"><span class='ocrx_word' id='word_1_132' title='bbox 132 3577 167 3638; x_wconf 90' lang='lat' dir='ltr'><strong>et</strong></span> <span class='ocrx_word' id='word_1_133' title='bbox 181 3571 321 3638; x_wconf 90' lang='lat' dir='ltr'><strong>aliorum</strong></span> <span class='ocrx_word' id='word_1_134' title='bbox 337 3577 463 3660; x_wconf 84' lang='lat' dir='ltr'><strong>septem</strong></span> <span class='ocrx_word' id='word_1_135' title='bbox 474 3573 700 3661; x_wconf 82' lang='lat' dir='ltr'><strong>judiciorum,</strong></span> <span class='ocrx_word' id='word_1_136' title='bbox 726 3593 764 3640; x_wconf 91' lang='lat' dir='ltr'><strong>ec</strong></span> <span class='ocrx_word' id='word_1_137' title='bbox 782 3570 868 3658; x_wconf 88' lang='lat' dir='ltr'><strong>qnod</strong></span> <span class='ocrx_word' id='word_1_138' title='bbox 882 3570 967 3639; x_wconf 91' lang='lat' dir='ltr'><strong>idem</strong></span> <span class='ocrx_word' id='word_1_139' title='bbox 984 3570 1139 3657; x_wconf 84' lang='lat' dir='ltr'><strong>Magister</strong></span> <span class='ocrx_word' id='word_1_140' title='bbox 1154 3567 1261 3638; x_wconf 89' lang='lat' dir='ltr'><strong>Zoard</strong></span> 
     </span>
     <span class='ocr_line' id='line_1_23' title="bbox 130 3677 1261 3768; baseline -0.001 -24"><span class='ocrx_word' id='word_1_141' title='bbox 130 3677 283 3746; x_wconf 84' lang='lat' dir='ltr'><strong>diuersas</strong></span> <span class='ocrx_word' id='word_1_142' title='bbox 300 3700 337 3747; x_wconf 90' lang='lat' dir='ltr'><strong>sc</strong></span> <span class='ocrx_word' id='word_1_143' title='bbox 352 3681 482 3748; x_wconf 84' lang='lat' dir='ltr'><strong>dicebat</strong></span> <span class='ocrx_word' id='word_1_144' title='bbox 499 3689 609 3748; x_wconf 89' lang='lat' dir='ltr'><strong>contra</strong></span> <span class='ocrx_word' id='word_1_145' title='bbox 628 3683 819 3768; x_wconf 79' lang='lat' dir='ltr'><strong>Nicolaum,</strong></span> <span class='ocrx_word' id='word_1_146' title='bbox 835 3681 1010 3766; x_wconf 82' lang='lat' dir='ltr'><strong>Andrean,</strong></span> <span class='ocrx_word' id='word_1_147' title='bbox 1029 3678 1212 3747; x_wconf 80' lang='lat' dir='ltr'><strong>Johannsn</strong></span> <span class='ocrx_word' id='word_1_148' title='bbox 1228 3683 1261 3744; x_wconf 86' lang='lat' dir='ltr'><strong>et</strong></span> 
     </span>
     <span class='ocr_line' id='line_1_24' title="bbox 130 3782 1260 3876; baseline -0.003 -23"><span class='ocrx_word' id='word_1_149' title='bbox 130 3787 222 3854; x_wconf 84' lang='lat' dir='ltr'><strong>Beex</strong></span> <span class='ocrx_word' id='word_1_150' title='bbox 237 3786 324 3855; x_wconf 89' lang='lat' dir='ltr'><strong>lilios</strong></span> <span class='ocrx_word' id='word_1_151' title='bbox 338 3788 467 3858; x_wconf 83' lang='lat' dir='ltr'><strong>Andree</strong></span> <span class='ocrx_word' id='word_1_152' title='bbox 484 3790 526 3857; x_wconf 88' lang='lat' dir='ltr'><strong>de</strong></span> <span class='ocrx_word' id='word_1_153' title='bbox 542 3789 672 3876; x_wconf 86' lang='lat' dir='ltr'><strong>Bozteh,</strong></span> <span class='ocrx_word' id='word_1_154' title='bbox 698 3811 737 3856; x_wconf 87' lang='lat' dir='ltr'><strong>ac</strong></span> <span class='ocrx_word' id='word_1_155' title='bbox 754 3789 917 3856; x_wconf 87' lang='lat' dir='ltr'><strong>dominam</strong></span> <span class='ocrx_word' id='word_1_156' title='bbox 933 3795 1071 3854; x_wconf 88' lang='lat' dir='ltr'><strong>matrem</strong></span> <span class='ocrx_word' id='word_1_157' title='bbox 1087 3782 1260 3854; x_wconf 88' lang='lat' dir='ltr'><strong>eorundem</strong></span> 
     </span>
     <span class='ocr_line' id='line_1_25' title="bbox 129 3893 1261 3984; baseline -0.001 -23"><span class='ocrx_word' id='word_1_158' title='bbox 129 3893 278 3961; x_wconf 87' lang='lat' dir='ltr'><strong>relictam</strong></span> <span class='ocrx_word' id='word_1_159' title='bbox 295 3895 398 3983; x_wconf 87' lang='lat' dir='ltr'><strong>ipsius</strong></span> <span class='ocrx_word' id='word_1_160' title='bbox 413 3896 554 3984; x_wconf 79' lang='lat' dir='ltr'><strong>Andros,</strong></span> <span class='ocrx_word' id='word_1_161' title='bbox 580 3897 702 3963; x_wconf 84' lang='lat' dir='ltr'><strong>habere</strong></span> <span class='ocrx_word' id='word_1_162' title='bbox 719 3899 888 3974; x_wconf 87' lang='lat' dir='ltr'><strong>acciones;</strong></span> <span class='ocrx_word' id='word_1_163' title='bbox 905 3901 936 3962; x_wconf 88' lang='lat' dir='ltr'><strong>et</strong></span> <span class='ocrx_word' id='word_1_164' title='bbox 952 3897 1027 3962; x_wconf 89' lang='lat' dir='ltr'><strong>licet</strong></span> <span class='ocrx_word' id='word_1_165' title='bbox 1043 3895 1171 3962; x_wconf 90' lang='lat' dir='ltr'><strong>nomine</strong></span> <span class='ocrx_word' id='word_1_166' title='bbox 1187 3913 1261 3980; x_wconf 90' lang='lat' dir='ltr'><strong>pos·</strong></span> 
     </span>
     <span class='ocr_line' id='line_1_26' title="bbox 129 3999 1261 4094; baseline -0.004 -24"><span class='ocrx_word' id='word_1_167' title='bbox 129 4003 292 4070; x_wconf 89' lang='lat' dir='ltr'><strong>sessionis</strong></span> <span class='ocrx_word' id='word_1_168' title='bbox 309 4007 485 4073; x_wconf 77' lang='lat' dir='ltr'><strong>eorundem</strong></span> <span class='ocrx_word' id='word_1_169' title='bbox 502 4007 535 4072; x_wconf 92' lang='lat' dir='ltr'><strong>in</strong></span> <span class='ocrx_word' id='word_1_170' title='bbox 559 4005 766 4094; x_wconf 85' lang='lat' dir='ltr'><strong>possessione</strong></span> <span class='ocrx_word' id='word_1_171' title='bbox 782 4005 883 4072; x_wconf 81' lang='lat' dir='ltr'><strong>Sarac</strong></span> <span class='ocrx_word' id='word_1_172' title='bbox 909 4010 1027 4071; x_wconf 82' lang='lat' dir='ltr'><strong>uocata</strong></span> <span class='ocrx_word' id='word_1_173' title='bbox 1051 4003 1084 4070; x_wconf 88' lang='lat' dir='ltr'><strong>in</strong></span> <span class='ocrx_word' id='word_1_174' title='bbox 1101 3999 1261 4070; x_wconf 72' lang='lat' dir='ltr'><strong>comitatu</strong></span> 
     </span>
     <span class='ocr_line' id='line_1_27' title="bbox 129 4107 1261 4199; baseline -0.003 -23"><span class='ocrx_word' id='word_1_175' title='bbox 129 4109 359 4198; x_wconf 82' lang='lat' dir='ltr'><strong>Strigonycusi</strong></span> <span class='ocrx_word' id='word_1_176' title='bbox 376 4115 550 4182; x_wconf 85' lang='lat' dir='ltr'><strong>existentis</strong></span> <span class='ocrx_word' id='word_1_177' title='bbox 566 4113 713 4199; x_wconf 88' lang='lat' dir='ltr'><strong>legitime</strong></span> <span class='ocrx_word' id='word_1_178' title='bbox 729 4115 827 4180; x_wconf 89' lang='lat' dir='ltr'><strong>semel</strong></span> <span class='ocrx_word' id='word_1_179' title='bbox 845 4119 878 4180; x_wconf 91' lang='lat' dir='ltr'><strong>et</strong></span> <span class='ocrx_word' id='word_1_180' title='bbox 893 4111 1033 4180; x_wconf 90' lang='lat' dir='ltr'><strong>secundo</strong></span> <span class='ocrx_word' id='word_1_181' title='bbox 1049 4109 1147 4179; x_wconf 85' lang='lat' dir='ltr'><strong>luerit</strong></span> <span class='ocrx_word' id='word_1_182' title='bbox 1162 4107 1261 4175; x_wconf 88' lang='lat' dir='ltr'><strong>intro·</strong></span> 
     </span>
     <span class='ocr_line' id='line_1_28' title="bbox 130 4216 1260 4305; baseline -0.002 -21"><span class='ocrx_word' id='word_1_183' title='bbox 130 4217 267 4284; x_wconf 79' lang='lat' dir='ltr'><strong>rinctus:</strong></span> <span class='ocrx_word' id='word_1_184' title='bbox 283 4225 396 4286; x_wconf 78' lang='lat' dir='ltr'><strong>tamesi</strong></span> <span class='ocrx_word' id='word_1_185' title='bbox 405 4221 633 4304; x_wconf 87' lang='lat' dir='ltr'><strong>quiaKarulus</strong></span> <span class='ocrx_word' id='word_1_186' title='bbox 650 4218 923 4288; x_wconf 87' lang='lat' dir='ltr'><strong>iraterRoulandi</strong></span> <span class='ocrx_word' id='word_1_187' title='bbox 934 4216 1096 4303; x_wconf 87' lang='lat' dir='ltr'><strong>quondam</strong></span> <span class='ocrx_word' id='word_1_188' title='bbox 1106 4217 1260 4305; x_wconf 83' lang='lat' dir='ltr'><strong>Episcopi</strong></span> 
     </span>
     <span class='ocr_line' id='line_1_29' title="bbox 129 4325 1259 4415; baseline 0.002 -25"><span class='ocrx_word' id='word_1_189' title='bbox 129 4325 312 4394; x_wconf 82' lang='lat' dir='ltr'><strong>Bonnensis</strong></span> <span class='ocrx_word' id='word_1_190' title='bbox 328 4327 369 4396; x_wconf 90' lang='lat' dir='ltr'><strong>de</strong></span> <span class='ocrx_word' id='word_1_191' title='bbox 385 4330 460 4415; x_wconf 87' lang='lat' dir='ltr'><strong>ipsa</strong></span> <span class='ocrx_word' id='word_1_192' title='bbox 476 4331 685 4415; x_wconf 86' lang='lat' dir='ltr'><strong>possessione</strong></span> <span class='ocrx_word' id='word_1_193' title='bbox 701 4330 801 4397; x_wconf 80' lang='lat' dir='ltr'><strong>Sarac</strong></span> <span class='ocrx_word' id='word_1_194' title='bbox 826 4329 933 4414; x_wconf 90' lang='lat' dir='ltr'><strong>ipsum</strong></span> <span class='ocrx_word' id='word_1_195' title='bbox 948 4329 1138 4412; x_wconf 89' lang='lat' dir='ltr'><strong>Magistrum</strong></span> <span class='ocrx_word' id='word_1_196' title='bbox 1153 4325 1259 4394; x_wconf 87' lang='lat' dir='ltr'><strong>Zoard</strong></span> 
     </span>
     <span class='ocr_line' id='line_1_30' title="bbox 130 4432 1258 4525; baseline -0.002 -25"><span class='ocrx_word' id='word_1_197' title='bbox 130 4433 348 4518; x_wconf 81' lang='lat' dir='ltr'><strong>personaliter</strong></span> <span class='ocrx_word' id='word_1_198' title='bbox 363 4437 396 4503; x_wconf 92' lang='lat' dir='ltr'><strong>in</strong></span> <span class='ocrx_word' id='word_1_199' title='bbox 413 4439 514 4506; x_wconf 88' lang='lat' dir='ltr'><strong>nostri</strong></span> <span class='ocrx_word' id='word_1_200' title='bbox 531 4438 700 4525; x_wconf 86' lang='lat' dir='ltr'><strong>presencia</strong></span> <span class='ocrx_word' id='word_1_201' title='bbox 723 4438 889 4505; x_wconf 89' lang='lat' dir='ltr'><strong>inuentum</strong></span> <span class='ocrx_word' id='word_1_202' title='bbox 919 4432 1106 4523; x_wconf 88' lang='lat' dir='ltr'><strong>prohibuit,</strong></span> <span class='ocrx_word' id='word_1_203' title='bbox 1122 4432 1258 4500; x_wconf 86' lang='lat' dir='ltr'><strong>eandem</strong></span> 
     </span>
     <span class='ocr_line' id='line_1_31' title="bbox 129 4527 1262 4630; baseline -0.001 -21"><span class='ocrx_word' id='word_1_204' title='bbox 129 4559 225 4609; x_wconf 85' lang='lat' dir='ltr'><strong>suam</strong></span> <span class='ocrx_word' id='word_1_205' title='bbox 243 4561 316 4609; x_wconf 89' lang='lat' dir='ltr'><strong>esse</strong></span> <span class='ocrx_word' id='word_1_206' title='bbox 332 4527 527 4612; x_wconf 81' lang='lat' dir='ltr'><strong>asserendo:</strong></span> <span class='ocrx_word' id='word_1_207' title='bbox 557 4543 736 4611; x_wconf 87' lang='lat' dir='ltr'><strong>amiciciam</strong></span> <span class='ocrx_word' id='word_1_208' title='bbox 763 4549 907 4613; x_wconf 86' lang='lat' dir='ltr'><strong>uestram</strong></span> <span class='ocrx_word' id='word_1_209' title='bbox 922 4541 1113 4630; x_wconf 86' lang='lat' dir='ltr'><strong>requirimus</strong></span> <span class='ocrx_word' id='word_1_210' title='bbox 1128 4559 1169 4607; x_wconf 86' lang='lat' dir='ltr'><strong>ex</strong></span> <span class='ocrx_word' id='word_1_211' title='bbox 1184 4539 1262 4608; x_wconf 83' lang='lat' dir='ltr'><strong>effe·</strong></span> 
     </span>
     <span class='ocr_line' id='line_1_32' title="bbox 130 4647 1261 4744; baseline 0.003 -29"><span class='ocrx_word' id='word_1_212' title='bbox 130 4653 196 4737; x_wconf 85' lang='lat' dir='ltr'><strong>ctu,</strong></span> <span class='ocrx_word' id='word_1_213' title='bbox 213 4657 373 4741; x_wconf 84' lang='lat' dir='ltr'><strong>quatenus</strong></span> <span class='ocrx_word' id='word_1_214' title='bbox 390 4651 474 4722; x_wconf 84' lang='lat' dir='ltr'><strong>detis</strong></span> <span class='ocrx_word' id='word_1_215' title='bbox 490 4652 707 4728; x_wconf 86' lang='lat' dir='ltr'><strong>testimonium</strong></span> <span class='ocrx_word' id='word_1_216' title='bbox 723 4661 877 4742; x_wconf 84' lang='lat' dir='ltr'><strong>restrum,</strong></span> <span class='ocrx_word' id='word_1_217' title='bbox 891 4673 1000 4721; x_wconf 81' lang='lat' dir='ltr'><strong>corum</strong></span> <span class='ocrx_word' id='word_1_218' title='bbox 1015 4669 1079 4738; x_wconf 84' lang='lat' dir='ltr'><strong>quo</strong></span> <span class='ocrx_word' id='word_1_219' title='bbox 1095 4647 1261 4744; x_wconf 87' lang='lat' dir='ltr'><strong>predictus</strong></span> 
     </span>
    </p>
   </div>
   <div class='ocr_carea' id='block_1_8' title="bbox 0 0 1590 5166">
    <p class='ocr_par' dir='ltr' id='par_1_8' title="bbox 0 0 1590 5166">
     <span class='ocr_line' id='line_1_33' title="bbox 0 0 1590 5166; baseline 0 0"><span class='ocrx_word' id='word_1_220' title='bbox 0 0 1590 5166; x_wconf 95' lang='lat' dir='ltr'><strong> </strong></span> 
     </span>
    </p>
   </div>
  </div>
 </body>
</html>
