3170 5166
647 319 810 418 *cos-

271 507 492 597 (Ktvetirezik
525 511 685 580 Lodomer
720 512 882 582 erseknek
916 516 1002 599 ncgy
1026 533 1065 578 az
1096 513 1293 598 esrtergami

156 617 322 702 aequatae
331 617 591 704 jogositranyait
607 624 763 706 targyazo
781 624 817 687 ts
834 624 903 686 mar
919 619 1029 686 kerolt
1045 619 1238 710 okmtnya.)

267 723 440 791 Pecierunt
464 725 574 810 itaque
603 727 705 812 ijdem
724 727 874 812 Magistri
904 727 1071 795 Johanncs
1088 729 1240 796 Decanus
1256 737 1292 796 et
1380 725 1385 740 ⁴

158 832 311 900 Andreas
328 853 385 916 pro
401 854 436 901 se
453 841 485 899 et
502 854 559 918 pro
591 834 744 922 predictis
777 835 926 903 discretis
958 835 1036 903 uiris
1054 835 1213 920 Magistro
1228 836 1293 904 Th.

157 939 332 1025 Proposito
349 949 381 1007 et
397 941 546 1026 Capitoio
570 943 804 1030 Strigoniensi,
837 945 975 1012 dominis
1000 944 1068 1010 suis
1078 995 1088 1031 ,
1115 943 1199 1029 quod
1217 946 1295 1028 quia

163 1049 311 1135 predicta
327 1057 464 1133 quatuor
479 1053 574 1138 paria
603 1054 782 1121 litterarum
797 1060 930 1140 propter
961 1049 1149 1120 discrimina
1165 1051 1294 1120 uiarum

164 1161 197 1222 et
210 1157 376 1225 maliciam
398 1161 550 1244 temporis
575 1161 720 1246 inpacati
736 1181 848 1228 secum
881 1165 1012 1246 portare
1028 1158 1249 1246 formidarent,
1263 1166 1297 1226 et

158 1271 312 1350 ,tempore
329 1273 496 1352 oportuno,
514 1287 571 1334 seu
591 1271 711 1353 ubique
734 1269 879 1336 locorum
895 1267 1061 1352 exhibere,
1077 1266 1196 1335 uostris
1212 1265 1296 1334 litte.

161 1373 208 1440 ris
225 1373 325 1440 inseri
342 1379 375 1439 et
389 1376 563 1442 transcribi
580 1376 621 1442 de
636 1377 736 1444 uerbo
765 1376 810 1442 ad
825 1375 958 1442 uerbum
974 1373 1174 1461 faceremus,
1208 1374 1296 1458 quod
1339 1389 1342 1394 “

152 1487 194 1544 et
209 1478 344 1546 fecimus
360 1482 522 1548 mediante
538 1485 671 1551 iusticia
693 1489 886 1551 annuentes.
905 1483 1024 1549 Datum
1040 1480 1074 1545 in
1092 1479 1175 1548 festo
1193 1482 1295 1566 Wyn-

154 1587 253 1654 cenci
269 1587 412 1656 martiris
429 1609 515 1656 anno
533 1589 665 1656 Domini
681 1589 829 1657 M⁰OCO⁰.

258 1781 310 1848 (Aa
325 1787 425 1838 eredeti
437 1783 503 1838 utin
516 1788 613 1839 Knuuu
627 1785 747 1851 Ndndor,
759 1788 875 1853 Magyar
888 1786 952 1836 Sion
966 1781 1087 1838 111.kct.
1100 1785 1160 1836 951.
1175 1784 1205 1852 l.)

624 2071 838 2082 -.--

688 2601 766 2668 266.
801 2646 802 2649 ¹

161 2797 564 2866 casamassancia
589 2799 865 2885 biaonyeoiplcoeic,
880 2800 962 2884 kopp
989 2799 1053 2864 Pa'l
1078 2799 1296 2867 Mariamme

146 2910 211 2992 ,fio
229 2907 370 2974 [hastae
386 2914 469 2970 accit
490 2905 628 2972 birtolcdt
638 2907 742 2972 Ochos
758 2907 915 2971 comanae
924 2906 1178 2992 dzdtapositottc.
1195 2907 1295 2976 1300.

282 3084 351 3151 Nos
368 3083 553 3168 Stephanus
570 3082 783 3150 miseracione
806 3082 931 3150 Dinina
954 3080 1065 3150 Abbas
1090 3079 1299 3151 Zaladiensis

157 3199 317 3275 ¹totusque
333 3190 520 3257 Conuentus
543 3189 687 3256 eiusdem
702 3189 767 3256 loci
792 3189 907 3256 damus
933 3209 992 3276 pro
1018 3189 1183 3276 memoria,
1211 3190 1300 3276 quod

163 3298 336 3368 constituti
366 3297 583 3383 personaliter
624 3316 730 3362 coram
772 3296 865 3364 nobis
892 3297 933 3363 ab
959 3315 1025 3362 una
1064 3301 1157 3381 parte
1181 3294 1298 3366 (tomes

153 3404 288 3490 «Ochum,
303 3423 344 3471 cx
361 3405 466 3471 altera
488 3424 567 3470 uero
593 3405 714 3470 Paulus
739 3403 826 3469 filius
850 3401 1029 3488 Muthmer3
1054 3400 1143 3469 idern
1167 3403 1295 3472 Paulus

161 3515 509 3599 possessioncmsuam
520 3509 664 3576 Vrustun
684 3517 835 3578 vocatam
846 3529 918 3577 cum
928 3510 1068 3578 onnibus
1077 3511 1299 3580 inutilitatibus

161 3619 234 3687 suis
251 3617 314 3684 eibi
330 3637 351 3682 a
365 3617 467 3684 fratre
483 3636 542 3684 suo
560 3616 684 3684 Oomitc
708 3616 851 3685 Geroldo
867 3618 952 3684 bone
968 3617 1122 3686 memorie
1137 3619 1297 3698 relictam,

153 3725 308 3794 asseruit
324 3745 360 3791 se
376 3723 439 3810 ipsi
457 3721 573 3791 Comiti
596 3725 705 3792 Ochus
723 3743 826 3808 usque
851 3723 895 3790 ad
921 3726 1159 3792 reuolucionem
1185 3724 1299 3791 decem

152 3851 328 3900 annorum
343 3851 402 3916 pro
418 3849 477 3898 sex
491 3831 610 3898 marcis
633 3832 762 3917 pignori
779 3831 968 3916 obligass05
985 3849 1066 3914 quas
1081 3849 1140 3898 sex
1165 3849 1299 3898 marcas

159 3941 257 4010 idem
272 3939 393 4006 Paulus
409 3939 452 4004 ab
468 3939 541 4024 ipso
558 3938 681 4006 Gemite
705 3939 814 4006 Ochuz
831 3939 913 4004 dixit
939 3937 1089 4022 plenarie
1114 3936 1299 4024 receptura

154 4051 353 4132 dictamen,
371 4045 458 4129 quod
484 4043 742 4130 quandocunque
766 4048 832 4113 iam
857 4045 978 4112 dictum
1002 4045 1141 4116 Paulum
1166 4049 1299 4130 cognati

150 4155 270 4243 :glotis
285 4174 343 4221 sue
359 4173 419 4240 pro
435 4153 510 4221 dote
526 4159 559 4223 et
576 4174 683 4222 rerum
707 4153 996 4242 paraphamalium
1011 4153 1046 4246 in
1072 4172 1206 4222 causam
1230 4161 1300 4222 tra·

149 4268 269 4348 erent,
294 4264 329 4330 in
346 4263 528 4345 quantitate
553 4269 749 4346 quantarum
780 4281 885 4328 rerum
917 4280 990 4328 cum
1016 4261 1098 4346 ipsis
1122 4261 1298 4330 conuenire

151 4376 290 4460 posset,
307 4368 423 4437 Comes
441 4367 551 4438 Ochuz
567 4389 638 4437 cnm
654 4370 723 4439 suis
740 4369 837 4438 rebus
863 4369 969 4456 ipsum
996 4367 1149 4456 expedire
1173 4368 1301 4436 tenebi-

157 4487 221 4546 tur
236 4477 270 4543 in
286 4476 454 4546 soluendo.
472 4477 543 4544 Hoc
567 4479 670 4546 eciam
686 4477 825 4565 adiecto,
841 4476 929 4561 quod
945 4475 1203 4561 quandocunque
1217 4480 1298 4546 tem·

148 4586 259 4676 poris
275 4604 335 4672 per
349 4585 589 4654 reuolucionem
606 4585 748 4672 ipsorum
762 4584 885 4654 decern
910 4603 1070 4676 annorum
1090 4584 1301 4670 supradictus
