3098 5172
818 236 978 338 Q

333 434 409 500 cher
433 431 598 502 antedicta
624 432 658 500 in
683 430 844 500 Comitatu
869 429 1102 520 vesprimiensi
1127 433 1311 520 existentis,
1341 436 1376 502 in
1401 455 1458 519 quo

335 541 460 610 seilicet
475 539 675 608 Mouasterio
690 537 841 623 religiose
858 538 989 608 domine
1006 539 1183 608 Abbatissa
1199 548 1230 608 et
1246 540 1409 610 moniales
1418 542 1456 610 iu·

332 647 417 735 giter
432 651 505 717 Deo
521 648 718 717 famulantes
734 653 981 734 commorantur,
998 649 1206 736 presentibus
1216 649 1396 716 venerabili
1409 670 1458 736 pa·
1528 655 1529 734 ᾖ

333 766 381 826 tre
396 756 590 827 Lodcmerio
605 754 860 842 Archiepiscopc
885 755 1098 841 strigoniensi
1124 764 1157 824 et
1181 755 1258 842 alijs
1283 755 1458 826 Batonibus

334 873 367 934 et
381 865 543 934 nobilibus
558 864 665 950 Regni
679 865 783 932 nostri
799 865 901 951 pecijt
916 864 979 932 sibi
997 863 1078 932 dari.
1096 862 1165 932 Nos
1181 863 1283 950 igitur
1310 865 1456 934 deuotam

332 974 429 1043 iidem
446 984 479 1042 et
493 975 654 1043 sinceram
670 970 892 1062 nanceianum,
909 973 1035 1042 Oororm
1050 971 1150 1056 Regie
1166 980 1200 1040 et
1223 974 1319 1042 nobis
1343 975 1379 1042 in
1401 972 1456 1040 ier·

334 1104 411 1152 nore
426 1081 593 1152 fidelitatis
608 1100 671 1167 per
686 1080 793 1167 ipsum
810 1079 966 1148 Comitem
992 1081 1167 1148 Martinum
1193 1100 1319 1168 semper
1343 1081 1457 1168 impen-

333 1212 404 1258 sam
421 1198 453 1260 et
468 1190 588 1276 iugiter
613 1189 793 1256 exhibitam
818 1189 1033 1278 attendentes,
1065 1209 1136 1258 oum
1164 1191 1314 1258 omnibus
1338 1191 1456 1258 iuribus

334 1298 438 1388 ipsius
452 1297 658 1381 Patronatus,
676 1305 771 1383 prout
797 1296 886 1382 apud
912 1297 1119 1366 Maiestatem
1147 1305 1289 1366 nostram
1315 1299 1456 1384 Regiam,

333 1414 366 1472 et
380 1404 643 1490 predecessorum
669 1411 848 1472 nostrorum
874 1403 1052 1472 illustrium
1076 1406 1202 1490 Regum
1225 1407 1394 1492 Hungarie
1418 1403 1453 1472 di·
1529 1401 1530 1480 ξ

331 1513 473 1582 noscitur
489 1513 590 1584 inisse
606 1519 648 1584 ab
664 1513 810 1602 antiquo,
828 1511 977 1582 dedimus
993 1521 1027 1582 et
1053 1515 1251 1584 tradidimus
1276 1516 1383 1586 eidem
1405 1515 1455 1582 (io-

332 1621 402 1690 miti
417 1621 556 1689 iliartino
572 1629 608 1688 ut
624 1640 700 1691 uero
717 1627 749 1689 ct
763 1621 909 1706 legitimo
926 1627 1075 1709 patrono,
1093 1631 1126 1690 et
1141 1643 1200 1710 per
1216 1645 1289 1692 eum
1315 1624 1396 1692 suis¹
1410 1623 1456 1690 hc·

330 1726 471 1814 redibas,
502 1729 721 1812 heredumque
750 1747 882 1798 suorum
917 1729 1176 1818 successoribus,
1203 1729 1455 1814 deffendendum,

333 1837 566 1924 protegendum
583 1845 616 1906 et
631 1838 757 1924 pariter
773 1837 1048 1924 conseruandum;
1077 1859 1172 1908 omne
1198 1847 1230 1908 ct
1255 1840 1388 1927 plenum
1408 1842 1458 1924 jus

333 1944 529 2014 Patronatus
547 1946 651 2032 ipsius
665 1945 869 2033 Monasterij‚
887 1946 972 2014 sicut
998 1946 1087 2034 apud
1113 1967 1172 2014 nos
1199 1955 1231 2015 ct
1256 1947 1456 2031 predecesso‘

333 2075 385 2124 res
400 2062 528 2122 nostms
544 2053 613 2133 init,
629 2054 663 2121 in
679 2054 818 2122 eundem
835 2053 992 2124 Comitem
1017 2055 1194 2122 bitettinum
1220 2063 1252 2122 et
1276 2075 1352 2124 suos
1376 2053 1457 2121 herc·

332 2161 401 2252 des,
418 2162 606 2232 attendente
621 2171 655 2234 et
668 2163 906 2232 intameniente
921 2162 1066 2232 eiusdem
1082 2164 1280 2231 venerabilis
1296 2163 1398 2249 patris
1406 2164 1455 2229 dc·
1530 2219 1531 2226 ,

331 2270 411 2339 mini
440 2269 621 2357 Lodcmerij
647 2271 895 2359 Arobiepiseopi
920 2271 1153 2358 Strigoniensis
1179 2293 1348 2361 consensu,
1374 2273 1457 2339 cuius
1530 2261 1531 2304 3

331 2380 466 2448 interest
481 2379 679 2450 Monasteria
694 2389 728 2447 et
742 2381 909 2453 Ecclesiae
925 2380 1067 2465 Regalcs
1083 2380 1116 2445 in
1133 2381 1202 2447 suis
1230 2381 1453 2466 eleccionibus,

331 2506 390 2554 seu
406 2485 439 2553 in
456 2488 674 2558 translacione
690 2485 826 2574 dominij
844 2486 1027 2556 huiusmodi
1039 2487 1125 2572 Juris
1139 2489 1339 2557 Patronatus
1354 2497 1457 2556 auctu

332 2595 429 2662 ritate
460 2595 698 2682 metropolitica
728 2595 928 2681 confirmare,
953 2615 1044 2683 pure,
1070 2595 1176 2664 solide
1200 2603 1234 2664 ct
1259 2597 1458 2683 solempniter

331 2698 577 2772 transferentes.
596 2705 634 2770 in
649 2702 741 2771 cuius
767 2703 815 2771 rei
840 2704 1025 2772 memoriam
1051 2710 1310 2791 perpetuamque
1335 2705 1457 2772 firmita-
1531 2783 1532 2790 ἵ

330 2817 396 2877 tem
411 2817 577 2895 presentes
604 2812 823 2882 concessimus
848 2811 1010 2898 duppliois
1035 2811 1137 2895 etgilli
1161 2813 1264 2878 nostri
1291 2814 1457 2881 munimine

331 2918 507 2987 roboratas.
523 2921 642 2988 Datum
658 2939 718 3005 per
734 2940 850 2988 manus
867 2918 1064 2987 venerabilis
1080 2919 1142 2985 viri
1157 2919 1306 3003 Magistri
1318 2919 1456 3004 Gregorij
1531 2903 1532 2944 ³

330 3025 434 3092 Electi
450 3026 485 3093 in
500 3026 651 3095 Albensis
668 3027 815 3096 Ecclesia
830 3034 941 3097 nostre
956 3028 1157 3114 Propositum
1168 3027 1243 3093 aule
1253 3035 1363 3096 nostre
1373 3029 1456 3094 Vice

330 3132 525 3221 cancellarij
542 3133 653 3202 dilecti
670 3143 703 3202 et
718 3135 823 3204 fidelis
839 3135 941 3204 nostri
968 3153 1052 3202 anno
1068 3135 1201 3202 Domini
1217 3133 1338 3202 bi0000
1362 3155 1457 3201 nona·

218 3271 224 3276 ·
334 3240 459 3324 gesimo
475 3242 623 3329 septimo,
639 3243 745 3344 licgni
761 3249 869 3310 autem
884 3241 986 3310 nostri
1003 3262 1090 3310 anno
1106 3241 1255 3328 septimo.

330 3437 471 3508 (Eredetie
483 3435 649 3507 bb'rhirtydn
662 3439 710 3493 lsdt
722 3437 904 3508 pdldinyban,
917 3457 935 3492 a
946 3436 1105 3508 adid-sirpe
1117 3438 1146 3492 es
1169 3442 1326 3493 verda-ubid
1351 3440 1460 3505 seiyem·

332 3523 462 3579 ssiudron
476 3525 586 3596 iilggbtt
598 3527 726 3596 pcesdteir
740 3531 897 3594 eivesutek3
911 3545 929 3580 s
941 3527 1044 3585 tbmtlt.
1059 3530 1102 3596 hg.
1116 3529 1285 3597 Eszterirdsy
1309 3527 1459 3604 caelidis·

792 3615 1002 3688 lavditdrdbsu.)
