3098 5172
579 307 738 418 *ms-

93 499 303 574 rloluomines
329 523 388 593 per
404 504 556 594 exempla
579 507 813 594 informantur,
839 503 1112 592 quemadmodum
1138 519 1218 576 oens

93 611 338 699 impressionem
354 613 508 700 imaginis
534 616 649 702 recipit
673 635 713 683 ex
731 615 862 701 sigillo;
879 622 915 683 ut
930 614 1099 684 fidelitatis
1115 614 1218 702 ipsius

94 719 230 788 Comitis
245 719 396 787 Lndinlai
411 719 554 805 uestigia
578 722 623 788 ad
642 729 791 808 posteros
800 772 809 806 ‚
835 723 892 806 qui
908 722 1026 796 futuris
1041 729 1220 791 nascentur

94 825 588 914 temporibustransmittsmus,
615 830 744 913 aliquos
770 849 812 895 ex
827 829 895 898 suis
911 831 1061 914 actibus,
1078 832 1139 898 etsi
1155 849 1221 896 non

95 954 214 1019 omnes,
229 935 379 1002 nolumus
395 934 428 1000 in
444 935 650 1022 presentibus
666 935 836 1022 explicari.
854 935 934 1003 (inm
952 938 1062 1018 enim,
1093 944 1130 1005 nt
1144 936 1221 1004 inde

93 1038 309 1126 exordiamur,
327 1041 478 1110 dominus
496 1041 669 1110 Ladinlaus
697 1041 863 1127 quondam
888 1041 1028 1112 illustris
1042 1045 1114 1110 Rex
1130 1044 1219 1110 Hun-

93 1147 182 1230 garie
198 1148 368 1233 ingressus
384 1145 501 1217 fuisset
515 1151 666 1218 uniuerse
692 1150 779 1216 uiam
796 1149 903 1218 carnis
912 1199 922 1235 ,
940 1156 974 1220 et
989 1149 1140 1219 dominus
1155 1147 1220 1216 An-

93 1253 198 1342 trem,
214 1253 409 1322 karissimus
425 1262 536 1324 noster
551 1255 657 1343 filius,
684 1277 749 1324 non
765 1257 867 1326 armis
884 1257 1021 1346 bellicis,
1036 1278 1103 1326 non
1117 1257 1220 1324 insul·

93 1359 176 1427 tibus
192 1360 358 1447 uiolentia,
375 1381 437 1429 nec
454 1361 563 1447 aliquo
572 1362 689 1447 quouis
706 1363 847 1430 hnmano
863 1363 1009 1451 iugenio,
1024 1364 1085 1432 seri
1100 1364 1220 1432 solnm·

92 1465 185 1536 modo
202 1468 329 1536 Diuina
343 1466 476 1537 fauente
491 1471 697 1557 gracia,'ipsi
722 1469 852 1538 domino
867 1470 1024 1538 Ladinlao
1039 1471 1219 1540 successis-

91 1579 138 1640 set
152 1572 187 1640 in
202 1573 309 1660 Regni
339 1576 460 1644 solium
472 1626 482 1662 ,
508 1575 572 1643 sibi
598 1575 741 1644 debitum
766 1578 835 1644 iure
853 1597 892 1644 ac
918 1577 1031 1644 ordine
1059 1577 1219 1663 geniture,

91 1679 258 1764 predictus
277 1684 393 1752 Comes
408 1683 583 1752 Ladizlaus
608 1685 714 1752 eidem
731 1686 798 1754 tilio
815 1694 927 1754 nostro
944 1685 1150 1753 fidelissimos
1167 1705 1220 1750 ex-

91 1783 193 1853 hibuit
206 1785 395 1857 famulatus.
413 1790 566 1858 Preterea
582 1812 654 1858 eum
680 1791 847 1860 lohannes
878 1791 964 1858 filius
983 1792 1110 1859 Herrioi
1127 1791 1211 1858 Bani

94 1912 199 1978 praue
217 1895 431 1978 cogitationis
455 1897 619 1964 desideria
642 1897 675 1964 in
701 1906 825 1966 secreto
849 1897 900 1964 aui
925 1897 1032 1964 cordis
1058 1904 1221 1984 concepta

92 1997 179 2066 foras
197 1998 230 2066 in
248 2022 329 2088 opus
344 2003 520 2090 perducere
536 2026 602 2072 non
619 2003 815 2091 formidans,
831 2004 889 2098 sed
905 2004 1075 2072 atrocitate
1091 2004 1223 2072 orrendi

94 2106 234 2176 criminis
250 2117 316 2177 tam
333 2131 368 2178 se
385 2131 482 2196 qnam
498 2132 575 2180 suos
592 2121 753 2198 posteros
769 2112 974 2198 maculando,
990 2112 1024 2178 in
1040 2113 1156 2196 quibus
1165 2131 1222 2198 pa-

92 2213 133 2281 ris
150 2216 457 2307 seolerisexempta
472 2226 667 2302 metuuntur,
686 2221 796 2305 ipsum
807 2222 928 2304 Regem
938 2217 1221 2304 Andrecm,domi-

92 2342 163 2389 num
174 2344 268 2392 sunm
278 2328 470 2414 naturalem,
481 2334 611 2415 captate
621 2328 862 2416 opportunitate
872 2329 1037 2418 temporis,
1056 2327 1221 2396 fidemsec

90 2427 618 2523 fidelitatemuiolandopollicitam
639 2437 859 2522 captiuasset3
886 2443 1079 2504 memoratus
1105 2435 1222 2502 (lomes

89 2537 319 2628 ladizlaus,nt
341 2543 445 2628 Regin
459 2543 647 2612 Sublimitas
663 2553 787 2629 posset
803 2565 824 2611 a
839 2543 1066 2632 laqueis-eripi
1082 2549 1150 2610 tam
1165 2541 1222 2608 im·

94 2649 184 2737 probi
209 2647 396 2731 detentoria
423 2669 515 2718 suam
540 2670 673 2736 operam
690 2657 722 2718 et
738 2649 989 2719 sollicitudinem
1004 2671 1070 2718 non
1099 2649 1224 2720 destitit

98 2757 261 2844 exhibere,
278 2765 393 2826 etcum
403 2757 713 2828 fraudulentahuius
728 2759 864 2826 uiolenti
888 2759 1014 2828 astucia
1038 2781 1060 2828 a
1083 2759 1150 2828 suis
1173 2756 1221 2824 la-

95 2864 186 2951 queis
212 2863 448 2934 Oelsitudinem
472 2873 663 2951 pauesceret
682 2866 844 2934 remittere
872 2867 1021 2957 Regiam,
1045 2865 1108 2935 nisi
1133 2883 1223 2934 secu·

86 2975 182 3040 ritute
205 2972 354 3042 datorum
364 2973 512 3042 obsidum
522 2975 710 3068 muniretur,
726 2974 894 3060 sepefatus
911 2993 1019 3042 eomes
1050 2973 1222 3041 Ladinlaus

87 3079 232 3166 predicto
246 3081 390 3150 Jolranni
414 3081 498 3149 liber
524 3089 556 3149 et
579 3089 778 3168 spontaneus
795 3102 830 3150 se
848 3080 938 3149 dedit
951 3083 985 3147 in
1015 3081 1170 3166 obsidem,
1187 3084 1223 3146 ut

88 3188 198 3274 iugum
224 3189 398 3258 detentoria
416 3188 546 3258 orrendi
557 3189 661 3274 Regia
675 3191 779 3276 possit
795 3186 934 3256 euadere
961 3188 1144 3274 Cetrium,
1161 3207 1222 3255 nco

90 3295 186 3367 aliter
201 3320 223 3365 a
247 3299 393 3386 predicto
418 3299 572 3383 Magistro
598 3298 749 3367 Johunne
763 3296 848 3364 idem
865 3299 980 3366 Comes
994 3296 1170 3364 Ladizlaus
1186 3316 1223 3364 se

88 3403 232 3476 liberare
247 3407 362 3494 potuit,
378 3405 442 3472 nisi
467 3405 613 3474 ducentis
627 3406 747 3474 marcis
762 3425 821 3491 pro
846 3426 907 3474 sua
921 3403 1133 3494 {liberaoione
1159 3403 1223 3488 pri·

84 3516 185 3584 mitus
205 3515 399 3600 persolutis,
415 3513 589 3600 quemdam
615 3513 843 3582 nichilominus
860 3515 959 3582 tilium
974 3533 1066 3582 sunm
1082 3511 1156 3580 loco
1173 3513 1224 3580 sui

87 3645 146 3711 pro
173 3623 290 3692 obside
314 3621 545 3706 relinquendo;
573 3621 629 3689 rbi
646 3621 750 3689 dictus
785 3641 867 3708 puer
897 3627 1028 3708 propter
1059 3618 1223 3686 maliciam

86 3730 232 3799 aierisin
257 3729 472 3814 egritudinem
494 3728 652 3814 incidens,
678 3735 857 3797 extremum
866 3729 953 3797 diem
963 3728 1092 3797 elausit
1102 3725 1154 3792 Ad
1164 3726 1224 3792 heo

87 3857 161 3904 cum
178 3837 272 3920 llice,
290 3835 453 3920 quondum
471 3835 663 3921 Palatinus,
694 3841 836 3904 castrum
862 3835 1018 3903 Zeckchu
1043 3841 1156 3902 contra
1170 3853 1225 3900 no·

84 3951 187 4012 stram
205 3943 367 4012 detineret
382 3944 596 4031 Maiestatem,
614 3942 779 4029 sepefatus
796 3943 919 4011 Comes
933 3938 1105 4010 Ladirluus
1121 3942 1154 4009 in
1170 3941 1226 4009 ob·

89 4053 238 4119 sessione
255 4071 314 4118 seu
329 4052 581 4138 expugnatione
600 4050 677 4118 dicti
703 4050 803 4118 castri
820 4069 961 4118 unacum
980 4049 1115 4117 Nicolao
1131 4049 1224 4116 Pala

84 4159 154 4226 tino
171 4157 384 4228 laudabiliter
399 4159 551 4246 perstitit,
568 4158 672 4226 donec
687 4156 875 4226 huiusmodi
892 4155 1087 4244 'negocium
1128 4159 1215 4225 bono

84 4259 271 4336 inchoatum
287 4266 458 4356 principio,
484 4267 550 4334 fine
577 4267 637 4335 fuit
660 4265 796 4336 feliciori
823 4272 1092 4334 consummatum.
1119 4265 1160 4330 itt
1185 4263 1223 4330 li·

83 4384 135 4443 cet
151 4384 353 4444 memoratus
369 4376 484 4444 Comes
500 4373 676 4443 Ladinluus
702 4395 760 4462 pro
784 4373 934 4443 fidelibus
959 4370 1135 4457 obseqnijs,
1167 4391 1225 4457 pro

83 4482 230 4550 strenuis
241 4483 380 4573 actibus,
390 4504 448 4570 pro
459 4502 590 4551 suarum
600 4481 800 4550 documentis
812 4481 1008 4568 probitatum
1019 4478 1116 4564 longe
1126 4481 1226 4550 maio

86 4588 934 4694 tibusunnificeucijsessetdiguusptsmenutuotis
955 4583 1227 4676 eiuratiquentiu-
