3170 5166
623 227 852 326 23³2..

206 429 332 508 partes.
350 424 392 488 Et
408 424 437 488 si
453 441 565 489 omnes
582 421 695 489 arbitri
719 421 880 488 interesse
910 439 976 487 non
1007 425 1151 505 possent,
1182 438 1267 486 unns
1297 422 1345 484 ab

205 549 272 596 una
289 533 393 616 parte,
410 535 443 597 ct
458 528 543 596 alter
560 531 602 595 ab
618 529 696 615 alia,
714 527 769 612 qui
784 533 953 612 presentes
970 525 1100 614 luerint,
1116 525 1283 594 sufficiant
1297 525 1341 592 ad

207 636 377 704 arbitrium
392 635 579 703 iaciendum
591 657 603 725 ;¹
615 643 647 702 et
663 635 706 725 si
733 656 798 720 qua
814 633 962 719 parcium
977 633 1019 701 de
1034 634 1171 702 arbitrio
1186 631 1342 720 rosilirer,

205 743 361 810 indicium
381 743 508 812 soluere
525 747 682 810 teneatur.
699 743 819 808 Datum
836 744 870 808 in
888 741 1031 810 crastino
1046 742 1139 808 Beati
1154 739 1270 826 Blasij.

313 851 365 916 Ki
380 861 433 916 rt
444 851 472 915 l:
488 849 592 937 Super
608 849 866 918 reambulacione
883 856 970 918 terre
988 848 1085 917 Bosol
1101 847 1135 912 in
1168 845 1343 932 quindenis

206 955 309 1040 medij
337 955 464 1024 XLme
496 964 609 1024 contra
639 957 830 1043 Magistrum
861 955 1053 1022 Corlardum
1085 976 1142 1039 pro
1174 955 1277 1022 Paulo
1308 961 1341 1020 et

208 1061 333 1146 (iurgb.

206 1258 350 1323 (Ercdetie
365 1257 567 1325 bdrhdrtydn,a
579 1258 857 1326 peosetclvesactt3a
879 1277 914 1310 m.
937 1260 963 1310 b.
989 1256 1086 1324 serry
1110 1253 1204 1310 csaldd
1227 1253 1341 1310 revorta-

721 1347 840 1414 rabam).

667 1613 880 1626 Μ

739 2053 817 2121 294.

206 2250 239 2316 A
250 2255 344 2338 po'csr'
359 2253 589 2337 leo'ptolooaole
605 2251 983 2342 b·iaooysdgicaele,b09y
998 2254 1137 2340 Komeiay
1145 2265 1256 2322 mester
1270 2257 1340 2322 Bo·

205 2381 423 2447 roayamegye
437 2359 677 2448 fdiapciojdaole
691 2360 891 2427 kdzbcsitctte
906 2385 927 2427 a
953 2363 1080 2450 tir-alpi
1110 2363 1339 2450 okmciayolcot,

210 2467 385 2552 melyelrkel
400 2468 540 2534 Kourdol
555 2477 666 2534 mester
698 2472 727 2532 ἑο
757 2469 888 2534 emborec'
904 2471 1018 2536 cecat
1050 2473 1340 2559 tdroenybotdadpo

521 2573 588 2640 ctol
597 2569 822 2658 felmeatetlele.
839 2555 889 2640 Mo
906 2577 1025 2642 oclttl.
1070 2596 1075 2605 ·

314 2771 382 2837 Nos
407 2770 591 2854 Capitulum
616 2769 976 2856 Quinqueeoclesiensis
1008 2749 1153 2842 Ecclesia
1185 2775 1338 2842 memorie

205 2877 478 2964 commendamus,
495 2879 581 2967 quod
597 2898 656 2946 nos
682 2879 820 2965 receptis
852 2877 973 2944 litteris
1005 2877 1128 2946 domini
1159 2881 1258 2964 Regis
1290 2881 1333 2948 ad

205 2985 395 3053 mandatum
412 2983 558 3054 eiusdem
575 2985 752 3062 discretum
768 2986 874 3052 uirum
890 2976 1081 3068 Magistrum
1109 2985 1281 3053 Nicolaum
1298 2989 1340 3056 de

205 3091 373 3178 Nempthy
389 3094 642 3162 concanonicum
658 3099 801 3160 nostrum
834 3093 877 3158 ad
909 3091 1102 3175 Magistrum
1133 3091 1257 3160 Kemen
1283 3095 1340 3162 Co·

205 3198 318 3265 mitem
334 3197 376 3264 de
392 3200 524 3267 Barana
540 3199 630 3268 etad
655 3207 794 3284 quatuor
824 3200 959 3268 Judiees
990 3197 1157 3266 Nobilium
1190 3198 1337 3270 eiusdem

207 3305 557 3375 Comitatusduximus
572 3307 865 3390 transmittendum,
882 3315 918 3374 ut
932 3307 1005 3392 ipse
1030 3312 1178 3394 patentes
1205 3307 1331 3378 litteras

208 3413 334 3482 domini
349 3413 479 3481 Andree
493 3414 591 3500 Regis
607 3436 769 3504 supereo,
787 3416 873 3502 quod
889 3414 1040 3481 dominus
1054 3416 1124 3482 Rex
1148 3416 1340 3500 Magistrum

206 3519 415 3606 Corrardum,
432 3519 582 3588 etlilium
599 3542 691 3590 snum
709 3521 868 3588 Comitem
884 3519 1054 3606 Jacobum,
1089 3519 1257 3608 officiales,
1275 3543 1340 3589 ser-

206 3630 345 3715 uientes,
380 3635 412 3695 et
428 3627 617 3715 iobagioncs
640 3632 816 3699 eorundem
832 3630 875 3698 ab
890 3627 1119 3696 iurisdicoionc
1145 3651 1203 3697 seu
1220 3652 1242 3698 a
1257 3630 1338 3699 iudi-

205 3738 257 3804 cio
276 3735 410 3804 Comitis
428 3735 469 3802 de
484 3739 616 3806 Barana
633 3740 788 3806 exemerit
818 3735 1013 3822 excipiendo
1045 3737 1230 3822 consectas;
1261 3740 1340 3808 item

204 3844 299 3911 aliud
316 3864 375 3929 par
391 3842 574 3912 litterarum
591 3845 762 3912 recolende
777 3841 1021 3912 recordacionis
1046 3841 1168 3911 domini
1193 3843 1339 3917 Ladizlai

205 3951 306 4036 Regis
322 3951 383 4017 sub
399 3951 513 4018 eodem
531 3957 644 4018 tenore
667 3953 890 4020 confectarum
908 3949 1055 4017 exiberet
1070 3949 1215 4036 eisdem3
1240 3951 1339 4020 idem·

204 4080 269 4143 que
285 4059 391 4126 socius
408 4067 520 4126 noster
536 4057 580 4124 ad
595 4077 655 4126 nos
672 4058 803 4128 rediens
822 4057 916 4127 nobis
949 4057 1041 4144 dixit,
1073 4055 1161 4140 quod
1199 4057 1271 4142 ipse
1302 4061 1339 4129 in

204 4165 290 4233 iesto
306 4165 417 4233 Sancti
445 4163 534 4232 Galli
551 4167 751 4234 contessoris
777 4165 943 4252 predictas
974 4165 1101 4233 litteras
1132 4164 1337 4235 dominorum

203 4272 381 4339 illustrium
398 4274 522 4356 Regum
539 4273 708 4358 Hungarie
724 4274 848 4342 exibuit
863 4272 1010 4359 predicto
1026 4273 1183 4356 Magistro
1214 4273 1340 4342 Kemen

205 4379 325 4447 Comiti
343 4378 384 4446 de
401 4379 545 4462 Barnea,
563 4401 643 4464 quas
661 4381 790 4465 quidem
806 4381 933 4448 litteras
951 4379 1022 4467 ipse
1037 4379 1197 4464 Magister
1213 4381 1338 4448 Kemen

203 4486 376 4572 respondit
393 4494 597 4574 reuerenter3
616 4486 702 4573 quod
718 4489 750 4555 in
766 4489 828 4572 hys
859 4497 893 4554 et
923 4492 957 4554 in
988 4485 1137 4554 omnibus
1169 4485 1334 4557 mandatis

252 4618 357 4656 nonum.
373 4619 458 4658 nunc.
475 4621 547 4660 rursu.
563 4629 608 4642 -
623 4623 734 4660 urrxorr.
752 4617 789 4660 18.
1136 4598 1179 4662 28
1254 4612 1260 4620 “
