3132 5162
769 277 925 378 „22-

285 471 427 554 ipsorum
445 471 557 538 eodem
574 471 627 538 die
644 477 676 539 et
692 474 762 538 loco
780 473 885 540 extitit
910 477 1131 560 interemptus,
1157 475 1358 564 admisimus,
1381 484 1412 545 et

289 580 511 666 priuilegiales
526 600 566 646 ac
582 587 729 666 patentes
745 583 873 648 litteras
898 583 1011 650 fratris
1028 583 1129 650 nostri
1155 586 1321 652 karissimi
1345 606 1410 653 non

289 697 441 773 cassatas,
460 709 525 756 nou
540 691 689 775 abolitas,
714 710 776 754 non
794 691 1003 776 cancellatas,
1029 712 1096 757 non
1119 693 1267 780 abrasas,
1294 714 1353 759 uec
1377 695 1411 760 in

271 800 399 883 ,aliqaa'
414 800 464 864 sui
491 804 584 883 parte
601 799 746 885 viciatas,
762 804 852 868 rates
870 799 1028 866 babentes
1044 807 1076 868 et
1086 802 1302 886 acceptanda
1316 804 1418 869 uerbo·

290 907 333 972 ad
348 908 482 974 uerbum
497 909 703 994 presentibus
717 907 816 974 inseri
832 909 981 975 faciendo
997 909 1192 976 auctoritate
1209 912 1413 995 presencium

291 1019 504 1084 confirmanus
519 1016 661 1100 duplicis
677 1017 778 1101 sigilli
796 1017 896 1082 nostri
913 1016 1089 1084 munimine
1120 1019 1315 1085 roboranda
1352 1021 1414 1084 Da·

291 1133 358 1192 tum
377 1145 433 1208 per
449 1144 563 1190 manus
580 1124 713 1190 discreti
730 1127 790 1192 viri
817 1125 966 1208 Magistri
998 1123 1135 1192 'l'eodori
1155 1123 1239 1214 (lgy)
1256 1127 1414 1212 Prepesiti

294 1232 440 1298 Ecclesie
450 1230 611 1318 Albensis,
623 1233 699 1299 aule
717 1239 825 1299 nostre
842 1233 920 1300 Vice
931 1234 1127 1318 Cancellarij
1140 1234 1250 1300 dilecti
1263 1239 1296 1299 ct
1310 1233 1415 1301 fidelis

292 1342 393 1408 nostri
411 1359 495 1404 anno
512 1338 642 1405 Domini
658 1337 775 1407 Modo
792 1341 1003 1423 nonagesimo
1029 1341 1144 1428 primo,
1170 1331 1275 1425 Regni
1307 1348 1413 1407 autem

293 1450 393 1516 nostri
410 1469 495 1516 anno
512 1445 653 1515 secundo
670 1448 777 1534 pridie
794 1449 871 1516 Idus
886 1450 1085 1516 Decembris.

295 1648 434 1714 (Eredetie
446 1643 621 1712 bb'rhdrtyin,
635 1649 762 1713 melynelr
772 1647 941 1715 pecsdtjdbo'l
952 1649 1020 1700 enak
1033 1665 1050 1699 a
1062 1645 1215 1714 adid-carga
1227 1648 1415 1714 relyemrrsinor

500 1751 616 1804 megvau
628 1737 694 1800 mar,
708 1755 725 1790 s
737 1755 823 1791 nemz.
836 1755 957 1791 mazeum
970 1735 1213 1806 kdairattdriban.)

753 2041 963 2053 ’.ι-η-

851 2541 902 2607 lt.

297 2740 361 2809 III.
380 2745 490 2808 Ecdrc
506 2743 615 2828 ltroly
631 2744 811 2827 crepet-dadi
827 2743 883 2806 IV.
902 2743 1017 2806 Ldsclo'
1043 2739 1217 2825 birollynolc
1236 2737 1329 2824 Sylla
1343 2739 1423 2822 hely·

298 2856 379 2938 stipat
394 2855 547 2938 tdrpycco
562 2851 758 2934 odomdnpdt
780 2849 927 2914 Tr'vodor·
942 2860 1054 2914 creator
1070 2847 1337 2934 szolreds'ebercdri
1348 2849 1421 2932 pre'·

570 2969 645 3042 post
661 2959 692 3021 ds
708 2959 854 3023 testvdrei
870 2961 1030 3024 szdmdra.
1049 2956 1147 3020 1291.

404 3171 553 3240 Andreas
564 3173 624 3240 Dei
641 3173 754 3257 gracia
765 3171 943 3256 Hungaria
955 3169 1135 3256 Dalmaeie‚
1152 3169 1296 3253 Croacie,
1313 3168 1424 3250 Rama,

299 3284 421 3368 Seruis,
454 3280 593 3348 Gallicis
620 3281 821 3368 Lodomerie,
839 3279 997 3346 Cumanis
1015 3278 1233 3362 Bulgarieque
1261 3279 1330 3343 Rex
1356 3277 1426 3341 vui-

299 3392 402 3458 uersis
420 3389 538 3456 Christi
555 3388 702 3455 fidelibus
719 3395 786 3454 tam
804 3387 1010 3473 presentibus
1027 3383 1258 3469 quam-futuris
1286 3402 1423 3468 presens

297 3497 452 3582 scriptum
469 3495 661 3579 inspecturis
678 3495 814 3562 salntem
831 3495 865 3560 in
881 3493 998 3561 salutis
1014 3494 1179 3576 largitore.
1198 3490 1428 3558 Adrninerso·

299 3629 369 3674 rum
386 3603 539 3672 noticiam
567 3611 678 3670 tenore
709 3602 914 3687 presencium
946 3601 1094 3667 volumus
1125 3599 1306 3684 peruenire,
1339 3599 1430 3682 qood

300 3737 371 3782 cum
388 3721 500 3780 contra
515 3711 683 3778 Albertnm
700 3713 824 3778 Ducem
840 3711 974 3776 Austric
989 3709 1089 3776 lilium
1102 3709 1197 3789 Regis
1210 3710 1430 3774 Romanorum

300 3844 358 3908 pro
375 3821 494 3888 iniuria
509 3821 601 3887 nobis
617 3819 712 3886 illata
729 3825 874 3885 nostrum
892 3817 1065 3885 exercitum
1082 3817 1325 3898 arnonisscmus,
1343 3813 1431 3880 etad

301 3930 520 3998 venerabilem
536 3927 718 3996 Ecclesiam
733 3935 879 3994 nostram
904 3925 1077 3994 Albcuscm
1105 3943 1164 4009 pro
1190 3921 1351 3990 elenando
1378 3943 1432 3988 ve-

300 4040 381 4106 xillo
398 4045 506 4106 nostro
538 4037 797 4121 accessissemus,
830 4036 985 4117 Magister
1016 4031 1206 4098 Theodorus
1238 4029 1427 4115 Propositus

301 4146 446 4215 eiusdem
462 4145 610 4212 Ecclesia
626 4149 734 4210 nostre
751 4141 915 4227 Albensis,
934 4141 1007 4206 aule
1033 4147 1141 4206 nostre
1168 4138 1432 4206 Vico-Camella-

300 4255 376 4335 rina,
395 4251 804 4320 ComesLadinlausfrater
827 4248 981 4336 eiusdem,
1001 4255 1032 4316 el
1048 4247 1204 4315 Nicolaus
1222 4246 1305 4313 filins
1321 4243 1429 4311 (lomi-

301 4362 342 4428 tis
359 4363 488 4430 Nicolai
502 4363 588 4428 filius
603 4360 711 4427 fratris
729 4359 902 4426 eorundem
920 4358 963 4423 ad
990 4365 1132 4424 nostram
1150 4354 1341 4422 accedentes
1357 4373 1432 4439 pre

300 4471 444 4536 sanciam
462 4467 787 4536 exhibuerunt'nobis
804 4467 1011 4554 priuilegium
1036 4464 1134 4549 Regis
1161 4463 1311 4529 Ladizlai
1336 4463 1427 4528 clarc

301 4575 454 4646 memorie
469 4575 627 4664 patruclis
643 4573 873 4658 iratrisnostri,
884 4592 982 4660 super
997 4571 1176 4643 collacione
1194 4608 1232 4618 -
1252 4607 1295 4618 -
1305 4590 1337 4634 m
1347 4575 1434 4635 terre
