3112 5158
799 245 959 340 *rne-

317 456 444 504 sorores
459 435 499 504 dc
515 435 628 506 Insula
643 435 784 520 Virginis
802 433 949 503 Gloriose
964 455 1061 521 super
1076 437 1227 503 libertate
1253 437 1442 522 populorum

316 549 350 610 et
364 543 572 628 iobsgionum
589 563 719 610 suorum
736 548 850 609 contre
867 543 954 609 ciues
980 539 1144 610 Budenses
1170 561 1286 626 graues
1312 544 1444 611 iniurius

317 659 349 717 et
364 651 577 720 necessitates
593 670 669 717 sues
686 651 779 718 nobis
796 649 1034 735 exposuissent·
1051 669 1174 734 nosque
1199 671 1240 718 ex
1267 653 1366 737 otiieij
1394 673 1443 718 no-

321 760 379 824 stri
394 759 502 826 debito
519 757 675 826 Comitem
691 757 902 840 Werneuium,
928 758 1077 828 Judicem
1103 759 1249 826 eiusdem
1276 759 1391 844 Cestii,
1417 778 1446 838 et

316 863 447 933 Jurctos
465 867 505 932 de
517 866 642 953 eodem,
660 865 703 931 od
719 873 861 932 nostrum
878 867 1078 950 presenciam
1096 868 1226 933 euocari
1237 866 1443 948 fecissemus;

315 973 460 1058 predicte
476 993 604 1041 sorores
620 973 723 1040 Beate
738 972 885 1056 Virginis
903 975 944 1040 de
962 973 1075 1041 Insula
1099 975 1227 1040 litteras
1254 971 1439 1058 priuilegia·

317 1075 364 1146 les
379 1081 477 1162 Regis
494 1081 641 1146 Ledinlei
658 1099 757 1166 super
771 1079 921 1147 libertate
947 1083 1139 1166 populorum
1164 1101 1294 1148 suorum
1319 1101 1442 1147 conces·
1545 1159 1546 1166 ἵ

284 1208 291 1222 ·
319 1205 375 1252 ses
391 1187 615 1272 exhibuerunt,
632 1207 715 1272 quas
732 1207 792 1254 nos
814 1188 1020 1272 presentibus
1046 1187 1178 1273 eisdem,
1218 1189 1371 1256 videlicet
1396 1187 1444 1253 Ju-
1545 1175 1546 1230 ἶ

317 1292 586 1374 discesseratis,
605 1293 643 1362 de
659 1297 759 1363 uerbo
775 1295 819 1361 ed
834 1295 968 1364 uerbum
985 1293 1119 1362 fecimus
1152 1295 1263 1381 relegi,
1280 1301 1377 1380 prout
1394 1315 1441 1379 op-

319 1401 477 1485 portebat.
496 1400 594 1468 (iuius
609 1408 701 1470 tenor
716 1401 793 1468 talis
810 1407 879 1469 est:

426 1507 601 1576 Ledizlaus
642 1510 683 1575 D.
716 1531 764 1592 gr.
787 1510 906 1594 Hung.
940 1510 1001 1576 stb.
1034 1511 1103 1574 Rex
1135 1509 1198 1574 stb.
1232 1506 1442 1596 (ktivetkecik
1545 1523 1546 1534 ³

315 1615 367 1681 IV.
380 1617 498 1684 Lisnlo
527 1617 705 1704 kirtlynak
733 1617 867 1684 ists-ki
894 1617 1131 1703 privilegiuma,
1158 1617 1239 1682 mint
1265 1618 1440 1701 gytijteme·
1545 1675 1546 1712 ἱ

314 1725 427 1809 nyttnk
443 1725 502 1791 IX.
519 1725 636 1812 ragyis
653 1746 674 1791 a
690 1725 843 1794 mosodik
859 1726 985 1810 fclyem
998 1725 1052 1790 IV.
1067 1725 1242 1790 kutetebcn
1260 1727 1336 1792 203.
1354 1722 1392 1811 l.)
1545 1713 1546 1722 ’

403 1835 471 1899 Nos
482 1833 592 1917 itaque
603 1853 643 1899 en
653 1831 759 1900 officio
770 1841 880 1900 nostro
891 1831 998 1898 debito
1008 1832 1170 1897 iusticiam
1183 1831 1360 1897 eorundem
1372 1832 1442 1897 reli-

315 1939 479 2024 giosarum
491 1941 692 2007 dominorum
704 1957 847 2008 sororum
865 1937 905 2005 de
916 1939 1135 2006 InsuluBeate
1145 1939 1291 2022 Virginis
1308 1959 1441 2022 cognos-

314 2053 441 2114 sceutes
455 2098 462 2132 ,
475 2067 612 2129 quarum
625 2047 727 2115 eciam
739 2049 778 2114 de
789 2047 927 2135 speciali
938 2046 1091 2112 mandato
1102 2045 1225 2112 domini
1235 2046 1325 2131 Pepe
1335 2063 1444 2112 snmus

315 2161 524 2238 protectores,
537 2160 569 2220 et
581 2156 702 2238 pariter
712 2155 894 2240 prouisores
905 2155 946 2221 de
958 2152 1092 2238 negocio
1119 2155 1275 2239 premisso
1293 2153 1445 2218 duximus

315 2261 565 2327 moderandum:
598 2263 639 2329 Vt
667 2263 822 2349 deinceps
838 2261 925 2330 idem
941 2263 1047 2331 Judex
1063 2269 1095 2330 et
1111 2261 1217 2329 Joreti
1236 2283 1275 2329 ac
1301 2259 1445 2330 uniuersi
1545 2269 1546 2280 ¹

314 2369 402 2436 ciues
412 2369 453 2435 de
464 2369 577 2436 Castro
593 2370 736 2438 Budensi
754 2369 889 2456 populos
904 2370 1123 2455 predictarum
1139 2391 1285 2438 sororum
1297 2369 1445 2453 Virginis

317 2474 466 2544 Gloriose
477 2486 589 2546 contre
598 2479 781 2546 libertatem
793 2479 840 2545 eis
854 2498 1042 2546 concessam
1052 2499 1116 2545 nou
1128 2484 1269 2564 possent,
1280 2499 1340 2544 nec
1350 2477 1446 2543 debe-

315 2586 433 2650 rentin
449 2586 560 2668 aliquo
577 2585 733 2670 iudicare,
750 2608 809 2654 neo
834 2587 919 2653 alios
946 2585 989 2652 ad
1015 2585 1146 2653 easdem
1174 2593 1358 2671 spectantes
1390 2585 1448 2652 eli-

314 2699 472 2777 quetenus
488 2695 669 2783 molestare,
685 2697 738 2762 uel
755 2695 1013 2763 iurisdiccionem
1038 2695 1180 2778 aliquem
1206 2694 1329 2762 eisdem
1357 2712 1449 2761 exer-

314 2820 397 2866 cere.
415 2797 510 2878 Quod
526 2807 558 2867 et
573 2802 677 2868 eciem
692 2801 800 2869 Judex
817 2808 849 2868 et
863 2800 1000 2887 predicti
1016 2801 1123 2869 Jureti
1139 2801 1265 2887 prefate
1291 2801 1448 2867 Oinitetis

312 2907 555 2994 presencialiter
570 2931 605 2976 se
621 2909 838 2995 promiserunt
847 2910 1040 2994 obserucrc3
1069 2915 1341 2994 essumpmentcs‚
1355 2907 1446 2992 quod

310 3015 448 3101 populos
465 3016 641 3084 earundem
660 3015 861 3083 dominarum
879 3018 913 3082 iu
940 3017 1032 3082 nullo
1059 3035 1135 3083 casu
1162 3014 1357 3100 iudicarent,
1386 3037 1449 3082 nec

310 3122 413 3190 eciem
428 3129 642 3206 egreuerent5
660 3122 768 3189 sedin
784 3122 871 3188 omui
888 3141 946 3187 suo
963 3121 1034 3187 iure
1058 3123 1282 3207 permitterent
1306 3124 1450 3207 pacifice

312 3239 343 3296 et
359 3232 466 3315 quiete
481 3251 671 3316 permanere
686 3227 861 3296 secundum
877 3227 965 3312 quod
981 3229 1115 3296 libertas
1132 3231 1308 3296 eorundem
1341 3251 1448 3314 popu-

310 3339 416 3404 lorum
431 3338 464 3403 in
479 3338 596 3404 litteris
613 3336 756 3404 eiusdem
771 3336 870 3419 Regis
887 3335 1035 3403 Lcdinlei
1062 3336 1255 3404 continetur.
1283 3338 1320 3401 In
1347 3339 1450 3404 cuius

314 3445 361 3509 rei
377 3445 565 3511 memoriam
583 3452 614 3509 et
640 3433 827 3531 perpetuom
854 3443 1040 3510 firmitatem
1067 3451 1195 3510 nostras
1221 3443 1453 3510 concessimus

310 3549 437 3618 litteras
453 3549 553 3635 sigilli
571 3551 671 3617 nostri
687 3549 842 3618 autentici
859 3550 1059 3634 appensione
1076 3548 1300 3618 communitas.
1319 3547 1451 3616 Detum

312 3677 398 3725 anno
414 3657 546 3723 Domini
563 3656 846 3724 M⁰OO⁰LXXXX⁰
857 3657 1008 3726 seeundo.

313 3855 449 3920 (Eredetie
464 3853 638 3922 borntrmtn,
653 3857 765 3922 melyro]
790 3856 943 3909 nolti-vitriis
962 3854 1191 3920 selyemnsinoron
1214 3857 1280 3922 iitgg
1308 3871 1339 3908 ez
1363 3857 1456 3912 ἐπεὶ

535 3944 655 4014 pecsetje
668 3967 674 4010 ;
688 3961 705 3997 s
718 3947 800 3997 budei
815 3946 866 3998 kin.
880 3947 1006 3997 nemersi
1019 3941 1210 4010 leutitirbsn.)
