3170 5166
774 352 934 454 jos-

281 547 407 616 Paulus
423 546 659 634 possessionem
675 566 769 615 suam
786 546 943 614 redimere
959 554 1080 634 posset,
1098 549 1164 615 iam
1181 547 1288 617 dietus
1298 549 1422 618 Comes

258 655 393 744 ,Ochum
418 655 525 741 ipsam
555 653 795 740 possessionem
820 654 992 722 restituere
1016 654 1181 723 tenebitur
1206 656 1279 725 sine
1304 657 1419 741 aliqua

279 782 382 830 eausa
398 763 583 830 interieeta.
600 761 747 829 Dicimus
766 761 886 846 seiam,
903 759 989 846 quod
1005 759 1048 827 ad
1064 763 1202 830 maioris
1219 763 1346 832 roboris
1362 763 1417 829 fir·

280 869 428 936 mitatem
445 871 567 938 Paulus
584 869 792 956 supradictus
809 869 935 936 litteras
952 865 1140 940 Oonuentus
1166 871 1208 936 de
1232 871 1329 937 Noua
1353 869 1420 937 Ou-

285 977 338 1043 ria
355 977 435 1044 dare
453 996 489 1044 se
505 977 692 1063 assumpsit.
709 975 836 1044 Datum
852 975 887 1041 in
902 975 1021 1060 vigilia
1036 977 1130 1044 Beati
1156 975 1317 1046 iohannis
1342 976 1422 1062 Bap

153 1149 154 1156 ,
283 1084 368 1171 tisis,
383 1103 470 1151 anno
487 1081 608 1152 Graoie
623 1085 797 1152 millesimo
814 1085 1043 1152 tricentesimo.

285 1279 423 1346 (Eredetie
435 1275 612 1347 blirlrlrtylm
625 1277 728 1334 ahitul
741 1279 793 1332 oda
805 1285 929 1347 nyomott
941 1281 1034 1348 pauset
1045 1279 1196 1346 elvesuett;
1211 1298 1228 1336 e
1254 1283 1338 1335 budai
1364 1283 1421 1333 lrir.

682 1371 806 1426 kamarei
819 1367 1012 1438 levelrtrban.)

806 2186 883 2253 267.

292 2381 326 2446 A
347 2382 536 2448 lereszteselr
552 2383 735 2467 eszterparoi
760 2383 982 2469 konremjreet
998 2385 1146 2468 jelenle'se
1169 2384 1234 2449 III.
1260 2383 1370 2451 Eadre
1383 2389 1426 2454 les*
1450 2407 1461 2430 ·

287 2489 417 2576 ra‘lyleoz
439 2485 530 2556 Wecit
559 2489 683 2556 arioldi
702 2488 862 2573 jooaiaole
886 2491 1074 2576 paratitdso
1106 2492 1300 2578 tarpyeiban.
1317 2496 1418 2561 1300.

392 2681 674 2752 Excellentissimo
690 2683 830 2750 Domino
844 2703 905 2751 suo
928 2683 1059 2752 domine
1075 2685 1207 2753 Andree
1222 2686 1285 2753 Dei
1300 2689 1418 2772 grauia

285 2791 406 2858 Illustri
421 2788 505 2875 Regi
521 2790 709 2875 Hungarie,
724 2789 827 2858 frater
850 2789 1005 2859 Nicolaus
1029 2793 1186 2878 Magister
1210 2795 1336 2862 Domus
1349 2793 1420 2860 Ho-

285 2897 416 2983 spitalis
433 2903 466 2963 et
480 2897 665 2964 conuentus
687 2893 924 2965 Cruoiferornm
940 2897 1089 2967 Eoelesie
1105 2897 1218 2967 Sanoti
1232 2901 1331 2984 Regis
1346 2901 1419 2968 Ste-

285 3007 388 3094 phani
404 3005 445 3074 de
461 3003 627 3091 Strigonio
652 3005 820 3074 oraoiones
846 3005 879 3071 in
898 3006 1046 3073 Domino.
1072 3007 1209 3074 Nouerit
1224 3009 1342 3075 Vestra
1357 3007 1418 3074 Re-

286 3113 343 3199 gia
359 3111 537 3192 Celsitndo,
554 3110 683 3178 litteras
705 3109 839 3179 Comitis
850 3111 982 3180 Martini
992 3111 1191 3180 Vioeiudiois
1202 3111 1426 3183 Gurieuestre

285 3239 345 3289 nos
360 3220 525 3304 recepisse
540 3219 600 3286 sub
615 3219 680 3286 hae
701 3217 824 3288 forma:

393 3313 493 3395 Viris
512 3325 679 3412 religiosis
703 3325 766 3395 stb.
798 3326 953 3413 MogIstro
985 3333 1017 3394 et
1033 3324 1209 3396 Crueiferis
1225 3327 1422 3416 llonasterij

286 3431 400 3503 Sanoti
413 3432 513 3516 Regis
529 3429 689 3518 Stephani
705 3432 746 3499 de
756 3430 920 3516 Strigonio
931 3429 1046 3500 Comes
1062 3433 1221 3500 Martinus
1238 3433 1420 3502 Vioeiudex

287 3541 382 3612 Curio
401 3541 525 3608 domini
541 3541 638 3625 Regis
657 3542 719 3610 stb.
744 3540 956 3626 (korerkezik
975 3543 1104 3610 Marion
1130 3560 1238 3610 eomes
1253 3539 1424 3626 alorszig-

285 3647 428 3717 bnonak
447 3649 541 3718 1300.
556 3666 719 3733 paramese
736 3648 817 3714 mint
840 3645 997 3735 feutebb.)
1014 3707 1016 3712 .

394 3751 463 3821 Nos
480 3759 588 3821 autem
605 3753 760 3840 peticioni
787 3753 933 3823 eiusdem
951 3753 1083 3824 Comitis
1103 3754 1235 3823 Martini
1255 3757 1419 3825 Vioeiutli·

285 3864 333 3932 ois
349 3862 444 3931 (iuria
460 3869 567 3930 vestre
593 3861 784 3930 satisfacere
808 3862 977 3949 cupientes
1001 3869 1146 3932 nostrum
1163 3863 1328 3932 hominem
1342 3863 1421 3932 lide·

287 3971 423 4054 dignum
448 3969 581 4036 nomine
601 3969 730 4036 Petrum
748 3969 901 4038 olerioum
927 3970 994 4037 eori
1019 3972 1125 4037 nostri
1142 3969 1186 4036 ad
1202 3969 1371 4038 selendum
1387 3978 1420 4040 et

221 4085 230 4098 “
285 4076 511 4162 inquirendum
527 4075 568 4144 de
584 4076 752 4163 premissis
769 4076 921 4146 duximus
938 4077 1178 4145 destinandum.
1197 4074 1262 4155 Qui
1278 4085 1418 4164 postme

285 4183 363 4252 dum
386 4183 428 4250 ad
444 4203 504 4252 nos
521 4203 670 4252 reuersus
688 4183 729 4251 de
744 4185 895 4252 omnibus
919 4191 951 4252 et
967 4183 1107 4270 singulis
1123 4185 1355 4270 premissorum
1373 4185 1419 4254 la·

286 4297 340 4358 ota
356 4290 507 4377 diligenti
525 4298 556 4359 et
571 4289 659 4359 fideli
684 4291 920 4380 inquisicione,
952 4311 989 4360 se
1013 4291 1152 4359 sciuisse
1183 4290 1244 4358 heo
1259 4299 1421 4361 annotata

285 4399 373 4467 infre
388 4400 593 4486 presentibus
608 4399 703 4466 nobis
728 4406 880 4467 oretenus
896 4406 947 4468 est
967 4397 1154 4467 confessus:
1180 4397 1268 4482 quod
1283 4397 1318 4464 in
1333 4397 1425 4466 sesto

288 4503 403 4572 Sanoti
419 4506 591 4592 Laurenoij
609 4506 757 4594 proxime
773 4526 858 4574 nuno
874 4507 988 4592 elapso
1005 4506 1257 4576 exaddueoione
1272 4505 1420 4575 eiusdem

287 4609 470 4696 Michaelis,
486 4619 583 4697 prout
597 4613 692 4680 homo
707 4618 816 4681 noster
826 4633 925 4700 super
940 4612 1002 4682 hoo
1017 4613 1101 4683 seire
1116 4612 1222 4699 potuit
1235 4607 1422 4696 veritatem,
1548 4650 1553 4659 -
