<?xml version="1.0" encoding="UTF-8"?>
<!DOCTYPE html PUBLIC "-//W3C//DTD XHTML 1.0 Transitional//EN"
    "http://www.w3.org/TR/xhtml1/DTD/xhtml1-transitional.dtd">
<html xmlns="http://www.w3.org/1999/xhtml" xml:lang="en" lang="en">
 <head>
  <title>
</title>
<meta http-equiv="Content-Type" content="text/html;charset=utf-8" />
  <meta name='ocr-system' content='tesseract 3.04.00' />
  <meta name='ocr-capabilities' content='ocr_page ocr_carea ocr_par ocr_line ocrx_word'/>
</head>
<body>
  <div class='ocr_page' id='page_1' title='image "./codexdiplomatic19wenzgoog_0235.png"; bbox 0 0 3098 5172; ppageno 0'>
   <div class='ocr_carea' id='block_1_1' title="bbox 618 277 774 376">
    <p class='ocr_par' dir='ltr' id='par_1_1' title="bbox 618 277 774 376">
     <span class='ocr_line' id='line_1_1' title="bbox 618 277 774 376; baseline 0 -33"><span class='ocrx_word' id='word_1_1' title='bbox 618 277 774 376; x_wconf 46' lang='lat' dir='ltr'>„ips-</span> 
     </span>
    </p>
   </div>
   <div class='ocr_carea' id='block_1_2' title="bbox 125 467 1266 3881">
    <p class='ocr_par' dir='ltr' id='par_1_2' title="bbox 125 467 1266 3881">
     <span class='ocr_line' id='line_1_2' title="bbox 125 467 1266 563; baseline -0.005 -17"><span class='ocrx_word' id='word_1_2' title='bbox 125 486 182 546; x_wconf 84' lang='lat' dir='ltr'>ter</span> <span class='ocrx_word' id='word_1_3' title='bbox 199 480 314 563; x_wconf 89' lang='lat' dir='ltr'>partes</span> <span class='ocrx_word' id='word_1_4' title='bbox 331 472 596 558; x_wconf 77' lang='lat' dir='ltr'>contenderetur,</span> <span class='ocrx_word' id='word_1_5' title='bbox 622 467 723 558; x_wconf 88' lang='lat' dir='ltr'>ijdem</span> <span class='ocrx_word' id='word_1_6' title='bbox 738 469 896 556; x_wconf 76' lang='lat' dir='ltr'>Magister</span> <span class='ocrx_word' id='word_1_7' title='bbox 922 469 1045 556; x_wconf 78' lang='lat' dir='ltr'>Symon</span> <span class='ocrx_word' id='word_1_8' title='bbox 1071 475 1103 537; x_wconf 91' lang='lat' dir='ltr'>et</span> <span class='ocrx_word' id='word_1_9' title='bbox 1118 471 1266 542; x_wconf 74' lang='lat' dir='ltr'>Thomas</span> 
     </span>
     <span class='ocr_line' id='line_1_3' title="bbox 133 575 1260 670; baseline -0.003 -18"><span class='ocrx_word' id='word_1_10' title='bbox 133 605 192 670; x_wconf 90' lang='lat' dir='ltr'>pro</span> <span class='ocrx_word' id='word_1_11' title='bbox 208 603 256 669; x_wconf 88' lang='lat' dir='ltr'>se,</span> <span class='ocrx_word' id='word_1_12' title='bbox 272 588 366 667; x_wconf 87' lang='lat' dir='ltr'>patre</span> <span class='ocrx_word' id='word_1_13' title='bbox 381 587 414 648; x_wconf 89' lang='lat' dir='ltr'>et</span> <span class='ocrx_word' id='word_1_14' title='bbox 428 581 531 649; x_wconf 81' lang='lat' dir='ltr'>fratre</span> <span class='ocrx_word' id='word_1_15' title='bbox 546 597 675 662; x_wconf 89' lang='lat' dir='ltr'>eornm,</span> <span class='ocrx_word' id='word_1_16' title='bbox 692 577 799 661; x_wconf 91' lang='lat' dir='ltr'>ipsum</span> <span class='ocrx_word' id='word_1_17' title='bbox 815 575 971 644; x_wconf 82' lang='lat' dir='ltr'>Comitem</span> <span class='ocrx_word' id='word_1_18' title='bbox 987 577 1158 666; x_wconf 79' lang='lat' dir='ltr'>Theman,</span> <span class='ocrx_word' id='word_1_19' title='bbox 1176 579 1260 648; x_wconf 79' lang='lat' dir='ltr'>lilios</span> 
     </span>
     <span class='ocr_line' id='line_1_4' title="bbox 134 683 1265 776; baseline -0.004 -17"><span class='ocrx_word' id='word_1_20' title='bbox 134 697 166 759; x_wconf 91' lang='lat' dir='ltr'>et</span> <span class='ocrx_word' id='word_1_21' title='bbox 181 697 341 776; x_wconf 80' lang='lat' dir='ltr'>cognatos</span> <span class='ocrx_word' id='word_1_22' title='bbox 356 707 433 755; x_wconf 88' lang='lat' dir='ltr'>suos</span> <span class='ocrx_word' id='word_1_23' title='bbox 449 685 611 772; x_wconf 88' lang='lat' dir='ltr'>prediotos</span> <span class='ocrx_word' id='word_1_24' title='bbox 637 684 879 768; x_wconf 87' lang='lat' dir='ltr'>requieiuernnt</span> <span class='ocrx_word' id='word_1_25' title='bbox 887 733 898 770; x_wconf 91' lang='lat'>,</span> <span class='ocrx_word' id='word_1_26' title='bbox 924 683 952 751; x_wconf 90' lang='lat' dir='ltr'>si</span> <span class='ocrx_word' id='word_1_27' title='bbox 968 683 1013 751; x_wconf 86' lang='lat' dir='ltr'>ad</span> <span class='ocrx_word' id='word_1_28' title='bbox 1028 685 1121 753; x_wconf 84' lang='lat' dir='ltr'>illam</span> <span class='ocrx_word' id='word_1_29' title='bbox 1136 705 1265 772; x_wconf 88' lang='lat' dir='ltr'>posses-</span> 
     </span>
     <span class='ocr_line' id='line_1_5' title="bbox 131 790 1266 894; baseline -0.003 -29"><span class='ocrx_word' id='word_1_30' title='bbox 131 799 261 865; x_wconf 78' lang='lat' dir='ltr'>sionem</span> <span class='ocrx_word' id='word_1_31' title='bbox 276 796 453 882; x_wconf 86' lang='lat' dir='ltr'>Pehohan,</span> <span class='ocrx_word' id='word_1_32' title='bbox 481 813 578 878; x_wconf 87' lang='lat' dir='ltr'>qnam</span> <span class='ocrx_word' id='word_1_33' title='bbox 595 791 722 859; x_wconf 89' lang='lat' dir='ltr'>seilieet</span> <span class='ocrx_word' id='word_1_34' title='bbox 737 790 986 878; x_wconf 87' lang='lat' dir='ltr'>possessionem</span> <span class='ocrx_word' id='word_1_35' title='bbox 1003 792 1117 860; x_wconf 77' lang='lat' dir='ltr'>(lomes</span> <span class='ocrx_word' id='word_1_36' title='bbox 1132 793 1266 894; x_wconf 72' lang='lat' dir='ltr'>hlpkow</span> 
     </span>
     <span class='ocr_line' id='line_1_6' title="bbox 131 899 1265 990; baseline -0.006 -16"><span class='ocrx_word' id='word_1_37' title='bbox 131 925 214 974; x_wconf 86' lang='lat' dir='ltr'>onus</span> <span class='ocrx_word' id='word_1_38' title='bbox 231 907 240 971; x_wconf 92' lang='lat' dir='ltr'>i</span> <span class='ocrx_word' id='word_1_39' title='bbox 244 923 376 989; x_wconf 89' lang='lat' dir='ltr'>psorum</span> <span class='ocrx_word' id='word_1_40' title='bbox 394 925 415 972; x_wconf 85' lang='lat' dir='ltr'>a</span> <span class='ocrx_word' id='word_1_41' title='bbox 430 902 579 988; x_wconf 87' lang='lat' dir='ltr'>Dedaeh,</span> <span class='ocrx_word' id='word_1_42' title='bbox 596 901 732 987; x_wconf 84' lang='lat' dir='ltr'>Myoow,</span> <span class='ocrx_word' id='word_1_43' title='bbox 748 899 831 989; x_wconf 81' lang='lat' dir='ltr'>Aba,</span> <span class='ocrx_word' id='word_1_44' title='bbox 847 901 952 969; x_wconf 83' lang='lat' dir='ltr'>Paulo</span> <span class='ocrx_word' id='word_1_45' title='bbox 968 907 1000 969; x_wconf 92' lang='lat' dir='ltr'>et</span> <span class='ocrx_word' id='word_1_46' title='bbox 1015 901 1126 969; x_wconf 87' lang='lat' dir='ltr'>Hunth</span> <span class='ocrx_word' id='word_1_47' title='bbox 1143 920 1185 968; x_wconf 90' lang='lat' dir='ltr'>ex</span> <span class='ocrx_word' id='word_1_48' title='bbox 1193 920 1265 990; x_wconf 90' lang='lat' dir='ltr'>per·</span> 
     </span>
     <span class='ocr_line' id='line_1_7' title="bbox 132 1005 1266 1096; baseline 0 -20"><span class='ocrx_word' id='word_1_49' title='bbox 132 1010 291 1078; x_wconf 86' lang='lat' dir='ltr'>missione</span> <span class='ocrx_word' id='word_1_50' title='bbox 307 1007 411 1096; x_wconf 89' lang='lat' dir='ltr'>ipsius</span> <span class='ocrx_word' id='word_1_51' title='bbox 429 1009 563 1076; x_wconf 76' lang='lat' dir='ltr'>Comitis</span> <span class='ocrx_word' id='word_1_52' title='bbox 589 1007 715 1074; x_wconf 84' lang='lat' dir='ltr'>Thone</span> <span class='ocrx_word' id='word_1_53' title='bbox 740 1005 905 1075; x_wconf 88' lang='lat' dir='ltr'>mediante</span> <span class='ocrx_word' id='word_1_54' title='bbox 935 1007 1104 1093; x_wconf 83' lang='lat' dir='ltr'>priuilegio</span> <span class='ocrx_word' id='word_1_55' title='bbox 1120 1009 1266 1094; x_wconf 80' lang='lat' dir='ltr'>Capituli</span> 
     </span>
     <span class='ocr_line' id='line_1_8' title="bbox 133 1113 1265 1201; baseline 0.003 -17"><span class='ocrx_word' id='word_1_56' title='bbox 133 1117 295 1184; x_wconf 84' lang='lat' dir='ltr'>Budensis</span> <span class='ocrx_word' id='word_1_57' title='bbox 313 1123 600 1201; x_wconf 80' lang='lat' dir='ltr'>conparauerat,a</span> <span class='ocrx_word' id='word_1_58' title='bbox 622 1120 722 1199; x_wconf 87' lang='lat' dir='ltr'>parte</span> <span class='ocrx_word' id='word_1_59' title='bbox 739 1113 941 1182; x_wconf 73' lang='lat' dir='ltr'>meridionali</span> <span class='ocrx_word' id='word_1_60' title='bbox 957 1115 1158 1199; x_wconf 78' lang='lat' dir='ltr'>existentem,</span> <span class='ocrx_word' id='word_1_61' title='bbox 1168 1117 1265 1186; x_wconf 84' lang='lat' dir='ltr'>haho-</span> 
     </span>
     <span class='ocr_line' id='line_1_9' title="bbox 131 1221 1264 1308; baseline 0 -18"><span class='ocrx_word' id='word_1_62' title='bbox 131 1231 204 1292; x_wconf 89' lang='lat' dir='ltr'>rent</span> <span class='ocrx_word' id='word_1_63' title='bbox 221 1226 388 1294; x_wconf 89' lang='lat' dir='ltr'>aeoionem</span> <span class='ocrx_word' id='word_1_64' title='bbox 404 1243 464 1290; x_wconf 89' lang='lat' dir='ltr'>neo</span> <span class='ocrx_word' id='word_1_65' title='bbox 481 1225 549 1290; x_wconf 86' lang='lat' dir='ltr'>ne?</span> <span class='ocrx_word' id='word_1_66' title='bbox 567 1221 631 1300; x_wconf 76' lang='lat' dir='ltr'>Qui</span> <span class='ocrx_word' id='word_1_67' title='bbox 655 1223 776 1308; x_wconf 87' lang='lat' dir='ltr'>pariter</span> <span class='ocrx_word' id='word_1_68' title='bbox 801 1229 834 1289; x_wconf 91' lang='lat' dir='ltr'>et</span> <span class='ocrx_word' id='word_1_69' title='bbox 858 1224 1061 1291; x_wconf 88' lang='lat' dir='ltr'>eonoorditer</span> <span class='ocrx_word' id='word_1_70' title='bbox 1086 1224 1264 1290; x_wconf 85' lang='lat' dir='ltr'>retulerunt</span> 
     </span>
     <span class='ocr_line' id='line_1_10' title="bbox 131 1328 1264 1419; baseline 0 -19"><span class='ocrx_word' id='word_1_71' title='bbox 131 1333 208 1402; x_wconf 81' lang='lat' dir='ltr'>vina</span> <span class='ocrx_word' id='word_1_72' title='bbox 224 1353 313 1419; x_wconf 90' lang='lat' dir='ltr'>uoee,</span> <span class='ocrx_word' id='word_1_73' title='bbox 332 1330 420 1413; x_wconf 90' lang='lat' dir='ltr'>quod</span> <span class='ocrx_word' id='word_1_74' title='bbox 436 1330 480 1396; x_wconf 88' lang='lat' dir='ltr'>ad</span> <span class='ocrx_word' id='word_1_75' title='bbox 491 1330 583 1396; x_wconf 87' lang='lat' dir='ltr'>illam</span> <span class='ocrx_word' id='word_1_76' title='bbox 600 1328 838 1416; x_wconf 86' lang='lat' dir='ltr'>possessionem</span> <span class='ocrx_word' id='word_1_77' title='bbox 854 1329 1010 1398; x_wconf 89' lang='lat' dir='ltr'>Pehohan</span> <span class='ocrx_word' id='word_1_78' title='bbox 1026 1329 1150 1399; x_wconf 84' lang='lat' dir='ltr'>nnllam</span> <span class='ocrx_word' id='word_1_79' title='bbox 1166 1329 1264 1400; x_wconf 88' lang='lat' dir='ltr'>hahe-</span> 
     </span>
     <span class='ocr_line' id='line_1_11' title="bbox 132 1435 1262 1525; baseline -0.001 -20"><span class='ocrx_word' id='word_1_80' title='bbox 132 1447 203 1506; x_wconf 87' lang='lat' dir='ltr'>rent</span> <span class='ocrx_word' id='word_1_81' title='bbox 219 1441 349 1525; x_wconf 88' lang='lat' dir='ltr'>penitus</span> <span class='ocrx_word' id='word_1_82' title='bbox 382 1438 602 1522; x_wconf 79' lang='lat' dir='ltr'>questionem,</span> <span class='ocrx_word' id='word_1_83' title='bbox 633 1457 709 1522; x_wconf 70' lang='lat' dir='ltr'>ymo</span> <span class='ocrx_word' id='word_1_84' title='bbox 725 1435 862 1503; x_wconf 89' lang='lat' dir='ltr'>eandem</span> <span class='ocrx_word' id='word_1_85' title='bbox 879 1442 966 1504; x_wconf 89' lang='lat' dir='ltr'>statu</span> <span class='ocrx_word' id='word_1_86' title='bbox 984 1445 1017 1515; x_wconf 86' lang='lat' dir='ltr'>et</span> <span class='ocrx_word' id='word_1_87' title='bbox 1032 1437 1145 1506; x_wconf 87' lang='lat' dir='ltr'>ordine</span> <span class='ocrx_word' id='word_1_88' title='bbox 1160 1437 1262 1524; x_wconf 90' lang='lat' dir='ltr'>ipsius</span> 
     </span>
     <span class='ocr_line' id='line_1_12' title="bbox 133 1543 1258 1631; baseline 0.001 -20"><span class='ocrx_word' id='word_1_89' title='bbox 133 1546 298 1631; x_wconf 79' lang='lat' dir='ltr'>priuilegij</span> <span class='ocrx_word' id='word_1_90' title='bbox 332 1543 491 1612; x_wconf 89' lang='lat' dir='ltr'>Budensis</span> <span class='ocrx_word' id='word_1_91' title='bbox 510 1543 672 1628; x_wconf 74' lang='lat' dir='ltr'>Capituli,</span> <span class='ocrx_word' id='word_1_92' title='bbox 705 1563 777 1610; x_wconf 92' lang='lat' dir='ltr'>oum</span> <span class='ocrx_word' id='word_1_93' title='bbox 803 1543 952 1611; x_wconf 91' lang='lat' dir='ltr'>omnibus</span> <span class='ocrx_word' id='word_1_94' title='bbox 970 1544 1038 1610; x_wconf 89' lang='lat' dir='ltr'>suis</span> <span class='ocrx_word' id='word_1_95' title='bbox 1053 1546 1258 1630; x_wconf 78' lang='lat' dir='ltr'>utilitatibus,</span> 
     </span>
     <span class='ocr_line' id='line_1_13' title="bbox 129 1649 1262 1737; baseline 0.001 -19"><span class='ocrx_word' id='word_1_96' title='bbox 129 1653 286 1720; x_wconf 83' lang='lat' dir='ltr'>uidelicet</span> <span class='ocrx_word' id='word_1_97' title='bbox 303 1673 375 1718; x_wconf 88' lang='lat' dir='ltr'>eum</span> <span class='ocrx_word' id='word_1_98' title='bbox 392 1652 479 1720; x_wconf 91' lang='lat' dir='ltr'>omni</span> <span class='ocrx_word' id='word_1_99' title='bbox 496 1649 699 1717; x_wconf 78' lang='lat' dir='ltr'>dimidietate</span> <span class='ocrx_word' id='word_1_100' title='bbox 724 1649 902 1737; x_wconf 86' lang='lat' dir='ltr'>siluarum,</span> <span class='ocrx_word' id='word_1_101' title='bbox 937 1649 1139 1718; x_wconf 80' lang='lat' dir='ltr'>dimidietate</span> <span class='ocrx_word' id='word_1_102' title='bbox 1155 1670 1262 1719; x_wconf 89' lang='lat' dir='ltr'>nemo·</span> 
     </span>
     <span class='ocr_line' id='line_1_14' title="bbox 133 1755 1263 1845; baseline 0.002 -22"><span class='ocrx_word' id='word_1_103' title='bbox 133 1780 211 1845; x_wconf 89' lang='lat' dir='ltr'>rum,</span> <span class='ocrx_word' id='word_1_104' title='bbox 229 1765 263 1824; x_wconf 91' lang='lat' dir='ltr'>et</span> <span class='ocrx_word' id='word_1_105' title='bbox 279 1779 354 1825; x_wconf 91' lang='lat' dir='ltr'>eum</span> <span class='ocrx_word' id='word_1_106' title='bbox 370 1757 520 1826; x_wconf 88' lang='lat' dir='ltr'>omnihus</span> <span class='ocrx_word' id='word_1_107' title='bbox 536 1755 616 1822; x_wconf 91' lang='lat' dir='ltr'>loeis</span> <span class='ocrx_word' id='word_1_108' title='bbox 641 1756 910 1841; x_wconf 89' lang='lat' dir='ltr'>molendinorum,</span> <span class='ocrx_word' id='word_1_109' title='bbox 932 1765 965 1823; x_wconf 90' lang='lat' dir='ltr'>et</span> <span class='ocrx_word' id='word_1_110' title='bbox 981 1757 1166 1843; x_wconf 87' lang='lat' dir='ltr'>speoialiter</span> <span class='ocrx_word' id='word_1_111' title='bbox 1190 1777 1263 1825; x_wconf 88' lang='lat' dir='ltr'>eum</span> 
     </span>
     <span class='ocr_line' id='line_1_15' title="bbox 132 1862 1263 1951; baseline 0.001 -21"><span class='ocrx_word' id='word_1_112' title='bbox 132 1865 203 1932; x_wconf 90' lang='lat' dir='ltr'>loeo</span> <span class='ocrx_word' id='word_1_113' title='bbox 220 1865 311 1932; x_wconf 88' lang='lat' dir='ltr'>illius</span> <span class='ocrx_word' id='word_1_114' title='bbox 327 1863 515 1949; x_wconf 87' lang='lat' dir='ltr'>molendini,</span> <span class='ocrx_word' id='word_1_115' title='bbox 533 1862 619 1944; x_wconf 91' lang='lat' dir='ltr'>quod</span> <span class='ocrx_word' id='word_1_116' title='bbox 635 1862 672 1928; x_wconf 92' lang='lat' dir='ltr'>in</span> <span class='ocrx_word' id='word_1_117' title='bbox 696 1869 785 1930; x_wconf 85' lang='lat' dir='ltr'>meto</span> <span class='ocrx_word' id='word_1_118' title='bbox 809 1863 896 1930; x_wconf 91' lang='lat' dir='ltr'>illius</span> <span class='ocrx_word' id='word_1_119' title='bbox 922 1871 1006 1930; x_wconf 89' lang='lat' dir='ltr'>terre</span> <span class='ocrx_word' id='word_1_120' title='bbox 1025 1865 1060 1930; x_wconf 89' lang='lat' dir='ltr'>in</span> <span class='ocrx_word' id='word_1_121' title='bbox 1075 1865 1175 1930; x_wconf 90' lang='lat' dir='ltr'>fluuio</span> <span class='ocrx_word' id='word_1_122' title='bbox 1190 1867 1263 1951; x_wconf 91' lang='lat' dir='ltr'>Ipul</span> 
     </span>
     <span class='ocr_line' id='line_1_16' title="bbox 131 1969 1262 2056; baseline 0.003 -18"><span class='ocrx_word' id='word_1_123' title='bbox 131 1993 204 2040; x_wconf 89' lang='lat' dir='ltr'>esse</span> <span class='ocrx_word' id='word_1_124' title='bbox 221 1971 348 2056; x_wconf 83' lang='lat' dir='ltr'>dieitur,</span> <span class='ocrx_word' id='word_1_125' title='bbox 367 1973 564 2054; x_wconf 87' lang='lat' dir='ltr'>reliquerunt</span> <span class='ocrx_word' id='word_1_126' title='bbox 580 1969 645 2056; x_wconf 89' lang='lat' dir='ltr'>ipsi</span> <span class='ocrx_word' id='word_1_127' title='bbox 663 1969 782 2037; x_wconf 74' lang='lat' dir='ltr'>domiti</span> <span class='ocrx_word' id='word_1_128' title='bbox 808 1969 959 2036; x_wconf 87' lang='lat' dir='ltr'>hliehaeli</span> <span class='ocrx_word' id='word_1_129' title='bbox 987 1978 1018 2037; x_wconf 90' lang='lat' dir='ltr'>et</span> <span class='ocrx_word' id='word_1_130' title='bbox 1034 1971 1109 2056; x_wconf 86' lang='lat' dir='ltr'>filijs</span> <span class='ocrx_word' id='word_1_131' title='bbox 1127 1971 1194 2040; x_wconf 91' lang='lat' dir='ltr'>suis</span> <span class='ocrx_word' id='word_1_132' title='bbox 1211 1994 1262 2041; x_wconf 89' lang='lat' dir='ltr'>su·</span> 
     </span>
     <span class='ocr_line' id='line_1_17' title="bbox 131 2077 1262 2170; baseline 0.003 -24"><span class='ocrx_word' id='word_1_133' title='bbox 131 2079 289 2165; x_wconf 77' lang='lat' dir='ltr'>predictis</span> <span class='ocrx_word' id='word_1_134' title='bbox 306 2085 462 2165; x_wconf 87' lang='lat' dir='ltr'>perpetuo</span> <span class='ocrx_word' id='word_1_135' title='bbox 480 2077 711 2170; x_wconf 80' lang='lat' dir='ltr'>possidendam</span> <span class='ocrx_word' id='word_1_136' title='bbox 722 2077 960 2163; x_wconf 86' lang='lat' dir='ltr'>ethahendarn,</span> <span class='ocrx_word' id='word_1_137' title='bbox 977 2077 1148 2146; x_wconf 78' lang='lat' dir='ltr'>sileneium</span> <span class='ocrx_word' id='word_1_138' title='bbox 1165 2100 1262 2165; x_wconf 87' lang='lat' dir='ltr'>super</span> 
     </span>
     <span class='ocr_line' id='line_1_18' title="bbox 129 2184 1257 2272; baseline 0.003 -20"><span class='ocrx_word' id='word_1_139' title='bbox 129 2186 192 2254; x_wconf 90' lang='lat' dir='ltr'>hoe</span> <span class='ocrx_word' id='word_1_140' title='bbox 207 2193 401 2272; x_wconf 89' lang='lat' dir='ltr'>perpetuum</span> <span class='ocrx_word' id='word_1_141' title='bbox 427 2189 697 2270; x_wconf 87' lang='lat' dir='ltr'>assumpmentes.</span> <span class='ocrx_word' id='word_1_142' title='bbox 724 2185 860 2269; x_wconf 89' lang='lat' dir='ltr'>Insuper</span> <span class='ocrx_word' id='word_1_143' title='bbox 885 2184 972 2251; x_wconf 89' lang='lat' dir='ltr'>idem</span> <span class='ocrx_word' id='word_1_144' title='bbox 990 2185 1104 2254; x_wconf 81' lang='lat' dir='ltr'>Comes</span> <span class='ocrx_word' id='word_1_145' title='bbox 1119 2187 1257 2256; x_wconf 81' lang='lat' dir='ltr'>Thoma-</span> 
     </span>
     <span class='ocr_line' id='line_1_19' title="bbox 129 2292 1256 2380; baseline 0.002 -18"><span class='ocrx_word' id='word_1_146' title='bbox 129 2302 162 2362; x_wconf 90' lang='lat' dir='ltr'>et</span> <span class='ocrx_word' id='word_1_147' title='bbox 177 2295 238 2380; x_wconf 91' lang='lat' dir='ltr'>filij</span> <span class='ocrx_word' id='word_1_148' title='bbox 258 2295 310 2362; x_wconf 90' lang='lat' dir='ltr'>sni</span> <span class='ocrx_word' id='word_1_149' title='bbox 327 2301 510 2379; x_wconf 88' lang='lat' dir='ltr'>&#39;spontanea</span> <span class='ocrx_word' id='word_1_150' title='bbox 535 2292 704 2359; x_wconf 87' lang='lat' dir='ltr'>voluntate</span> <span class='ocrx_word' id='word_1_151' title='bbox 730 2298 991 2378; x_wconf 74' lang='lat' dir='ltr'>assumpserunt,</span> <span class='ocrx_word' id='word_1_152' title='bbox 1009 2292 1139 2374; x_wconf 91' lang='lat' dir='ltr'>quodsi</span> <span class='ocrx_word' id='word_1_153' title='bbox 1154 2293 1195 2363; x_wconf 91' lang='lat' dir='ltr'>de</span> <span class='ocrx_word' id='word_1_154' title='bbox 1211 2315 1256 2364; x_wconf 86' lang='lat' dir='ltr'>oe·</span> 
     </span>
     <span class='ocr_line' id='line_1_20' title="bbox 128 2398 1257 2488; baseline 0.004 -21"><span class='ocrx_word' id='word_1_155' title='bbox 128 2409 199 2469; x_wconf 89' lang='lat' dir='ltr'>tero</span> <span class='ocrx_word' id='word_1_156' title='bbox 216 2400 252 2466; x_wconf 91' lang='lat' dir='ltr'>in</span> <span class='ocrx_word' id='word_1_157' title='bbox 276 2399 363 2467; x_wconf 86' lang='lat' dir='ltr'>iaote</span> <span class='ocrx_word' id='word_1_158' title='bbox 395 2398 481 2466; x_wconf 85' lang='lat' dir='ltr'>diets</span> <span class='ocrx_word' id='word_1_159' title='bbox 512 2399 728 2485; x_wconf 86' lang='lat' dir='ltr'>possessionis</span> <span class='ocrx_word' id='word_1_160' title='bbox 746 2399 900 2466; x_wconf 85' lang='lat' dir='ltr'>Pohehan</span> <span class='ocrx_word' id='word_1_161' title='bbox 927 2419 1083 2487; x_wconf 87' lang='lat' dir='ltr'>prooessu</span> <span class='ocrx_word' id='word_1_162' title='bbox 1106 2403 1257 2488; x_wconf 73' lang='lat' dir='ltr'>temporis</span> 
     </span>
     <span class='ocr_line' id='line_1_21' title="bbox 128 2507 1262 2595; baseline 0.003 -22"><span class='ocrx_word' id='word_1_163' title='bbox 128 2507 201 2595; x_wconf 90' lang='lat' dir='ltr'>ipse</span> <span class='ocrx_word' id='word_1_164' title='bbox 215 2511 270 2575; x_wconf 87' lang='lat' dir='ltr'>nol</span> <span class='ocrx_word' id='word_1_165' title='bbox 287 2508 347 2592; x_wconf 88' lang='lat' dir='ltr'>filij</span> <span class='ocrx_word' id='word_1_166' title='bbox 365 2508 426 2594; x_wconf 90' lang='lat' dir='ltr'>sui,</span> <span class='ocrx_word' id='word_1_167' title='bbox 445 2515 502 2573; x_wconf 86' lang='lat' dir='ltr'>aut</span> <span class='ocrx_word' id='word_1_168' title='bbox 528 2507 630 2590; x_wconf 84' lang='lat' dir='ltr'>aliqui</span> <span class='ocrx_word' id='word_1_169' title='bbox 655 2527 697 2573; x_wconf 82' lang='lat' dir='ltr'>ex</span> <span class='ocrx_word' id='word_1_170' title='bbox 722 2507 923 2590; x_wconf 84' lang='lat' dir='ltr'>oognaoione</span> <span class='ocrx_word' id='word_1_171' title='bbox 948 2528 1009 2576; x_wconf 88' lang='lat' dir='ltr'>sna</span> <span class='ocrx_word' id='word_1_172' title='bbox 1024 2510 1199 2592; x_wconf 81' lang='lat' dir='ltr'>procedere</span> <span class='ocrx_word' id='word_1_173' title='bbox 1215 2511 1262 2576; x_wconf 90' lang='lat' dir='ltr'>ni·</span> 
     </span>
     <span class='ocr_line' id='line_1_22' title="bbox 128 2613 1262 2700; baseline 0.003 -18"><span class='ocrx_word' id='word_1_174' title='bbox 128 2623 294 2700; x_wconf 82' lang='lat' dir='ltr'>terantur,</span> <span class='ocrx_word' id='word_1_175' title='bbox 312 2623 432 2682; x_wconf 85' lang='lat' dir='ltr'>extuno</span> <span class='ocrx_word' id='word_1_176' title='bbox 451 2621 564 2682; x_wconf 89' lang='lat' dir='ltr'>eontra</span> <span class='ocrx_word' id='word_1_177' title='bbox 591 2613 728 2681; x_wconf 90' lang='lat' dir='ltr'>eundem</span> <span class='ocrx_word' id='word_1_178' title='bbox 746 2615 901 2682; x_wconf 82' lang='lat' dir='ltr'>Comitem</span> <span class='ocrx_word' id='word_1_179' title='bbox 919 2615 1111 2682; x_wconf 87' lang='lat' dir='ltr'>Miehaelem</span> <span class='ocrx_word' id='word_1_180' title='bbox 1129 2624 1162 2683; x_wconf 88' lang='lat' dir='ltr'>et</span> <span class='ocrx_word' id='word_1_181' title='bbox 1177 2617 1262 2686; x_wconf 88' lang='lat' dir='ltr'>filios</span> 
     </span>
     <span class='ocr_line' id='line_1_23' title="bbox 126 2722 1262 2808; baseline 0 -16"><span class='ocrx_word' id='word_1_182' title='bbox 126 2724 276 2792; x_wconf 83' lang='lat' dir='ltr'>eiusdem</span> <span class='ocrx_word' id='word_1_183' title='bbox 293 2723 491 2792; x_wconf 85' lang='lat' dir='ltr'>haberentur</span> <span class='ocrx_word' id='word_1_184' title='bbox 503 2743 560 2808; x_wconf 92' lang='lat' dir='ltr'>pro</span> <span class='ocrx_word' id='word_1_185' title='bbox 578 2722 738 2808; x_wconf 91' lang='lat' dir='ltr'>eonnieto,</span> <span class='ocrx_word' id='word_1_186' title='bbox 754 2744 793 2789; x_wconf 88' lang='lat' dir='ltr'>ae</span> <span class='ocrx_word' id='word_1_187' title='bbox 808 2726 837 2790; x_wconf 90' lang='lat' dir='ltr'>si</span> <span class='ocrx_word' id='word_1_188' title='bbox 853 2725 887 2789; x_wconf 90' lang='lat' dir='ltr'>in</span> <span class='ocrx_word' id='word_1_189' title='bbox 897 2725 1005 2792; x_wconf 90' lang='lat' dir='ltr'>duello</span> <span class='ocrx_word' id='word_1_190' title='bbox 1018 2726 1262 2794; x_wconf 88' lang='lat' dir='ltr'>suooubuisseut</span> 
     </span>
     <span class='ocr_line' id='line_1_24' title="bbox 129 2828 1262 2916; baseline 0.002 -20"><span class='ocrx_word' id='word_1_191' title='bbox 129 2839 244 2897; x_wconf 87' lang='lat' dir='ltr'>eontra</span> <span class='ocrx_word' id='word_1_192' title='bbox 259 2831 361 2916; x_wconf 90' lang='lat' dir='ltr'>ipsos,</span> <span class='ocrx_word' id='word_1_193' title='bbox 379 2828 466 2912; x_wconf 93' lang='lat' dir='ltr'>quod</span> <span class='ocrx_word' id='word_1_194' title='bbox 480 2828 622 2896; x_wconf 89' lang='lat' dir='ltr'>duellum</span> <span class='ocrx_word' id='word_1_195' title='bbox 642 2830 686 2894; x_wconf 87' lang='lat' dir='ltr'>ad</span> <span class='ocrx_word' id='word_1_196' title='bbox 702 2837 837 2896; x_wconf 87' lang='lat' dir='ltr'>mortem</span> <span class='ocrx_word' id='word_1_197' title='bbox 854 2831 923 2898; x_wconf 90' lang='lat' dir='ltr'>fieri</span> <span class='ocrx_word' id='word_1_198' title='bbox 941 2829 1118 2898; x_wconf 86' lang='lat' dir='ltr'>debuisset.</span> <span class='ocrx_word' id='word_1_199' title='bbox 1134 2832 1262 2900; x_wconf 89' lang='lat' dir='ltr'>Plaouit</span> 
     </span>
     <span class='ocr_line' id='line_1_25' title="bbox 127 2936 1260 3026; baseline 0.002 -22"><span class='ocrx_word' id='word_1_200' title='bbox 127 2939 234 3004; x_wconf 84' lang='lat' dir='ltr'>eoiam</span> <span class='ocrx_word' id='word_1_201' title='bbox 244 2938 322 3023; x_wconf 87' lang='lat' dir='ltr'>ipsa</span> <span class='ocrx_word' id='word_1_202' title='bbox 332 2937 517 3021; x_wconf 86' lang='lat' dir='ltr'>resignaoio</span> <span class='ocrx_word' id='word_1_203' title='bbox 527 2937 744 3020; x_wconf 88' lang='lat' dir='ltr'>possessionis</span> <span class='ocrx_word' id='word_1_204' title='bbox 755 2936 911 3004; x_wconf 88' lang='lat' dir='ltr'>Pehehan</span> <span class='ocrx_word' id='word_1_205' title='bbox 921 2938 985 3023; x_wconf 89' lang='lat' dir='ltr'>ipsi</span> <span class='ocrx_word' id='word_1_206' title='bbox 996 2938 1111 3004; x_wconf 82' lang='lat' dir='ltr'>Comiti</span> <span class='ocrx_word' id='word_1_207' title='bbox 1126 2939 1260 3026; x_wconf 79' lang='lat' dir='ltr'>Thome,</span> 
     </span>
     <span class='ocr_line' id='line_1_26' title="bbox 129 3043 1262 3130; baseline 0.001 -20"><span class='ocrx_word' id='word_1_208' title='bbox 129 3045 204 3129; x_wconf 91' lang='lat' dir='ltr'>lilijs</span> <span class='ocrx_word' id='word_1_209' title='bbox 221 3051 254 3110; x_wconf 88' lang='lat' dir='ltr'>et</span> <span class='ocrx_word' id='word_1_210' title='bbox 271 3045 419 3127; x_wconf 75' lang='lat' dir='ltr'>eognatis</span> <span class='ocrx_word' id='word_1_211' title='bbox 436 3045 504 3111; x_wconf 88' lang='lat' dir='ltr'>suis</span> <span class='ocrx_word' id='word_1_212' title='bbox 521 3043 688 3130; x_wconf 89' lang='lat' dir='ltr'>prediotis,</span> <span class='ocrx_word' id='word_1_213' title='bbox 701 3065 739 3110; x_wconf 90' lang='lat' dir='ltr'>eo</span> <span class='ocrx_word' id='word_1_214' title='bbox 757 3045 863 3127; x_wconf 90' lang='lat' dir='ltr'>modo,</span> <span class='ocrx_word' id='word_1_215' title='bbox 884 3051 919 3108; x_wconf 90' lang='lat' dir='ltr'>nt</span> <span class='ocrx_word' id='word_1_216' title='bbox 937 3065 1007 3110; x_wconf 90' lang='lat' dir='ltr'>oum</span> <span class='ocrx_word' id='word_1_217' title='bbox 1025 3044 1128 3110; x_wconf 89' lang='lat' dir='ltr'>eidem</span> <span class='ocrx_word' id='word_1_218' title='bbox 1144 3046 1262 3112; x_wconf 83' lang='lat' dir='ltr'>Oomiti</span> 
     </span>
     <span class='ocr_line' id='line_1_27' title="bbox 131 3150 1262 3236; baseline 0.002 -19"><span class='ocrx_word' id='word_1_219' title='bbox 131 3151 287 3220; x_wconf 86' lang='lat' dir='ltr'>hliohaeli</span> <span class='ocrx_word' id='word_1_220' title='bbox 314 3158 347 3218; x_wconf 85' lang='lat' dir='ltr'>et</span> <span class='ocrx_word' id='word_1_221' title='bbox 361 3150 438 3233; x_wconf 87' lang='lat' dir='ltr'>filijs</span> <span class='ocrx_word' id='word_1_222' title='bbox 454 3151 523 3216; x_wconf 84' lang='lat' dir='ltr'>suis</span> <span class='ocrx_word' id='word_1_223' title='bbox 534 3151 702 3236; x_wconf 83' lang='lat' dir='ltr'>placuerit,</span> <span class='ocrx_word' id='word_1_224' title='bbox 734 3150 838 3236; x_wconf 86' lang='lat' dir='ltr'>ipsam</span> <span class='ocrx_word' id='word_1_225' title='bbox 864 3151 1120 3234; x_wconf 82' lang='lat' dir='ltr'>resignaeionem</span> <span class='ocrx_word' id='word_1_226' title='bbox 1146 3151 1262 3219; x_wconf 85' lang='lat' dir='ltr'>littoris</span> 
     </span>
     <span class='ocr_line' id='line_1_28' title="bbox 129 3258 1262 3344; baseline -0.001 -17"><span class='ocrx_word' id='word_1_227' title='bbox 129 3259 312 3343; x_wconf 82' lang='lat' dir='ltr'>Regalihns</span> <span class='ocrx_word' id='word_1_228' title='bbox 343 3259 588 3325; x_wconf 79' lang='lat' dir='ltr'>confirmabunt.</span> <span class='ocrx_word' id='word_1_229' title='bbox 615 3260 767 3324; x_wconf 88' lang='lat' dir='ltr'>Preterea</span> <span class='ocrx_word' id='word_1_230' title='bbox 798 3263 905 3344; x_wconf 85' lang='lat' dir='ltr'>partes</span> <span class='ocrx_word' id='word_1_231' title='bbox 931 3258 1077 3344; x_wconf 79' lang='lat' dir='ltr'>predicte</span> <span class='ocrx_word' id='word_1_232' title='bbox 1098 3278 1133 3323; x_wconf 90' lang='lat' dir='ltr'>se</span> <span class='ocrx_word' id='word_1_233' title='bbox 1150 3266 1262 3326; x_wconf 88' lang='lat' dir='ltr'>eontra</span> 
     </span>
     <span class='ocr_line' id='line_1_29' title="bbox 131 3364 1261 3451; baseline 0.004 -22"><span class='ocrx_word' id='word_1_234' title='bbox 131 3365 273 3432; x_wconf 91' lang='lat' dir='ltr'>inuieem</span> <span class='ocrx_word' id='word_1_235' title='bbox 290 3385 389 3451; x_wconf 87' lang='lat' dir='ltr'>super</span> <span class='ocrx_word' id='word_1_236' title='bbox 406 3365 494 3432; x_wconf 82' lang='lat' dir='ltr'>laeto</span> <span class='ocrx_word' id='word_1_237' title='bbox 511 3365 644 3432; x_wconf 90' lang='lat' dir='ltr'>alterius</span> <span class='ocrx_word' id='word_1_238' title='bbox 676 3365 893 3449; x_wconf 88' lang='lat' dir='ltr'>possessionis</span> <span class='ocrx_word' id='word_1_239' title='bbox 909 3364 1073 3451; x_wconf 86' lang='lat' dir='ltr'>Pehehan,</span> <span class='ocrx_word' id='word_1_240' title='bbox 1090 3387 1186 3450; x_wconf 89' lang='lat' dir='ltr'>quam</span> <span class='ocrx_word' id='word_1_241' title='bbox 1202 3367 1261 3434; x_wconf 81' lang='lat' dir='ltr'>(lo-</span> 
     </span>
     <span class='ocr_line' id='line_1_30' title="bbox 132 3471 1261 3558; baseline 0.003 -20"><span class='ocrx_word' id='word_1_242' title='bbox 132 3491 199 3539; x_wconf 90' lang='lat' dir='ltr'>mes</span> <span class='ocrx_word' id='word_1_243' title='bbox 224 3473 367 3538; x_wconf 80' lang='lat' dir='ltr'>Thomas</span> <span class='ocrx_word' id='word_1_244' title='bbox 385 3473 551 3558; x_wconf 79' lang='lat' dir='ltr'>prediatus</span> <span class='ocrx_word' id='word_1_245' title='bbox 567 3473 704 3540; x_wconf 88' lang='lat' dir='ltr'>Nieolao</span> <span class='ocrx_word' id='word_1_246' title='bbox 720 3472 960 3540; x_wconf 86' lang='lat' dir='ltr'>Arehidiaeono</span> <span class='ocrx_word' id='word_1_247' title='bbox 979 3471 1165 3540; x_wconf 88' lang='lat' dir='ltr'>vendidisse</span> <span class='ocrx_word' id='word_1_248' title='bbox 1176 3475 1261 3541; x_wconf 91' lang='lat' dir='ltr'>diee-</span> 
     </span>
     <span class='ocr_line' id='line_1_31' title="bbox 132 3577 1261 3665; baseline 0.005 -21"><span class='ocrx_word' id='word_1_249' title='bbox 132 3577 237 3664; x_wconf 89' lang='lat' dir='ltr'>hatur,</span> <span class='ocrx_word' id='word_1_250' title='bbox 253 3579 486 3664; x_wconf 83' lang='lat' dir='ltr'>prohibuerunt</span> <span class='ocrx_word' id='word_1_251' title='bbox 502 3599 612 3646; x_wconf 88' lang='lat' dir='ltr'>eoram</span> <span class='ocrx_word' id='word_1_252' title='bbox 627 3578 729 3646; x_wconf 88' lang='lat' dir='ltr'>nobis.</span> <span class='ocrx_word' id='word_1_253' title='bbox 746 3581 868 3646; x_wconf 85' lang='lat' dir='ltr'>Datum</span> <span class='ocrx_word' id='word_1_254' title='bbox 885 3581 975 3646; x_wconf 91' lang='lat' dir='ltr'>Bude</span> <span class='ocrx_word' id='word_1_255' title='bbox 991 3579 1128 3665; x_wconf 88' lang='lat' dir='ltr'>septime</span> <span class='ocrx_word' id='word_1_256' title='bbox 1145 3579 1198 3648; x_wconf 92' lang='lat' dir='ltr'>die</span> <span class='ocrx_word' id='word_1_257' title='bbox 1214 3583 1261 3650; x_wconf 81' lang='lat' dir='ltr'>vi·</span> 
     </span>
     <span class='ocr_line' id='line_1_32' title="bbox 133 3686 1261 3773; baseline 0 -21"><span class='ocrx_word' id='word_1_258' title='bbox 133 3687 247 3770; x_wconf 82' lang='lat' dir='ltr'>gesimi</span> <span class='ocrx_word' id='word_1_259' title='bbox 264 3687 401 3753; x_wconf 88' lang='lat' dir='ltr'>seeundi</span> <span class='ocrx_word' id='word_1_260' title='bbox 412 3687 487 3773; x_wconf 84' lang='lat' dir='ltr'>diey</span> <span class='ocrx_word' id='word_1_261' title='bbox 498 3686 629 3753; x_wconf 82' lang='lat' dir='ltr'>sabbati</span> <span class='ocrx_word' id='word_1_262' title='bbox 639 3687 787 3772; x_wconf 80' lang='lat' dir='ltr'>proximi,</span> <span class='ocrx_word' id='word_1_263' title='bbox 801 3707 862 3769; x_wconf 87' lang='lat' dir='ltr'>qno</span> <span class='ocrx_word' id='word_1_264' title='bbox 873 3687 934 3752; x_wconf 84' lang='lat' dir='ltr'>init</span> <span class='ocrx_word' id='word_1_265' title='bbox 945 3695 1020 3754; x_wconf 92' lang='lat' dir='ltr'>ante</span> <span class='ocrx_word' id='word_1_266' title='bbox 1032 3688 1147 3755; x_wconf 80' lang='lat' dir='ltr'>festum</span> <span class='ocrx_word' id='word_1_267' title='bbox 1167 3689 1261 3756; x_wconf 87' lang='lat' dir='ltr'>Beati</span> 
     </span>
     <span class='ocr_line' id='line_1_33' title="bbox 131 3792 1261 3881; baseline 0.005 -25"><span class='ocrx_word' id='word_1_268' title='bbox 131 3792 299 3862; x_wconf 77' lang='lat' dir='ltr'>Michaelis</span> <span class='ocrx_word' id='word_1_269' title='bbox 315 3793 517 3876; x_wconf 85' lang='lat' dir='ltr'>Arehangeli</span> <span class='ocrx_word' id='word_1_270' title='bbox 528 3814 614 3861; x_wconf 89' lang='lat' dir='ltr'>anno</span> <span class='ocrx_word' id='word_1_271' title='bbox 625 3793 759 3860; x_wconf 92' lang='lat' dir='ltr'>Domini</span> <span class='ocrx_word' id='word_1_272' title='bbox 775 3793 894 3859; x_wconf 61' lang='grc' dir='ltr'>Μο00ο</span> <span class='ocrx_word' id='word_1_273' title='bbox 909 3795 1121 3878; x_wconf 82' lang='lat' dir='ltr'>nonagesimo</span> <span class='ocrx_word' id='word_1_274' title='bbox 1138 3797 1261 3881; x_wconf 86' lang='lat' dir='ltr'>quinto.</span> 
     </span>
    </p>
   </div>
   <div class='ocr_carea' id='block_1_3' title="bbox 132 3987 1261 4062">
    <p class='ocr_par' dir='ltr' id='par_1_3' title="bbox 132 3987 1261 4062">
     <span class='ocr_line' id='line_1_34' title="bbox 132 3987 1261 4062; baseline 0.004 -21"><span class='ocrx_word' id='word_1_275' title='bbox 132 3987 193 4056; x_wconf 58' lang='grc' dir='ltr'>(ΙΙΙ</span> <span class='ocrx_word' id='word_1_276' title='bbox 207 3993 300 4044; x_wconf 86' lang='lat' dir='ltr'>Endre</span> <span class='ocrx_word' id='word_1_277' title='bbox 313 3988 460 4056; x_wconf 73' lang='lat' dir='ltr'>kirtlynalr</span> <span class='ocrx_word' id='word_1_278' title='bbox 475 3994 552 4043; x_wconf 61' lang='lat'>1298.</span> <span class='ocrx_word' id='word_1_279' title='bbox 564 3989 706 4044; x_wconf 77' lang='lat' dir='ltr'>itelsrtbtl</span> <span class='ocrx_word' id='word_1_280' title='bbox 718 4013 724 4056; x_wconf 88' lang='lat'><strong>;</strong></span> <span class='ocrx_word' id='word_1_281' title='bbox 736 4008 753 4044; x_wconf 90' lang='lat' dir='ltr'>a</span> <span class='ocrx_word' id='word_1_282' title='bbox 766 3993 849 4045; x_wconf 86' lang='lat' dir='ltr'>hndai</span> <span class='ocrx_word' id='word_1_283' title='bbox 864 3993 916 4046; x_wconf 84' lang='lat' dir='ltr'>lrir.</span> <span class='ocrx_word' id='word_1_284' title='bbox 931 3993 1054 4044; x_wconf 79' lang='lat' dir='ltr'>kamarai</span> <span class='ocrx_word' id='word_1_285' title='bbox 1069 3991 1261 4062; x_wconf 69' lang='lat' dir='ltr'>levdlttrhan.)</span> 
     </span>
    </p>
   </div>
   <div class='ocr_carea' id='block_1_4' title="bbox 0 0 1554 5172">
    <p class='ocr_par' dir='ltr' id='par_1_4' title="bbox 0 0 1554 5172">
     <span class='ocr_line' id='line_1_35' title="bbox 0 0 1554 5172; baseline 0 1"><span class='ocrx_word' id='word_1_286' title='bbox 0 0 1554 5172; x_wconf 95' lang='lat' dir='ltr'> </span> 
     </span>
    </p>
   </div>
  </div>
 </body>
</html>
