3098 5172
822 217 970 312 Q

337 407 545 489 trauenerint‘
561 407 603 472 ad
621 406 763 471 dandum
781 413 813 472 et
829 406 1017 473 soluendum
1035 405 1120 472 dicto
1136 408 1306 475 Communi
1317 413 1455 498 itagunj

333 514 453 581 dictam
480 515 694 597 quantitatem
718 514 817 578 ΜΜΜ
843 513 1114 594 librarum:quod
1132 514 1250 580 dietum
1287 515 1453 586 Commune

332 622 484 706 Tragurij
501 623 742 688 conseruabitur
758 643 778 686 a
795 620 948 706 predictis
965 621 1065 686 ΜΜΜ
1080 621 1171 687 libris
1186 624 1319 706 penitus
1335 633 1367 689 et
1382 633 1452 692 tota·

335 728 408 795 liter
424 731 493 796 sine
510 729 639 815 damno,
665 729 808 813 alioquin
826 729 897 814 ipse
915 728 1063 794 dominus
1083 728 1252 812 Georgeus
1280 729 1392 798 Comes
1417 733 1450 799 de

334 856 392 902 euo
409 837 541 922 proprio
558 838 706 920 promisit
723 836 809 902 dicto
827 834 951 902 sindico
985 843 1015 901 et
1042 837 1246 919 procuratori
1272 838 1449 906 Communis

333 950 365 1009 et
381 941 544 1009 hominum
562 945 712 1027 Tragurij
733 945 859 1009 soluere
876 944 961 1008 dicto
979 944 1146 1008 Communi
1172 945 1326 1028 'Pragurij
1355 948 1448 1030 predi·

331 1051 511 1135 prediotam
528 1052 740 1133 quantitatem
756 1051 855 1115 MMM
866 1049 1018 1116 librarum
1036 1053 1094 1115 sub
1111 1071 1196 1134 pena
1207 1057 1237 1115 et
1248 1052 1446 1136 obligaoione

331 1176 461 1222 suorum
477 1161 649 1241 bonorum;
667 1165 697 1222 et
713 1179 798 1243 pena
815 1159 921 1223 soluta
937 1157 989 1222 vel
1016 1179 1092 1242 nou,
1109 1163 1179 1222 rat-o
1207 1169 1360 1224 manente
1385 1182 1448 1226 eon-

332 1269 449 1330 tracta.
466 1264 558 1342 occu
575 1267 822 1332 instrumentum
839 1265 1018 1351 predictum
1036 1266 1201 1348 Georgeus
1219 1265 1336 1332 Comes
1362 1267 1450 1332 voluit
1523 1273 1524 1304 ¹

333 1377 367 1438 ct
382 1370 475 1437 iussit
491 1370 593 1453 sigilli
608 1371 658 1436 eui
675 1372 846 1454 pendentis
871 1373 1049 1437 munimine
1066 1374 1221 1439 roborari.

438 1480 553 1544 Actum
569 1481 603 1543 in
619 1487 726 1544 castro
744 1479 840 1544 Glieei
857 1482 891 1544 in
907 1481 1002 1545 domo
1014 1480 1135 1545 domini
1156 1477 1294 1564 Georgei
1316 1482 1449 1562 Comitis,

331 1586 535 1670 presentibus
551 1587 736 1653 Radoslauo
754 1589 831 1652 olim
849 1573 1016 1672 Domogne
1034 1589 1073 1652 de
1089 1587 1211 1654 Polioia
1228 1589 1364 1674 Gemite,
1389 1591 1451 1652 Sia·
1523 1571 1524 1628 1

331 1715 415 1761 uano
433 1701 464 1759 et
479 1696 666 1762 Stanislauo
683 1695 723 1762 de
740 1696 884 1762 Birberio
901 1697 1117 1764 seruientibus
1143 1697 1289 1763 eiusdem
1317 1696 1450 1778 Comitio,

322 1809 361 1876 ¹et
377 1803 533 1886 Magistro
550 1805 737 1869 Benuenuto
754 1805 877 1870 medico
894 1803 1037 1872 eiusdem
1054 1804 1175 1870 domini
1202 1803 1347 1888 Comitio,
1364 1803 1444 1870 testi·

330 1908 416 1976 tibus
433 1910 474 1975 de
490 1911 551 1996 hys
568 1911 694 1976 uocatis
711 1917 744 1976 et
760 1912 890 1994 rogatis.

437 2020 479 2083 Et
494 2019 564 2102 Ego
581 2018 724 2084 Siroctua
741 2019 829 2084 Petri
845 2018 887 2084 de
912 2020 1047 2085 Ancona
1073 2019 1240 2104 Imperiali
1267 2019 1450 2084 auctoritate
1523 2007 1524 2094 1

331 2125 496 2207 Notarius,
512 2126 573 2212 hys
589 2126 737 2192 omnibus
752 2126 893 2212 interfui,
912 2133 943 2192 et
968 2131 1101 2210 rogatus
1126 2128 1254 2194 soibere
1280 2125 1393 2211 scripsi
1409 2125 1450 2188 sic

331 2239 466 2318 rogatus
482 2255 502 2299 a
518 2233 604 2298 dioto
623 2235 751 2300 domino
768 2233 900 2302 Comite.

580 2431 703 2494 (Lucina,
716 2433 844 2484 memorie
857 2431 977 2482 storiohe
991 2433 1018 2482 di
1033 2432 1186 2490 Treu,132.
1200 2431 1230 2494 l.)

780 2715 995 2727 ———-—-—.

860 3230 935 3296 113.

327 3426 473 3497 Atmiaco
487 3434 585 3496 octroe
615 3427 829 3516 Ιτότεέςέπεῖιο
854 3429 1016 3516 tdrpybaa
1031 3429 1223 3494 leicotetezeee
1252 3425 1340 3492 Τναιι
1362 3429 1456 3490 odron·

739 3535 932 3620 irctaycibau.
952 3534 1048 3598 1294.

433 3730 528 3796 Anno
546 3729 677 3795 Domini
692 3727 804 3794 M⁰CO⁰
820 3728 1033 3811 nonagesimo
1052 3732 1167 3812 quarto
1184 3726 1367 3792 indiccione
1382 3743 1453 3808 sep·

325 3837 414 3905 tima.
432 3838 602 3922 Regnante
619 3835 751 3903 domino
767 3835 901 3902 Andrea
926 3833 1145 3902 Sereniesimo
1163 3835 1250 3916 Rege
1265 3829 1448 3916 Hungarie3

326 3952 358 4011 et
373 3953 517 4031 tempore
533 3946 700 4030 Magnifioi
725 3953 758 4012 et
782 3944 926 4029 potentis
941 3945 1003 4010 viri
1020 3943 1142 4011 domini
1168 3941 1303 4027 Georgij
1330 3941 1370 4006 de
1385 3938 1451 4004 Bir·

324 4055 414 4120 berio
431 4054 563 4121 Comitis
587 4053 731 4138 Almieei‚
749 4052 803 4119 die
822 4053 961 4121 Venerio
976 4050 1033 4119 lX.
1049 4050 1182 4138 Aprilis.
1209 4050 1292 4117 Oum
1307 4047 1450 4115 dominus
1523 4051 1524 4136 ᾗ

325 4159 486 4229 Mattheus
504 4159 625 4228 domini
644 4160 736 4246 Luoij
755 4159 906 4226 Sindicus
940 4158 987 4246 (et
1013 4163 1203 4244 procurator
1220 4155 1403 4223 Communis
1421 4160 1460 4237 et·

209 4355 213 4364 ἱ
325 4267 506 4355 hominum)
533 4270 684 4354 Tragurij
715 4305 1054 4319 ——————
1073 4285 1132 4352 pro
1157 4265 1289 4332 domino
1306 4261 1453 4346 Georgeo

323 4374 457 4458 Comite,
475 4384 507 4444 et
523 4396 581 4462 pro
600 4373 770 4443 Communi
786 4381 819 4442 et
838 4373 1023 4442 hominibus
1039 4373 1183 4458 Almiesi,
1201 4389 1242 4437 ae
1257 4369 1337 4454 alijn
1353 4365 1452 4436 fideli·

323 4481 385 4550 bus
401 4482 483 4552 dicti
499 4482 621 4552 domini
637 4482 785 4570 Comitis,
801 4503 838 4550 se
854 4489 885 4549 et
896 4482 1072 4550 Commune
1090 4477 1243 4564 Tragurij
1260 4473 1452 4562 obligauerit
1523 4475 1524 4532 1
