3120 5172
328 466 427 535 mine
443 469 713 536 sanctimoniales
736 471 777 536 de
795 469 909 536 ordine
924 469 1077 536 Fratrum
1087 467 1243 534 itinerum
1254 469 1287 533 in
1299 469 1394 536 domo
1410 491 1454 537 nc

335 575 413 643 bilis
423 577 553 645 domine
565 577 727 662 qnondam
741 580 855 646 relicte
871 576 1021 662 Magistri
1031 579 1137 664 Moysi
1148 577 1182 642 in
1197 583 1306 644 castro
1322 577 1454 646 Budensi

324 689 418 750 ante
449 686 625 754 claustrum
650 685 797 752 Fratrum
812 686 971 754 Minorem
988 690 1233 770 commorantes,
1259 683 1303 750 ad
1319 693 1452 756 nostran

337 792 530 861 aecedentes
540 795 744 879 presenciam
765 793 978 860 exhibuerunt
994 795 1088 860 nohis
1106 801 1257 880 patentes
1268 794 1394 861 litteras
1409 814 1452 861 uo-

337 903 424 966 stras
441 899 637 986 superfacto
654 901 855 985 quarundam
873 901 1116 987 possessionum
1140 900 1305 968 confectas
1314 953 1325 988 ,
1356 911 1457 988 peten-

338 1011 387 1074 tes
403 1027 477 1075 cnm
494 1009 666 1094 instancia,
682 1017 717 1076 ut
733 1010 866 1076 easdem
881 1010 1008 1075 litteras
1039 1009 1201 1094 aprobare
1210 1061 1219 1095 ,
1248 1009 1412 1078 ratificare-
1431 1017 1455 1075 et

337 1123 448 1183 nostro
468 1116 677 1201 dignaremur
708 1117 912 1202 benignitate
942 1116 1045 1199 Regia
1062 1116 1235 1201 priuilegio
1259 1117 1450 1186 confirmare.

338 1221 436 1289 Cuius
453 1223 584 1306 quidem
601 1235 694 1294 tenor
709 1225 787 1293 talis
803 1235 871 1292 cst:

447 1328 516 1397 Nos
540 1331 689 1400 Andreas
714 1334 754 1398 D.
773 1353 818 1416 gr.
852 1333 922 1398 Rex
935 1333 1046 1416 Hung.
1075 1333 1139 1399 stit.
1166 1330 1380 1418 (hovestetin
1404 1331 1455 1399 Ill.

339 1435 450 1502 Endre
466 1435 645 1523 kirtlynok
662 1439 799 1508 1293-tri
814 1441 991 1528 clrmanya,
1004 1442 1087 1506 mint
1101 1439 1232 1508 fenteblr
1249 1443 1302 1507 76.
1320 1459 1365 1507 sa
1374 1439 1417 1526 a.)

446 1547 514 1613 Nos
528 1547 629 1632 igitur
644 1548 862 1634 peticionibus
873 1549 1033 1614 dictarum
1049 1545 1348 1615 sanctimonialium
1364 1547 1457 1630 Regio

339 1651 488 1720 inclinati
506 1673 578 1722 oum
595 1653 719 1741 fauore,
734 1655 899 1743 predictas
915 1665 1065 1742 patentes
1091 1656 1217 1722 litteras
1236 1675 1301 1722 non
1317 1654 1458 1739 abrasas,

339 1779 406 1826 non
422 1763 631 1851 cancellatas,
648 1763 761 1833 necin
777 1765 890 1848 aliqua
906 1765 958 1832 sui
973 1772 1066 1850 parte
1080 1764 1231 1849 uitiatas,
1247 1764 1289 1832 de
1304 1765 1407 1832 uerbo
1420 1762 1457 1830 etl

339 1868 474 1935 uerbum
501 1870 705 1955 presentibus
733 1871 834 1940 inseri
865 1871 1014 1940 iaciendo
1039 1872 1233 1940 anctoritate
1261 1871 1457 1955 presencium

341 1974 490 2044 duximus
507 1979 755 2048 confirmandus.
772 1981 810 2048 ln
826 1982 917 2049 ouius
948 1981 995 2048 rei
1012 1980 1201 2048 memoriam
1226 1984 1259 2044 et
1273 1984 1456 2064 perpetuam

339 2083 526 2153 firmitatem
558 2094 726 2170 presentes
758 2085 1007 2175 (concessimus)
1041 2087 1205 2174 dupplici·
1237 2085 1340 2170 sigilli
1364 2085 1456 2152 nostri

340 2190 519 2260 munimine
551 2193 734 2262 roboratas.
766 2197 887 2262 Datum
918 2217 978 2282 per
1002 2215 1120 2262 manus
1150 2193 1347 2262 venerabilis
1363 2193 1456 2278 patris

339 2298 450 2367 fratris
465 2299 622 2368 Anthonii
639 2299 810 2388 (Episcopi
835 2299 1091 2389 Chanadicnsis)
1118 2301 1161 2367 dc
1185 2297 1298 2366 ordine
1314 2303 1456 2368 Fratrum

339 2405 501 2474 Minorem
517 2411 594 2476 aule
609 2419 720 2479 nostre
745 2411 1035 2495 Vico-(lancellarij
1064 2407 1179 2479 dilecti
1194 2415 1227 2476 et
1242 2407 1350 2478 tidelis
1365 2407 1457 2476 nostri

341 2533 427 2581 anno
443 2517 575 2584 Domrur
590 2517 623 2582 M
630 2529 1060 2570 ————————

342 2710 482 2776 (Ercdstie
495 2709 670 2781 biirhlrtytm
683 2716 812 2782 melynelr
825 2717 910 2783 ltiggtl
932 2715 1055 2784 pecsetje
1073 2715 1212 2776 elvessett,
1226 2711 1256 2767 ts
1275 2713 1334 2766 also
1347 2708 1459 2764 merloti

432 2802 518 2854 darab
530 2803 752 2870 kisaalrlttatott3
766 2806 883 2858 lrttatlve
896 2805 976 2858 nahai
988 2807 1038 2859 Dr.
1052 2795 1139 2858 iltuto
1152 2786 1276 2871 Agoston
1289 2801 1376 2867 nau)

873 3531 946 3600 tat.

343 3713 407 3783 ΙΙΙ.
425 3715 535 3781 Fortirc
551 3715 725 3800 kirtlynak
744 3713 868 3784 Ruazlro
883 3721 962 3779 aaut
980 3712 1088 3800 fo'ldet
1110 3713 1266 3797 tcirpyoao
1291 3713 1460 3796 cdomaopu

626 3823 758 3907 Populci
771 3821 881 3887 Jalub
897 3825 1054 3888 εῑάιιιάνα.
1085 3821 1185 3884 1289.

450 4016 599 4084 Andreas
616 4017 679 4088 Dei
697 4015 998 4103 graciallungarie,
1009 4016 1189 4102 Dalmatio,
1201 4013 1349 4101 Oroaeie,
1360 4017 1464 4094 Rama,

342 4128 466 4212 Seruie,
484 4125 634 4210 stulticie,
650 4126 850 4212 Lcdomeric,
869 4123 1025 4192 Cumanis
1042 4123 1262 4208 Bulgarieqnc
1277 4124 1349 4190 Rex
1372 4117 1463 4187 omni·

340 4235 402 4302 bus
419 4233 540 4303 Christi
556 4235 707 4304 fidelibus
724 4240 893 4322 presentes
909 4235 1034 4303 litteras
1050 4230 1244 4320 inspecturis
1272 4231 1409 4297 salutem
1432 4227 1463 4290 in

341 4341 481 4409 Domino
498 4346 739 4430 sempiternam.
757 4341 809 4408 Ad
825 4341 1049 4409 uniuersorum
1066 4340 1223 4408 noticiam
1247 4338 1363 4404 harum
1387 4331 1464 4402 serie

340 4451 490 4517 uolumus
506 4452 687 4538 peruenire,
705 4449 791 4533 quod
806 4449 949 4518 Jaccbns
966 4447 1007 4516 de
1024 4449 1141 4536 Paynk
1157 4446 1201 4512 ad
1218 4453 1363 4512 nostram
1377 4459 1464 4510 acee-

343 4555 423 4622 dens
438 4558 654 4642 presenciam,
671 4557 835 4640 quandam
851 4563 970 4622 terram
987 4555 1122 4624 Etleuelr
1140 4562 1173 4624 ct
1187 4554 1305 4624 Jacobi
1323 4551 1467 4619 :filiorum
