3098 5172
632 340 791 436 *mu—

250 525 320 592 Nos
338 526 488 594 Andreas
504 529 567 595 Dei
582 531 695 614 gracia
711 532 781 597 Rex
797 532 941 615 Vagarie
965 535 1027 600 stb.
1055 533 1272 623 (kevetkcaik

139 632 203 698 111.
220 631 329 700 Mndre
345 634 524 722 kirtlynalr
545 638 680 706 1292·ιί
697 640 873 729 okmanya,
884 641 965 708 mint
974 643 1107 711 fentobb
1118 649 1171 716 55.
1184 651 1275 716 satam

139 741 234 806 alatt.

249 832 317 896 Mos
335 832 420 897 enim
435 834 559 900 nemini
574 835 608 900 in
628 855 687 902 suo
703 835 774 902 iure
790 835 903 904 deesse
921 839 1079 928 uolentes,
1097 841 1176 923 quia
1201 863 1273 927 pre·

140 935 247 1004 dictus
266 938 383 1006 Comes
414 940 554 1008 lacobus
586 943 620 1008 in
651 944 796 1011 terminis
823 945 931 1030 sepius
948 947 1124 1032 assumptis
1152 949 1271 1017 instru-

140 1051 251 1110 menta
267 1065 327 1112 sua
343 1067 408 1112 non
425 1048 581 1135 exhibuit,
598 1055 633 1114 ut
665 1049 823 1136 debebat,
849 1052 993 1118 maxime
1009 1055 1087 1136 quia
1103 1055 1147 1121 ad
1164 1057 1272 1124 termi-

139 1171 217 1217 num
233 1153 374 1241 finalem,
391 1155 424 1220 in
442 1175 504 1238 quo
521 1156 644 1224 decisio
666 1157 763 1225 buius
779 1158 907 1244 negooij
924 1159 996 1226 fieri
1013 1159 1135 1243 debuit,
1154 1162 1197 1232 ad
1213 1185 1270 1232 uo·

138 1267 239 1326 stram
256 1263 468 1350 presenciam,
486 1273 521 1332 nt
537 1266 731 1350 premissum
748 1273 809 1354 est,
827 1287 890 1333 non
907 1267 1009 1356 uenit,
1035 1288 1142 1352 neque
1168 1269 1267 1359 misit,

137 1367 251 1453 pocius
268 1369 341 1438 iura
357 1379 388 1437 et
403 1374 493 1456 leges
508 1373 638 1458 penitus
655 1375 938 1461 contempnendo;
956 1397 1020 1442 vna
1036 1395 1108 1442 eum
1134 1377 1268 1444 Beroni-

138 1479 198 1543 bus
216 1485 247 1543 et
262 1477 433 1545 Nobilibus
448 1481 555 1562 Regni
572 1501 671 1564 quam
688 1481 838 1567 pluribus
855 1483 1026 1549 nobiseum
1038 1483 1076 1548 in
1086 1483 1206 1551 iudicio
1217 1505 1267 1552 as-

137 1583 329 1671 sidentibus,
347 1586 425 1652 visis
442 1596 474 1652 et
490 1589 640 1671 perlectis
657 1589 778 1656 eisdem
795 1591 984 1675 patentibus
1000 1591 1117 1658 litteris
1143 1590 1268 1659 domini

134 1691 244 1778 Regis,
261 1693 370 1778 ipsum
386 1695 543 1761 Comitem
561 1699 717 1763 Jacobum
736 1703 847 1764 contra
863 1697 995 1764 easdem
1012 1696 1162 1764 dominas
1179 1719 1267 1765 soro·

134 1816 187 1864 res
203 1799 238 1863 iu
258 1799 345 1866 iacto
363 1800 504 1886 predicte
521 1802 736 1887 possessionis
762 1804 920 1889 Voyzlow
945 1803 1186 1872 sentencialiter
1211 1805 1266 1871 de·

134 1909 296 1974 oreuimus
319 1909 389 1975 lore
415 1911 620 1994 conuictum;
647 1917 680 1976 et
707 1911 844 1977 eandem
873 1913 1114 1997 possessionem
1140 1911 1265 1979 eisdem

133 2010 327 2082 dominabus
343 2019 510 2084 sororibus
528 2035 585 2085 seu
602 2020 798 2084 Mouasterio
815 2019 956 2102 Virginis
974 2017 1121 2086 Gloriosa
1146 2019 1188 2087 de
1212 2020 1262 2087 In·

131 2123 205 2188 sula
223 2125 414 2208 reliquimus
432 2133 464 2190 et
488 2129 663 2192 statuimus
688 2133 844 2210 perpetuo
871 2125 1007 2211 pacifice
1032 2126 1205 2193 tenendam
1231 2135 1264 2194 et

116 2227 328 2318 -babendam,
345 2231 451 2298 eidem
469 2232 584 2299 comiti
600 2232 723 2299 Jacobo
749 2241 942 2318 perpetuum
967 2232 1135 2300 silencium
1160 2233 1262 2320 impe·

126 2344 254 2403 nentes.
281 2339 350 2405 Hoc
377 2341 479 2406 eciam
506 2342 692 2406 necessario
717 2340 922 2425 presentibus
947 2339 1097 2408 duximus
1120 2339 1263 2410 inseren-

128 2443 226 2530 dum;
245 2447 418 2529 quodcum
436 2449 594 2532 Magister
609 2449 748 2515 Michael
766 2449 807 2515 de
825 2447 939 2516 Castro
955 2449 1086 2536 Ferreo,
1104 2447 1259 2516 Notarius

127 2549 282 2635 Magistri
299 2553 387 2640 Opor
403 2557 530 2624 Judicis
547 2557 642 2624 Curia
666 2556 790 2624 domini
815 2558 915 2640 Regis
942 2556 1064 2624 domini
1090 2557 1202 2636 nostri,
1219 2577 1260 2624 ex

127 2661 355 2728 commissione
372 2661 516 2730 eiusdem
532 2663 654 2732 domini
670 2667 773 2731 nostri
791 2663 834 2730 ad
856 2664 1074 2748 exbigendum
1101 2665 1173 2729 iura
1199 2683 1260 2731 sua

126 2766 161 2831 in
176 2768 335 2836 societate
366 2793 431 2838 vna
462 2773 631 2840 nobiseum
663 2779 820 2858 maneret,
857 2783 889 2838 et
905 2793 965 2839 uos
996 2775 1030 2838 iu
1047 2772 1194 2838 omnibus
1210 2771 1257 2838 ia·

126 2874 187 2942 etis
202 2897 261 2944 seu
279 2881 423 2964 negoeijs
439 2882 571 2966 nostris,
589 2887 620 2947 et
645 2881 831 2966 specialiter
855 2880 888 2944 in
913 2881 1000 2946 facto
1024 2880 1129 2963 sigilli
1155 2876 1257 2946 nostri

124 2985 231 3054 eidem
248 2993 416 3072 tamquam
432 2988 521 3056 socio
537 2995 648 3054 nostro
665 2988 918 3068 confideremus;
936 2986 1022 3052 idem
1032 2987 1190 3070 Magister
1200 2987 1256 3053 Mi·

123 3093 219 3161 cbael
236 3095 444 3181 priuilegium
461 3096 521 3162 sub
539 3095 650 3180 sigillo
667 3106 775 3162 nostro
793 3113 891 3176 super
909 3091 995 3159 laeto
1011 3092 1155 3176 predicte
1180 3113 1254 3178 pos·

122 3201 280 3268 sessionis
312 3211 424 3270 contra
449 3203 581 3269 easdem
597 3203 745 3269 dominas
761 3220 889 3268 sorores
907 3200 1031 3284 absque
1046 3207 1157 3267 nostro
1168 3200 1254 3268 scitu

121 3313 155 3373 et
171 3328 332 3376 consensu
348 3309 453 3377 eidem
470 3309 586 3376 Comiti
603 3309 727 3377 Jacobo
751 3309 882 3375 dedisse
907 3307 1024 3373 dieitur
1048 3299 1132 3373 falso
1157 3306 1253 3374 modo

120 3423 155 3481 et
171 3415 301 3500 penitus
318 3423 430 3484 contra
446 3418 536 3501 iura;
554 3413 638 3482 vnde
655 3417 684 3482 si
708 3417 756 3481 ita
782 3423 832 3482 est
857 3416 941 3482 sieut
966 3413 1094 3500 dieitur,
1120 3413 1253 3498 priuile-

119 3523 211 3605 gium
228 3523 290 3589 sub
307 3523 418 3606 sigillo
435 3529 547 3592 nostro
563 3531 676 3591 eontra
693 3525 826 3592 easdem
842 3523 992 3590 dominas
1009 3539 1136 3588 sorores
1152 3539 1251 3604 super

118 3625 209 3695 iacto
226 3627 371 3697 eiusdem
387 3633 605 3717 possessionis
617 3631 749 3717 Vyzlow
765 3651 822 3714 per
837 3628 976 3696 eundem
985 3627 1142 3694 Comitem
1154 3629 1250 3696 laoc-

118 3734 197 3802 bum
212 3757 273 3823 per
288 3737 471 3806 huiusmodi
487 3738 643 3826 fraudem,
672 3739 879 3804 dolositatem
895 3744 927 3803 et
951 3734 1115 3802 maliciam
1141 3741 1251 3819 opten-

117 3849 197 3932 tum,
215 3863 384 3913 cassamus
408 3851 441 3914 et
456 3869 514 3934 per
529 3849 639 3914 omnia
655 3846 841 3931 irritamus;
857 3845 904 3911 ita
923 3843 1087 3929 videlieet,
1104 3848 1139 3908 vt
1149 3861 1250 3924 quan·

4 4003 13 4022 .
115 3949 311 4039 decemque,
327 3955 520 4038 ubicumque
537 3963 569 4021 et
584 3977 642 4041 per
658 3972 882 4040 quemcunque
907 3951 1013 4039 ipsum
1038 3948 1245 4035 priuilegium

114 4060 149 4125 in
174 4063 283 4130 lucem
310 4062 484 4131 deductum
510 4061 617 4150 suerit,
643 4063 767 4131 uiribus
792 4068 904 4128 eareat
927 4056 1099 4126 firmitatis.
1126 4059 1247 4124 Datum

113 4169 208 4238 Bude
224 4170 363 4256 septimo
380 4169 434 4236 die
450 4181 525 4256 post
540 4179 676 4239 octauas
700 4170 894 4238 Natiuitatis
920 4164 1067 4252 Virginis
1094 4164 1244 4233 Gloriosa

111 4297 202 4345 anno
219 4277 353 4346 Domini
370 4277 491 4344 M⁰OO⁰
508 4279 721 4363 nonagesimo
737 4281 858 4362 quinto.

105 4473 628 4548 fflrcdouebethamnaram-voro·
650 4475 879 4545 selyemasinbron
902 4473 986 4541 sslggii
1008 4469 1100 4542 peesdt
1124 4469 1199 4532 alatt,
1225 4485 1243 4522 a

433 4571 517 4622 budai
529 4572 582 4622 kir.
592 4569 714 4621 kamarai
735 4563 926 4631 levdlttrban.)

566 4713 781 4727 ————=
