3120 5172
849 274 1007 370 ,ἔφη

345 478 396 540 «α
409 468 537 540 Botond
551 467 646 536 fratri
662 467 808 536 eiusdem
824 465 1025 552 vendiderat,
1042 473 1099 532 ant
1125 465 1243 532 darent
1267 464 1330 533 sibi
1354 487 1407 552 pro
1430 489 1474 534 ea·

361 579 436 646 dom
451 577 559 646 simile
574 573 809 644 ooneambinm.
825 573 881 642 Ad
898 573 986 657 quod
1002 571 1119 640 Comes
1135 573 1275 640 lliohael
1300 578 1333 640 et
1355 574 1409 658 filij
1434 577 1473 641 sui

361 686 482 772 prelati
497 683 677 752 obicientes
693 682 845 750 similiter
860 701 918 766 per
933 679 1072 750 formam
1088 679 1224 764 Jndioij,
1252 680 1365 748 habito
1388 683 1474 750 eonsi-

361 792 409 860 lio
433 797 646 878 eognatorum
671 795 704 856 et
727 788 1071 874 amioorumvsnorum,
1103 787 1226 855 diatim
1253 787 1473 874 possessionem

361 897 514 967 Pehelnan
531 897 635 985 ipsius
652 896 786 964 Comitis
803 896 937 981 Thonis,
955 895 1062 962 eidem
1078 901 1111 960 et
1135 894 1216 982 iilijs
1233 897 1312 982 suis,
1336 903 1474 982 tanquam

341 1008 414 1092 .jns
430 1026 541 1074 eorum
566 1002 798 1072 hereditarium
825 1004 1026 1088 reliquerunt
1049 1021 1159 1069 eoram
1183 1003 1277 1070 nobis
1301 1004 1429 1086 paeifioo
1450 1011 1475 1069 et

360 1114 489 1199 quiete,
507 1114 540 1177 in
557 1111 753 1178 eontrarium
769 1111 918 1194 prelatus
933 1109 1074 1178 Miolrael
1090 1117 1122 1175 et
1137 1109 1194 1195 filij
1213 1110 1265 1176 sni
1288 1110 1407 1177 dietum
1428 1110 1475 1176 Oo-

362 1221 474 1288 mitem
489 1218 659 1305 Thomam,
675 1219 732 1302 qui
749 1224 816 1284 tam
831 1237 890 1303 pro
906 1237 953 1303 se,
975 1237 1074 1301 quam
1100 1237 1158 1304 pro
1183 1217 1335 1285 omnibus
1358 1217 1428 1304 filijs
1450 1225 1476 1284 et

349 1325 616 1412 eognaeionibns
632 1325 701 1392 suis
716 1345 790 1392 oum
807 1323 1014 1392 euidentibus
1030 1325 1261 1413 proouratorijs
1286 1325 1402 1394 litteris
1424 1324 1476 1391 (iu-

355 1432 460 1520 pituli
474 1433 660 1504 Waoiensis
676 1435 818 1520 astabat,
830 1433 1033 1520 Stephanum
1050 1432 1151 1500 filium
1166 1433 1250 1520 Aba,
1267 1435 1324 1518 qui
1339 1435 1474 1502 similiter

363 1547 432 1607 tam
446 1560 506 1627 pro
521 1560 556 1608 se
572 1559 670 1624 quam
685 1559 744 1626 pro
760 1539 839 1630 filijs
853 1539 934 1628 suis,
952 1540 1158 1624 Stephanum
1173 1540 1276 1606 filium
1292 1543 1413 1627 llyoor,
1428 1539 1477 1624 qni

353 1669 422 1736 ‚pro
438 1669 474 1715 se
499 1655 533 1716 st
557 1668 614 1734 pro
638 1647 759 1714 Bunow
783 1647 885 1714 fratre
910 1667 970 1714 suo
995 1646 1146 1714 similiter
1171 1667 1279 1714 eoram
1304 1648 1394 1714 nobis
1416 1667 1477 1714 oum

356 1755 594 1844 procuratorijs
611 1754 730 1822 litteris
746 1753 892 1842 Capituli
908 1753 1069 1823 Budensis
1085 1755 1176 1822 iuxta
1186 1753 1325 1823 eundem
1337 1755 1476 1822 Comitem

363 1862 524 1930 ‘rhomam
538 1868 709 1945 eognetum
725 1863 869 1948 ipsorum
885 1861 1068 1944 astiterant,
1086 1861 1162 1929 lieet
1177 1881 1243 1928 uon
1259 1861 1355 1928 inuiti
1369 1880 1425 1928 neo
1439 1860 1476 1926 ei·

359 1971 435 2053 tati,
463 1969 612 2036 similiter
628 1989 686 2056 per
702 1968 841 2036 formam
851 1968 1066 2052 jndiciariam
1094 1968 1344 2056 requisiuerunt,
1371 1968 1398 2036 si
1422 1965 1477 2052 ipsi

352 2085 478 2144 »eontra
493 2075 624 2144 eosdem
642 2075 796 2149 Comitem
813 2075 1007 2156 lliohaelem
1033 2082 1065 2142 et
1090 2075 1173 2143 filios
1199 2096 1276 2144 suos
1302 2097 1399 2160 super
1420 2073 1477 2140 alia

364 2191 454 2250 terra
484 2183 656 2268 Pehohan,
689 2202 787 2266 quam
818 2183 984 2267 quondam
1019 2182 1136 2253 Comiti
1171 2184 1299 2269 Myeow
1334 2183 1399 2249 filio
1423 2183 1476 2246 Ile·

363 2295 468 2376 triay,
508 2289 664 2375 Dedaoh,
703 2291 829 2376 ilyoow
866 2289 969 2357 frater
1003 2290 1128 2378 ipsius,
1160 2287 1282 2358 Paulus
1318 2297 1350 2357 et
1381 2287 1478 2356 Huuth

365 2395 406 2463 de
421 2397 560 2481 Strogea
590 2397 754 2464 mediante
785 2395 958 2482 priuilegia
989 2397 1130 2484 Capituli
1161 2397 1332 2475 Budensis,
1366 2419 1404 2463 er
1418 2415 1478 2481 per·

365 2505 520 2572 missione
550 2509 584 2569 et
615 2505 701 2571 bona
726 2504 895 2572 voluntate
927 2504 1071 2572 eiusdem
1098 2505 1232 2574 Comitis
1265 2503 1395 2572 'l'lrome
1415 2522 1479 2570 ren·

354 2611 526 2696 diderant,
542 2609 701 2678 haberent
717 2610 861 2694 aliquam
879 2612 1043 2680 aorionem
1060 2620 1174 2680 eontra
1208 2615 1299 2700 ipsos
1309 2665 1319 2700 ,
1350 2633 1407 2680 neo
1421 2609 1479 2676 ne?

353 2717 427 2798 ‘Qui
443 2717 567 2785 suilioet
599 2718 714 2787 Comes
746 2718 887 2786 Thomas
914 2727 945 2786 et
975 2739 1087 2788 omnes
1117 2719 1174 2805 alij
1192 2719 1408 2805 prenominati
1435 2735 1479 2782 oo·

365 2827 456 2914 gnati
482 2827 545 2915 sui,
576 2834 641 2892 tam
672 2845 731 2913 pro
758 2847 793 2894 ss
808 2847 917 2910 ,quarn
943 2847 1001 2915 pro
1026 2827 1103 2912 filijs
1131 2827 1304 2894 eorundem
1321 2826 1481 2893 dixerunt:

353 2935 453 3021 ··quod
469 2955 567 3021 super
582 2935 655 3018 ipsa
672 2935 741 3001 alia
767 2935 973 3020 possessione
997 2933 1152 3003 Pehohau
1178 2935 1303 3003 nullam
1329 2934 1483 3002 senionem

364 3043 522 3109 haberent
536 3048 651 3108 eontra
676 3041 809 3108 eosdem
836 3039 993 3108 Comitem
1019 3042 1211 3110 Michaelem
1239 3051 1271 3112 et
1295 3041 1380 3108 filios
1405 3057 1483 3122 suos,

351 3150 422 3218 sed
439 3145 575 3216 eandem
590 3147 690 3216 aliam
705 3149 946 3234 possessionem
962 3148 1116 3218 Pehohan
1133 3170 1204 3217 enm
1221 3149 1414 3218 utilitatibus
1424 3146 1484 3214 suis

364 3265 396 3324 et
412 3253 622 3342 pertiuenoijs
638 3253 808 3340 uniuersis,
826 3245 1012 3342 specialiter
1027 3275 1099 3322 eum
1116 3257 1195 3324 loeis
1222 3253 1485 3334 molendinorum,

359 3361 554 3430 nominatim
585 3379 657 3426 oum
682 3361 754 3428 loeo
778 3361 867 3427 illins
891 3361 1093 3448 molendini,
1119 3363 1206 3448 quod
1232 3363 1266 3429 in
1294 3371 1378 3432 meta
1405 3361 1486 3428 illius

365 3470 498 3536 terrain
514 3467 614 3536 fluuio
630 3467 790 3553 Ipulesse
807 3467 935 3558 dieitur,
947 3487 1024 3550 ,eum
1052 3471 1140 3537 omni
1166 3470 1373 3538 dimidietate
1398 3469 1489 3537 silun-

362 3597 445 3660 rura,
462 3595 524 3661 que
539 3574 728 3642 dimidietas
755 3582 806 3644 est
830 3595 851 3642 a
875 3582 970 3662 parte
995 3595 1051 3642 seu
1077 3576 1248 3646 uicinitate
1273 3585 1354 3646 terre
1380 3573 1489 3656 Halae,

352 3690 397 3750 -et
414 3682 613 3750 dimidietate
630 3703 805 3767 nemorum,
824 3683 895 3750 sine
911 3683 1023 3770 aliqua
1040 3705 1141 3752 eausa
1157 3705 1238 3772 pure
1256 3695 1289 3753 et
1307 3684 1490 3772 simpliciter

359 3794 565 3878 reliquerunt
580 3793 699 3860 Oomiti
715 3791 868 3860 lliohaeli
884 3801 915 3862 et
931 3793 1009 3881 filijs
1026 3797 1093 3862 suis
1110 3795 1247 3881 prefatis
1259 3803 1416 3881 perpetuo
1426 3807 1492 3878 pos-

361 3901 545 3988 sidendam,
563 3907 657 3987 prout
673 3901 777 3970 esiam
793 3901 972 3970 seeundum
999 3901 1137 3970 formam
1165 3903 1352 3990 patenoium
1378 3901 1492 3968 littera·

365 4030 437 4078 rum
454 4007 587 4076 Comitis
611 4009 745 4076 Martini
777 4009 941 4094 quondam
968 4009 1165 4093 Vioejndiois
1190 4009 1288 4078 Ourie
1314 4016 1426 4078 nostre
1451 4007 1493 4073 di-

356 4117 522 4185 miserant
537 4123 569 4182 et
585 4117 794 4202 reliquerant.
811 4114 954 4193 Quarum
971 4119 1159 4204 patenoium
1186 4119 1369 4186 litterarum
1396 4117 1494 4205 ipsi-a

353 4223 500 4292 ‘Comitis
516 4223 649 4290 Martini
665 4219 865 4309 Vioejudieis
882 4229 976 4292 tenor
991 4225 1068 4291 talis
1085 4233 1154 4292 ost:

472 4333 540 4399 Nos
556 4327 672 4397 Oomes
689 4329 846 4398 Martinus
865 4331 1045 4416 VioeJudex
1064 4329 1160 4400 Curio
1177 4328 1301 4400 domini
1315 4333 1420 4418 Regis
1441 4349 1496 4395 me

359 4438 468 4506 morie
498 4436 765 4506 commendantes
792 4438 1014 4524 significamus
1040 4439 1103 4508 stb.
1130 4437 1346 4528 (kevetlreaik
1371 4438 1496 4508 Marion

355 4545 659 4628 alorsztsgbironalr
678 4545 813 4615 tneo-ki
831 4545 1041 4632 ittlotlsrele,
1057 4547 1140 4614 mint
1156 4546 1289 4616 ientebb
1306 4548 1385 4618 1:28.
1402 4544 1497 4630 saa)
