3120 5172
790 289 951 390 AEi..

296 497 383 557 tnnc
399 486 589 574 specialiter
605 506 677 556 cnm
703 487 881 554 exercitum
897 485 1115 552 monisnernna
1139 489 1254 551 uonna
1269 481 1439 550 domiuum

298 597 475 666 albertum
500 616 539 664 eo
556 603 701 680 tempore
716 593 841 660 Ducem
856 593 990 660 dustria
1006 597 1039 658 ct
1053 592 1185 679 Styrye,
1200 592 1366 660 inimicum
1382 613 1437 660 no-

299 711 406 772 strum
421 706 612 791 specialem,
644 721 730 770 nunc
761 708 869 770 aulem
902 702 1024 786 Regem
1050 703 1269 768 Romanorum
1302 699 1439 786 Semper

300 812 498 897 Augustum,
514 817 639 898 patrem
655 815 801 877 nostrum
827 807 1060 906 karissimum,
1092 807 1178 877 idem
1194 807 1353 894 Magister
1368 809 1437 876 Ste-

306 919 434 1004 phanus
451 938 487 985 se
505 917 645 984 diuersis
661 916 793 983 fortune
808 916 940 983 casibus
957 913 1176 982 submittendo
1192 916 1287 983 nobis
1302 935 1437 984 cernen-

302 1027 392 1094 tibus
409 1044 489 1112 opus
506 1025 679 1094 consueuit
706 1021 794 1113 (lgy)
810 1024 942 1091 uirtutis
959 1044 1026 1091 uon
1050 1022 1226 1106 deserens,
1250 1019 1437 1090 dimicando

305 1132 516 1200 laudabiliter
533 1131 726 1216 obsequium
743 1129 886 1198 exercuit
901 1132 1105 1216 graoiomm3
1125 1136 1237 1216 utpote
1247 1131 1343 1198 miles
1358 1139 1437 1199 stre·

300 1259 388 1306 nnus
404 1241 518 1306 subtus
533 1243 675 1306 castrum
707 1238 862 1326 Vyenue,
892 1237 1033 1306 aduersa
1063 1240 1167 1324 partis
1198 1237 1352 1308 videlieet
1367 1240 1437 1307 acie

305 1346 578 1414 Thoutonicorum
593 1346 739 1432 inpetum
755 1364 820 1412 non
835 1343 1028 1432 formidans,
1045 1363 1107 1412 nec
1123 1343 1366 1413 multitudinem
1381 1345 1437 1414 ho-

301 1455 403 1521 stium
421 1472 669 1540 expauessceus,
687 1451 830 1520 letaliter
846 1451 956 1518 extitit
972 1451 1158 1520 uulneratus.
1175 1454 1257 1520 Item
1275 1471 1348 1521 oum
1372 1455 1434 1522 llo-

303 1561 428 1630 landns
444 1563 630 1650 Woywada
641 1569 674 1630 ct
689 1561 806 1629 fratres
817 1561 870 1628 sni
885 1560 944 1646 filij
960 1560 1085 1628 Thome
1101 1569 1214 1628 contm
1230 1582 1291 1629 nos
1308 1581 1436 1648 procea-

304 1672 427 1739 sissent
442 1691 527 1740 ausu
543 1670 748 1755 themerarie,
760 1676 914 1737 eteorum
925 1676 1066 1739 ousbnm
1077 1669 1203 1738 Adrion
1213 1677 1434 1756 nuncupatum

305 1771 490 1848 faceremus
505 1779 699 1864 expugnari,
718 1776 804 1845 idem
820 1776 978 1862 Magister
987 1775 1173 1864 Stephanus
1189 1784 1346 1846 consueta
1360 1776 1436 1844 fide·

306 1885 398 1952 litate
413 1885 473 1951 sub
489 1883 605 1953 eodem
621 1890 729 1952 castro
744 1882 870 1950 Adriau
897 1883 1021 1951 uulnera
1045 1882 1161 1952 letalia
1185 1885 1309 1972 recepit
1338 1903 1436 1971 super

304 2013 352 2061 ae.
371 1993 527 2060 Nolentes
544 1991 647 2079 ipsius
662 1989 814 2077 Magistri
829 1988 988 2076 Stephani
1007 1991 1176 2060 meritoria
1192 1990 1350 2076 obsequia
1363 1991 1433 2058 sine

307 2101 464 2168 beneficio
480 2099 757 2168 remuneracionis
781 2093 1004 2186 pertransire,
1038 2099 1079 2167 de
1103 2100 1306 2183 benignitate
1321 2099 1434 2184 Regia,

303 2207 383 2274 licet
397 2207 612 2294 amplioribus
629 2213 662 2273 ct
676 2205 863 2294 pocioribus
880 2205 1000 2291 dignus
1024 2205 1345 2274 remuneracionibus
1360 2205 1433 2273 luis·

305 2319 378 2392 aet;
396 2322 506 2384 tamen
521 2313 566 2380 ad
581 2314 768 2381 memoriam
777 2313 953 2380 futurorum
970 2319 1002 2380 et
1017 2311 1052 2380 iu
1067 2310 1336 2380 reformationem
1351 2319 1434 2381 cete·

303 2441 413 2489 rorum
428 2422 514 2491 hanc
540 2421 684 2508 graelum
711 2421 887 2506 specialem
904 2419 1009 2488 eidem
1033 2421 1191 2506 Magistro
1207 2419 1387 2506 Stephano,
1406 2427 1436 2487 et

306 2547 367 2613 per
382 2549 457 2596 eum
473 2529 543 2596 suis
558 2528 732 2596 heredibus
751 2527 903 2596 duximus
929 2525 1135 2594 faciendam:
1153 2525 1239 2613 qnod
1253 2528 1334 2610 quia
1348 2527 1434 2594 idem

309 2637 464 2720 Magister
481 2637 666 2722 Stephanus
682 2633 825 2702 assiduis
841 2635 910 2704 auis
926 2633 1139 2720 querimonijs
1154 2635 1249 2702 nobis
1266 2633 1434 2720 recitabat,

284 2800 289 2809 .
305 2744 395 2827 quod
411 2745 525 2832 populi
540 2765 599 2812 seu
624 2743 827 2832 yobagiones
842 2741 947 2828 ipsius
976 2741 1011 2808 in
1042 2742 1111 2809 suis
1135 2743 1297 2810 uniuersis
1313 2759 1436 2828 posses

303 2849 454 2918 sionibus
470 2850 660 2940 residentes,
671 2849 1069 2936 dampna,destruooiones
1080 2855 1112 2916 et
1122 2849 1317 2934 grauamina
1326 2869 1434 2935 qnam·

309 2958 451 3042 plurimu
467 2978 526 3045 per
545 2959 675 3044 judicia
706 2962 738 3025 et
762 2955 911 3025 feritates
942 2957 1184 3025 sententiarum
1200 2955 1360 3025 Comitum
1376 2959 1433 3026 Pa·

308 3063 499 3133 rechialium
524 3074 556 3132 ot
581 3066 730 3134 (lurialcs
755 3062 897 3133 Comites
924 3063 1117 3149 eorundem,
1144 3064 1287 3132 maxime
1305 3084 1362 3148 per
1378 3063 1433 3130 So

305 3171 420 3238 mitem
430 3173 471 3240 de
481 3171 633 3240 Wolkow
644 3179 675 3240 et
685 3169 848 3238 Ourialem
858 3169 1016 3239 Comitem
1027 3169 1171 3239 eiusdem
1180 3177 1257 3238 suut
1265 3171 1431 3256 perpessi,

306 3280 444 3348 eundem
476 3279 668 3365 Magistrum
700 3276 913 3364 Stephanum,
929 3285 963 3347 et
994 3277 1132 3365 populos
1156 3296 1214 3344 seu
1236 3277 1433 3364 yobagiones

251 3453 255 3458 .
307 3386 411 3474 ipsius
430 3385 610 3472 uniuersos,
629 3394 845 3470 congregatos
861 3405 961 3472 super
977 3385 1199 3472 possessiones
1214 3383 1358 3453 eiusdem
1367 3385 1435 3469 vni-¹

307 3513 420 3561 uersas
436 3493 473 3560 in
490 3493 655 3562 Comitatu
672 3491 714 3559 de
730 3489 895 3574 Wolhow,
911 3513 1010 3577 quam
1026 3492 1060 3557 in
1075 3491 1154 3576 alijs
1171 3488 1383 3558 Oomilatibus
1400 3491 1432 3556 iu

305 3601 421 3684 Regno
438 3605 549 3667 nostro
566 3599 735 3683 Hungarie
752 3597 945 3684 constitutis,
972 3620 993 3665 a
1004 3597 1131 3682 judicio
1157 3603 1189 3663 ct
1202 3595 1431 3682 jurisdiocionc

307 3727 367 3776 seu
382 3713 545 3792 potestate
561 3705 697 3772 Comitis
715 3705 755 3774 de
781 3707 933 3775 Walkow
959 3713 992 3774 et
1022 3705 1165 3773 curialis
1197 3704 1332 3772 Comitis
1350 3706 1430 3771 eins·

304 3816 393 3902 dem,
411 3833 451 3880 ao
476 3813 612 3880 aliorum
638 3813 797 3880 Comitum
826 3814 1104 3899 Parrochialium,
1137 3820 1169 3880 et
1184 3813 1219 3879 in
1245 3814 1361 3896 quouis
1376 3811 1432 3881 Co·

307 3923 440 3990 mitibus
470 3921 731 3990 Parrochialibus
764 3929 795 3988 et
813 3921 998 3990 Cerialibus
1031 3921 1194 3989 Comitatu
1227 3920 1433 3988 existencinm

307 4051 366 4118 pro
391 4037 535 4117 tempore
560 4032 817 4116 constitutorum,
849 4029 999 4096 duximus
1030 4029 1270 4114 inperpetuum
1298 4031 1434 4097 eximen-

304 4138 378 4204 dos.
410 4139 537 4205 Dentes
567 4135 698 4204 lirmiter
729 4137 762 4203 in
791 4136 957 4204 mandatis
984 4137 1107 4204 eisdem
1133 4135 1310 4203 (homitibus
1327 4155 1433 4204 cornu

305 4243 393 4330 dem,
425 4251 458 4310 et
488 4244 676 4332 specialiter
690 4244 808 4312 Comiti
833 4241 874 4311 de
907 4245 1056 4332 Wolkou,
1087 4249 1124 4311 ut
1154 4244 1263 4312 nullus
1292 4244 1431 4329 ipsorum

308 4352 490 4437 predictum
509 4354 700 4438 Magistrum
718 4351 938 4439 Stephanum,
970 4351 1109 4420 heredes
1126 4349 1290 4432 eiusdem,
1317 4369 1358 4420 ae
1373 4349 1434 4416 vni-

308 4477 422 4526 uersos
438 4459 576 4544 populos
601 4482 659 4528 sen
675 4459 869 4546 iobagioncs
892 4459 997 4545 ipsius
1023 4466 1139 4527 contra
1169 4458 1313 4543 graciam
1331 4458 1433 4524 eidem

307 4583 368 4648 per
383 4585 443 4633 nos
458 4566 581 4633 factam
597 4568 630 4633 in
648 4567 709 4633 bae
720 4573 812 4653 parte
825 4567 866 4634 de
882 4575 990 4635 cetero
1006 4564 1127 4636 audeat
1143 4573 1201 4635 ant
1216 4567 1433 4652 presumptori
