3112 5158
100 1129 129 1198 A
145 1131 247 1198 hedai
262 1125 487 1218 keptaluuoulr
503 1133 779 1220 biaouperipleoele,
796 1137 878 1220 boyy
893 1159 915 1198 α
939 1137 1075 1221 Kaobuq
1098 1147 1227 1201 nemaei·

99 1237 213 1324 cephali
227 1240 369 1305 comeret
385 1263 404 1302 a
421 1240 533 1304 lebztr'llr
550 1264 572 1306 a
588 1242 679 1307 odeat
694 1242 855 1328 koptulurt
880 1243 953 1308 elttr
978 1245 1092 1308 torrent
1111 1244 1223 1311 tirtel-

379 1348 514 1433 oazta'lpt
521 1346 825 1433 soquoctoer'tottetlc.
843 1348 944 1412 1293.

209 1539 276 1606 Nos
294 1539 477 1625 Capitulum
491 1541 638 1609 Ecclesie
655 1542 816 1610 Budensis
833 1543 947 1611 damus
971 1564 1031 1631 pro
1057 1545 1226 1630 memoria,

101 1645 190 1732 quod
205 1647 362 1732 Magister
378 1647 489 1714 Simon
507 1655 539 1714 et
555 1650 697 1717 Thomas
713 1651 772 1734 filij
788 1651 954 1718 Michaelis
970 1650 1027 1736 filij
1045 1653 1163 1719 Foleus
1190 1651 1231 1718 de

102 1773 224 1838 genere
241 1753 381 1820 Kaehuk
397 1775 456 1840 pro
472 1775 508 1822 se
525 1763 556 1821 et
571 1778 630 1842 pro
646 1757 798 1825 fratribus
814 1758 883 1825 suis
908 1759 1092 1825 carnalibus
1117 1779 1156 1824 ac
1182 1775 1231 1824 co·

101 1860 211 1944 gnatis
228 1861 269 1927 de
284 1862 503 1946 generacionc
519 1885 630 1932 eorum
646 1864 839 1950 propinquis
856 1865 897 1930 ab
922 1885 989 1930 una
1015 1872 1123 1950 parte;
1150 1866 1228 1931 item

101 1967 259 2052 Magister
276 1969 454 2038 Farkasius
471 1971 556 2039 filius
590 1974 710 2042 Folkus
741 1973 840 2040 irater
866 1973 1040 2040 eorundem
1056 1973 1098 2038 ab
1115 1973 1228 2058 altera,

102 2093 208 2141 coram
240 2076 334 2144 nobis
360 2080 572 2163 personaliter
598 2081 780 2166 constituti;
798 2081 898 2167 ijdem
930 2081 1085 2165 Magister
1115 2080 1227 2148 Simon

102 2189 135 2248 et
160 2183 303 2251 Thomas
330 2185 491 2273 dixerunt,
516 2187 601 2271 quod
633 2207 704 2253 curn
735 2188 799 2271 ipsi
824 2195 856 2254 et
879 2189 998 2256 fratres
1031 2190 1171 2274 ipsorum
1188 2204 1228 2252 ac

102 2291 230 2373 cognati
264 2290 305 2356 de
335 2295 563 2375 generatione.
579 2314 688 2360 eorum
713 2313 811 2377 super
836 2294 1050 2360 diuisiouibus
1081 2295 1124 2361 ab
1141 2295 1226 2378 olym

102 2397 136 2462 in
167 2399 429 2481 possessionibus
461 2419 571 2466 eorum
603 2401 819 2484 hereditarijs,
838 2402 1000 2488 emptieijs
1032 2407 1064 2468 et
1095 2401 1233 2486 aequisi-

103 2506 155 2582 tis‚
171 2505 299 2573 scilicet
314 2505 468 2592 Sceohen,
484 2509 623 2593 Rymoth
639 2498 672 2572 et
687 2509 798 2573 Almas
815 2509 1010 2591 nuncupatis
1035 2507 1119 2575 inter
1139 2507 1227 2593 ipsos

101 2613 196 2679 iuxta
210 2613 419 2700 priuilegium
435 2613 632 2681 honorabilis
657 2614 800 2700 Capituli
820 2615 1036 2699 Wachyensis
1059 2613 1156 2681 iactis
1173 2634 1231 2682 seu

102 2719 224 2788 habitis
245 2722 441 2789 essicassent
453 2720 497 2811 (l)
510 2745 518 2808 ;
530 2721 616 2788 idem
635 2723 793 2805 Magister
811 2722 991 2789 Farhasius
1011 2724 1045 2788 in
1072 2721 1228 2790 stabilita·

102 2835 170 2895 tem
186 2831 280 2913 pacis
296 2837 453 2916 perpetue
469 2839 502 2896 et
518 2837 625 2897 mutue
641 2829 828 2897 dileccionis
843 2827 1029 2895 iratemalis
1045 2829 1151 2914 ipsum
1168 2829 1231 2914 pri-

101 2936 259 3020 uilegium
276 2936 418 3023 Capituli
438 2937 649 3022 Waehyensis
665 2937 708 3005 ad
740 2958 849 3004 eorum
880 2936 1073 3022 peticionem
1099 2936 1231 3002 exhibu-

100 3046 186 3112 isset
200 3045 334 3134 eisdcm,
351 3067 415 3131 quo
431 3047 501 3114 viso
518 3053 549 3112 ct
565 3047 705 3130 perlecto
722 3045 898 3112 diuisiones
914 3041 1019 3108 iactas
1029 3041 1120 3108 iuxta
1131 3041 1230 3108 conti·

97 3153 254 3218 neneiam
272 3155 419 3220 eiusdem
435 3153 599 3239 priuilegij
618 3153 760 3238 Capituli
778 3147 981 3236 Vachyensis
998 3154 1088 3215 ratas
1104 3147 1233 3218 habuis·

98 3265 189 3342 sent,
207 3266 238 3325 et
254 3259 359 3326 ceiam
376 3259 505 3327 nomine
523 3279 580 3325 suo
597 3265 629 3324 et
645 3261 776 3326 nomine
800 3259 935 3324 fratrum
961 3262 993 3322 et
1019 3261 1229 3338 cognatorum

98 3385 238 3432 suorum
254 3372 342 3434 ratas
367 3374 400 3432 ct
415 3367 523 3434 firmas
540 3367 722 3434 habuerunt
747 3385 855 3433 coram
880 3363 983 3448 nobis,
1004 3362 1227 3448 possessiones

100 3473 242 3540 habitas
258 3476 294 3540 in
311 3475 384 3560 ipsa
401 3475 561 3542 communi
572 3475 734 3543 diuisione
750 3475 843 3539 iuxta
858 3472 995 3539 formam
1006 3471 1168 3556 priuilegij
1180 3491 1236 3537 an-

95 3582 219 3648 tedicti
236 3581 341 3648 eidem
360 3585 514 3668 Magistro
531 3583 693 3650 Farkasio
712 3587 743 3648 et
758 3581 833 3665 filijs
844 3581 988 3648 eiusdem
999 3577 1231 3665 perpetualiter

93 3689 240 3776 pacifice
259 3690 743 3777 relinquendo.Assumpserunt
759 3687 981 3754 nichilominus
1007 3693 1138 3772 propter
1161 3704 1232 3770 per·

90 3802 234 3884 petuam
251 3817 364 3882 pacem
382 3798 629 3883 obseruandam‚
649 3803 680 3863 et
696 3795 920 3880 obligauerunt
931 3814 967 3862 se
980 3795 1065 3862 idem
1077 3793 1233 3876 Magister

90 3907 220 3972 Simon
236 3910 268 3971 et
284 3904 426 3974 Thomas
443 3925 483 3973 ac
499 3903 617 3972 fratres
634 3925 742 3971 eorum
769 3903 930 3988 absentes,
959 3909 994 3968 vt
1020 3901 1050 3968 si
1080 3917 1236 3986 processu

90 4022 285 4096 temporum
301 4013 365 4100 ipsi
382 4017 434 4083 vel
451 4013 568 4082 fratres
584 4035 695 4081 eorum
712 4033 751 4080 ac
767 4011 895 4095 cognati
912 4009 1093 4098 predictam
1105 4005 1235 4075 diuisio-

88 4140 180 4188 nem
199 4127 383 4209 retractare‚
402 4123 451 4188 vel
466 4123 575 4208 ipsum
590 4123 780 4204 Magistrum
798 4118 991 4185 Farlrasium
1008 4118 1064 4183 aut
1079 4115 1163 4182 lilios
1189 4117 1237 4201 ip·

87 4229 170 4298 ains
191 4233 341 4310 pretextu
358 4228 518 4295 dictarum
535 4227 788 4314 posscssionum
813 4225 846 4290 in
872 4223 1033 4291 diuisione
1056 4220 1238 4288 habitarum

86 4354 217 4406 coram
233 4335 372 4422 quelibet
391 4334 506 4419 judice
522 4337 697 4403 conuenire
741 4355 798 4402 seu
823 4333 857 4398 in
882 4351 1014 4399 eausam
1040 4331 1167 4397 trahere
1193 4334 1238 4394 at·

87 4449 311 4530 temptarent,
330 4445 458 4512 omnino
474 4466 531 4533 pro
549 4444 707 4524 conuictis
723 4443 921 4509 haberentur
938 4461 975 4506 eo
992 4439 1088 4507 lacto.
1107 4439 1148 4504 nt
1165 4457 1237 4505 cum

86 4559 279 4642 presentes
295 4552 388 4622 nobis
399 4554 520 4622 luerint
530 4561 703 4642 reportate,
720 4571 817 4639 super
826 4549 994 4638 premissis
1005 4547 1070 4634 ipsi
1081 4549 1238 4635 Magistro
