3112 5158
618 314 779 433 4133„

146 523 304 594 cautelam
320 525 432 612 scripti
449 525 553 594 solent
568 529 749 615 patrocinio
764 528 961 596 communiri.
976 527 1028 596 Ad
1048 527 1263 598 uniuersorum

138 634 240 720 igitur
256 633 411 702 noticiam
428 641 539 702 tenore
563 636 766 721 presencium
791 637 940 704 uolumus
964 637 1153 722 peruenire:
1179 635 1265 722 qrrod

142 742 273 810 Lueach
290 749 322 808 et
337 743 466 829 Mycael
483 744 541 829 filij
559 744 712 830 Peturke,
738 743 929 813 Leunardus
953 745 1038 814 tilius
1062 745 1184 812 Vrbani
1208 765 1265 830 pro

141 871 178 918 se
200 856 234 914 et
252 848 405 917 iratribus
419 851 506 936 saris,
523 850 687 918 Adrianus
703 858 735 918 ct
752 852 910 938 Andreas,
927 852 1002 920 item
1018 853 1132 920 Petrus
1148 873 1206 938 pro
1230 872 1265 920 se

140 963 173 1023 et
190 956 268 1042 filijs
285 955 365 1040 suis,
384 957 535 1025 Zeeunhe
550 959 700 1026 similiter
730 980 788 1045 pre
820 980 856 1028 se
881 967 913 1026 et
943 959 1019 1046 filijs
1035 961 1104 1028 suis
1128 981 1150 1025 a
1173 967 1265 1046 parte

137 1085 222 1150 una,
252 1064 409 1148 Magister
434 1065 618 1151 Stephanus
644 1066 728 1134 filius
755 1068 887 1137 (emitis
913 1068 1067 1154 Haheldy
1095 1069 1137 1136 ab
1161 1071 1265 1134 altera

135 1191 248 1238 eoram
266 1173 361 1239 nobis
379 1173 594 1256 personaliter
611 1176 779 1242 constituti
788 1200 799 1260 3
817 1176 915 1265 ijdem
932 1175 1063 1243 Lueaeh
1079 1183 1112 1242 ct
1136 1175 1264 1260 Mycael

134 1277 192 1364 filij
210 1277 363 1362 Peturhe,
374 1279 567 1348 Leunardus
584 1282 671 1349 filius
686 1282 820 1364 Vrbani,
837 1283 1012 1370 Adrianus,
1026 1283 1188 1366 Andreas,
1205 1283 1264 1348 Pc-

133 1393 201 1453 trus
220 1393 253 1452 et
268 1387 440 1454 Zekunche
457 1389 644 1476 supradicti,
663 1391 789 1458 scilicet
805 1392 934 1458 nobiles
951 1391 991 1457 dc
1010 1389 1177 1474 Purgolth,
1202 1397 1263 1454 ter-

133 1512 204 1558 ram
220 1491 395 1560 eorundem
426 1491 652 1562 hereditariam
669 1498 827 1580 Purgelth
854 1505 1073 1583 nuncupatam
1100 1517 1172 1562 eum
1199 1514 1265 1560 enr-

134 1600 231 1667 nibns
248 1600 454 1688 utilitatibus,
470 1603 546 1668 item
562 1605 774 1690 presentibus
789 1611 821 1670 et
837 1604 1051 1690 pertineneijs
1068 1602 1145 1686 suis,
1161 1609 1193 1668 et
1217 1601 1263 1667 vi·

133 1707 204 1773 neis
222 1705 396 1774 eorundem
414 1729 511 1795 super
526 1709 708 1796 predictam
725 1716 843 1778 terram
871 1710 1096 1796 existentibus,
1123 1707 1264 1774 confessi

133 1819 210 1881 sunt
224 1812 415 1884 uendidisse
430 1813 589 1902 Magistro
605 1818 769 1904 Stephane
780 1817 966 1904 supradicto
978 1838 1035 1904 pre
1045 1816 1264 1902 quadraginta

133 1921 254 1989 marcis
270 1924 376 1992 minus
392 1924 520 1992 duabus
538 1927 580 1992 ab
596 1927 709 1994 eedem
725 1928 882 2012 Magistro
897 1928 1062 2012 Stephane
1088 1923 1185 2012 plene
1211 1924 1264 1992 ha·

134 2029 214 2096 bitis
231 2039 265 2098 et
279 2034 419 2120 receptis
436 2055 477 2102 ex
505 2055 663 2102 consensu
680 2041 712 2104 et
736 2035 947 2120 permissione
973 2039 1264 2101 commetaneermn

134 2159 278 2228 suorum,
295 2141 421 2210 scilicet
435 2144 583 2227 Magistri
600 2143 738 2210 Arnoldi
755 2151 786 2210 et
802 2143 962 2230 Mycaelia
978 2142 1115 2208 filiorum
1131 2136 1265 2205 Comitis

133 2247 250 2334 Keled‚
269 2249 416 2334 Magistri
432 2252 537 2340 Band,
554 2251 722 2337 Languey‚
749 2254 858 2330 Waro,
883 2250 1042 2335 Symenis,
1067 2256 1100 2315 et
1124 2247 1264 2314 filioram

132 2359 297 2425 Zemenus
314 2359 354 2426 de
370 2361 617 2446 Humuhtamar,
633 2361 762 2428 acione
774 2357 813 2424 de
831 2359 999 2438 Vrhanulr,
1012 2358 1066 2443 qui
1084 2351 1262 2441 personali·
1387 2399 1390 2406 .

57 2461 62 2472 '
130 2473 181 2534 ter
197 2474 347 2538 astantes
359 2489 470 2538 omnes
481 2489 673 2538 eonsensum
684 2470 876 2539 adihuerunt
891 2469 1025 2534 liberum
1043 2475 1262 2542 descensum,

130 2576 401 2645 centradiccione
418 2578 563 2662 qualibet
579 2598 643 2644 nou
660 2577 798 2663 adiecta,
815 2576 885 2643 iure
902 2582 1057 2661 perpetuo
1068 2573 1099 2640 in
1111 2571 1263 2640 heredum

129 2683 282 2773 heredes,
298 2685 516 2770 heredumque
532 2687 774 2754 suecessoribus
794 2685 1056 2752 inrenocabilitcr
1081 2682 1262 2768 tranquilli-

128 2799 180 2858 ter
197 2793 453 2880 possidendam
480 2795 539 2862 tali
566 2815 642 2862 uero
668 2793 881 2880 ohligaeione,
908 2793 994 2876 quod
1020 2795 1047 2860 si
1073 2809 1264 2877 quecunque

127 2921 290 2988 processu
306 2908 484 2989 temporum
501 2901 586 2968 idern
603 2904 756 2986 Magister
773 2901 955 2987 Stephanus
973 2903 1024 2968 uel
1048 2903 1100 2965 sui
1125 2897 1263 2965 heredes

126 3031 190 3096 pre
210 3009 301 3077 dicta
315 3015 405 3078 terra
420 3017 453 3076 et
468 3009 572 3077 vineis
589 3029 646 3094 per
662 3009 845 3095 qnempiam
863 3007 989 3074 contrai
1006 3008 1264 3089 adtestarentur,

126 3126 256 3185 extunc
273 3139 332 3203 pro
347 3117 523 3185 manifeste
549 3119 787 3185 calumniatore
813 3118 943 3202 penitus
969 3115 1128 3180 habeatur
1152 3117 1265 3179 centra

124 3229 331 3314 Magistrum
346 3227 545 3313 Stephanum
561 3229 613 3294 vel
629 3247 706 3294 suos
724 3225 860 3292 heredes
876 3223 1067 3290 antedictos.
1087 3221 1186 3289 Ouios
1197 3220 1264 3304 qui-

125 3336 209 3403 dem
245 3343 332 3402 terre
363 3341 448 3401 mete
478 3334 539 3401 hoc
566 3333 680 3401 ordine
705 3333 942 3418 distinguntur3
970 3331 1079 3398 Prima
1103 3327 1263 3413 siquidem

122 3449 234 3530 meta,
251 3449 348 3528 prout
360 3449 472 3529 partes
489 3443 673 3526 retulerunt,
689 3441 806 3527 incipit
820 3442 911 3506 iuxta
927 3439 1056 3506 deruurn
1071 3439 1201 3504 huarch
1219 3437 1263 3503 fili

120 3549 318 3618 Peturkea
339 3556 431 3636 parte
456 3547 660 3636 occidentali,
678 3551 711 3616 in
733 3549 822 3616 valle
849 3567 963 3614 uersus
980 3547 1164 3632 aquilonem
1192 3564 1265 3628 gra-

117 3659 257 3726 diendo
273 3659 424 3743 peruenit
448 3658 490 3727 ad
516 3657 646 3724 arbores
662 3677 761 3743 pomy
777 3656 956 3739 siluestris3
990 3653 1109 3721 exinde
1125 3653 1265 3721 flectitur

117 3769 253 3833 ue'rsus
278 3764 433 3832 orientem
468 3773 499 3832 ct
525 3763 672 3849 peruenit
702 3764 746 3829 ad
777 3765 926 3830 arborem
951 3762 1058 3848 ilicis,
1088 3762 1147 3828 sub
1175 3759 1265 3827 euius

114 3883 172 3945 est
192 3879 292 3940 meta
325 3879 453 3958 tarrea;
485 3893 599 3940 versus
630 3879 755 3957 partem
788 3871 923 3937 eandem
950 3869 1082 3938 orientis
1102 3866 1266 3954 pergendo

113 3979 491 4072 peruenitadarhorem
502 3980 580 4046 ulmi
593 3987 662 4046 e'urn
673 3987 874 4080 metaterrea
885 3979 1049 4046 cumulata
1061 3999 1068 4062 ;
1080 3975 1197 4042 abhinc
1209 3973 1267 4040 ad-

111 4096 183 4161 hnc
199 4107 326 4157 uersus
351 4089 509 4155 orientem
533 4093 640 4169 meat,
666 4093 698 4152 et
710 4085 857 4171 peruenit
872 4085 914 4151 ad
932 4085 1080 4150 arborem
1098 4082 1183 4149 ilicis
1194 4103 1266 4148 eum

110 4211 213 4271 meta
233 4205 348 4264 terrea
379 4197 562 4279 cumulata;
589 4194 695 4260 adhue
711 4191 796 4281 (tgy)
814 4194 917 4260 eciam
934 4193 977 4258 ad
993 4197 1115 4278 partem
1133 4191 1267 4257 orientis

110 4309 235 4382 eundo
257 4313 336 4372 sont
367 4303 431 4370 due
447 4311 572 4388 metae,
604 4321 669 4368 una
694 4301 728 4370 in
758 4303 873 4370 arbore
890 4299 990 4386 herai,
1007 4305 1040 4364 et
1056 4299 1124 4364 alia
1156 4299 1188 4363 in
1217 4319 1266 4363 ar·-

109 4425 200 4490 hore
240 4413 340 4503 pyri3
367 4413 443 4478 itern
469 4433 584 4480 uersus
609 4412 767 4478 orientem
799 4417 873 4477 sunt
904 4409 966 4475 due
998 4409 1129 4474 arbores
1158 4407 1267 4474 ilicum
1389 4499 1392 4506 .

107 4549 222 4603 eruce
255 4517 471 4605 consignate,
503 4519 579 4587 indc
610 4539 686 4586 uero
713 4518 882 4586 deseendit
907 4535 1021 4583 uersus
1045 4515 1199 4582 orientem
1225 4513 1268 4581 ad

100 4641 201 4719 viam
223 4649 390 4725 magnam
405 4654 413 4711 3
429 4629 463 4698 in
488 4628 545 4699 ria
569 4645 649 4696 uero
665 4625 812 4718 predicta
838 4624 978 4696 flectitur
1003 4641 1119 4692 uersus
1144 4630 1269 4717 partem
