3112 5158
839 982 893 1050 85.

307 1181 337 1246 A
354 1185 484 1267 epitrac‘
498 1183 726 1266 kdptolannale
744 1181 1018 1267 dizooyedplcoele,
1037 1183 1121 1266 kopp
1139 1181 1310 1261 Miledfioi
1328 1183 1358 1243 ds
1382 1181 1424 1242 dr-

309 1291 496 1356 dektcrsaile
513 1291 631 1354 Hersen
648 1297 726 1353 aeoli
736 1289 877 1374 fdldjltlc
891 1291 1127 1354 uaroiadre'szol
1144 1289 1324 1352 Kotlueak
1336 1289 1428 1350 Boose

299 1397 499 1482 ,b‘zueqydnek
540 1397 659 1460 luithere
701 1399 735 1461 ds
767 1397 1033 1482 jepyajdnddlcai
1065 1395 1199 1481 fejdben
1239 1392 1424 1480 dlenpcdldb.

407 1539 412 1550 =
555 1525 557 1530 ·
820 1505 916 1567 1293.

583 1697 612 1762 A
873 1701 900 1764 Β
1115 1700 1140 1764 Ο

414 1894 599 1980 Capitulum
616 1895 759 1960 Ecclesie
775 1895 946 1961 Nibiensis
963 1894 1111 1960 omnibus
1137 1891 1257 1960 christi
1282 1889 1425 1956 fidelibus

306 2002 350 2067 ad
365 2022 446 2086 quos
471 2007 639 2086 presentes
656 2003 763 2068 littere
788 2001 994 2088 peruenerint
1004 2002 1141 2068 alutem
1152 2001 1187 2065 in
1197 2000 1336 2066 Domino
1351 2017 1426 2062 sem-

308 2111 481 2194 pitemam.
498 2108 550 2172 Ad
566 2110 789 2175 uniuersorum
805 2109 958 2174 noticiam
982 2115 1091 2173 tenore
1117 2107 1320 2192 presencium
1345 2105 1425 2169 uolu-

308 2236 378 2282 mus
395 2215 574 2300 peruenire,
592 2215 677 2298 quod
703 2217 873 2282 Marcellus
900 2224 932 2280 et
958 2213 1145 2280 Dominicus
1170 2213 1226 2297 filij
1259 2212 1341 2276 lllico
1373 2229 1426 2292 pro

306 2343 342 2389 se
357 2329 389 2386 et
404 2342 462 2406 pro
479 2321 670 2407 Wgemceh,
688 2343 726 2389 ac
743 2343 799 2408 pro
817 2325 926 2388 luano
942 2323 1007 2388 tilio
1033 2321 1229 2408 (Michaelis)
1255 2316 1425 2404 personali·
1543 2347 1544 2416 }

307 2438 355 2496 ter
371 2428 556 2495 astantibus
569 2453 576 2512 ;
593 2429 715 2495 Farcas
731 2431 816 2496 lilius
827 2429 957 2518 Mathis,
970 2438 1002 2496 ct
1017 2427 1297 2496 Alexanderfilius
1307 2428 1423 2492 Macra·
1543 2431 1544 2490 i

307 2536 398 2622 beus,
417 2535 509 2602 (iude
524 2536 611 2604 filius
626 2537 721 2604 'Ponlr
737 2557 795 2621 pro
821 2557 857 2606 se
873 2545 905 2604 et
928 2557 985 2622 pro
1010 2537 1145 2603 Nicolao
1170 2555 1210 2601 ao
1241 2555 1301 2618 pro
1336 2533 1427 2599 Petro
1543 2525 1544 2551 ³

316 2640 472 2709 fratribus
488 2643 567 2730 suis,
584 2643 706 2710 nobiles
724 2644 765 2710 de
785 2681 822 2692 -
844 2685 881 2696 -
906 2681 941 2692 »-
957 2643 999 2709 ad
1010 2651 1153 2711 nostram
1169 2640 1429 2726 presenciamac·

312 2748 474 2832 cedentes,
492 2758 726 2836 proposuerunt
757 2753 887 2835 publico
905 2773 962 2837 per
987 2752 1072 2818 huno
1097 2750 1244 2816 modum:
1276 2746 1364 2830 quod
1388 2744 1426 2808 de

314 2861 400 2920 terra
430 2857 592 2944 Hecohen,
623 2877 719 2941 quam
752 2859 829 2924 olim
861 2861 966 2926 Bcnse
983 2858 1068 2924 lilius
1079 2855 1247 2924 Benedicti
1271 2859 1426 2936 cognatus

312 2963 485 3028 eorundem
529 2964 745 3032 mediantibus
778 2967 893 3032 litteris
919 2963 1181 3051 priuilegiulibus
1207 2961 1355 3028 Ladizlai
1378 2957 1429 3044 pie
1542 2995 1543 3030 r

317 3069 552 3137 recordacionis
576 3071 739 3156 quondam
767 3075 867 3157 Regis
893 3075 1036 3158 Vngarie
1071 3070 1280 3157 possedisset,
1305 3069 1347 3135 de
1378 3086 1428 3132 ea·

313 3175 386 3242 dem
410 3177 544 3244 terciam
561 3187 687 3262 partem
708 3179 810 3266 ipsius
826 3189 910 3246 terre
936 3182 1099 3266 Hecohen,
1126 3179 1159 3242 in
1186 3177 1309 3244 eisdem
1334 3173 1428 3239 metis

308 3291 340 3348 ct
356 3283 510 3370 terminis,
536 3285 728 3352 utilitatibus
744 3295 776 3352 et
792 3287 1004 3373 pertinenoijs
1019 3285 1186 3366 uniuersis,
1203 3283 1285 3350 siout
1301 3283 1335 3348 in
1360 3299 1429 3365 pre·

305 3389 393 3455 dioto
409 3391 582 3476 priuilegio
599 3393 715 3478 Regali
733 3396 858 3478 plcnius
876 3396 1067 3480 continetur,
1085 3399 1215 3477 aparte
1238 3387 1430 3456 meridiona-

306 3495 341 3581 li,
361 3497 416 3562 ubi
432 3504 517 3564 terra
533 3499 651 3564 Mathis
667 3499 725 3584 lilij
743 3500 907 3586 Manohyk
924 3501 1085 3568 uicinatur
1102 3499 1231 3566 dominc
1247 3496 1356 3562 Katha
1384 3511 1430 3556 rc-

309 3601 390 3668 liete
407 3605 523 3692 Bonae,
542 3607 699 3690 sepedicti
709 3608 743 3673 in
754 3609 945 3674 solucionem
956 3613 988 3674 et
1003 3607 1263 3675 satisfaccionem
1280 3601 1366 3670 dotis
1377 3619 1433 3665 suc

307 3715 340 3776 et
350 3731 454 3777 rerum
465 3711 731 3798 paralarnalium,
743 3715 894 3798 quamdiu
904 3717 1033 3802 uixerit,
1046 3722 1077 3782 et
1086 3737 1145 3800 pro
1156 3721 1273 3800 quarta
1295 3711 1430 3776 duarum

308 3814 447 3883 filiarum
464 3817 566 3903 ipsius
583 3821 689 3888 Bcnse
706 3860 749 3869 —
766 3860 809 3870 -
825 3825 1012 3908 Margareta
1038 3833 1069 3890 et
1094 3823 1208 3890 Kucha
1233 3823 1431 3898 uocatamm,

308 3931 340 3988 et
357 3924 527 3992 heredibus
544 3927 719 3995 earundem
736 3936 917 3997 statuerunt
933 3940 965 3998 et
979 3932 1175 4015 reliquerunt
1190 3925 1430 4014 possidendam.
1540 3987 1541 4019 ,

312 4031 580 4115 Assumpmcntes
614 4033 768 4119 sepedicti
784 4036 907 4104 nobilcs
923 4037 1055 4103 firmiter
1071 4055 1106 4102 se
1131 4031 1322 4116 obligando:
1348 4025 1432 4112 quod

307 4138 335 4204 si
352 4157 509 4222 processu
542 4139 695 4226 temporis
713 4144 840 4209 racione
855 4144 1000 4229 predicte
1022 4145 1123 4229 partis
1139 4140 1293 4208 Hecohen
1321 4133 1432 4203 eedem

308 4243 436 4311 domiue
452 4266 510 4330 per
527 4250 785 4332 consanguineos
802 4259 858 4316 aut
875 4252 1072 4338 propinquos
1089 4249 1265 4316 eorundem
1274 4243 1432 4324 nobilium

307 4353 565 4436 molestarentur,
599 4358 730 4424 easdem
762 4357 948 4426 deffendere
979 4369 1011 4424 et
1041 4367 1212 4446 protegere
1244 4357 1432 4419 tenerentur
1539 4441 1540 4444 Ἴ

306 4460 445 4545 proprijs
462 4462 626 4531 laboribus
645 4471 676 4529 et
693 4467 855 4551 expensis.
873 4467 910 4532 In
928 4467 1015 4534 cuius
1035 4467 1082 4532 rei
1099 4462 1328 4546 testimonium,
1347 4456 1433 4525 etad
1539 4453 1540 4507 i

308 4569 467 4635 maiorem
500 4572 710 4640 stabilitatem
737 4578 904 4659 presentes
930 4575 1057 4642 litteras
1084 4571 1299 4639 concessimus
1333 4563 1433 4652 sigilli
