3112 5158
817 295 971 390 „¹354

325 503 404 552 uare
430 485 472 550 ad
496 486 665 552 cautelam.
697 481 843 560 Quarum
869 494 958 554 tenor
983 486 1022 550 de
1049 484 1148 552 uerbo
1174 485 1217 550 ad
1244 485 1378 552 uerbum
1407 493 1445 552 ta·
1544 469 1545 518 ³

327 593 368 660 lis
384 599 452 660 est:

436 699 620 786 Capitulum
636 700 780 766 Ecclesia
797 699 893 766 Beati
909 699 1039 765 Martini
1056 699 1097 764 de
1114 703 1220 785 Sypus
1246 701 1298 766 stb
1325 701 1445 786 (kb'vet-

327 809 462 876 kezika
486 808 611 893 saepesi
642 808 871 892 kaptalanuak
899 807 1035 876 1283-ki
1062 808 1347 892 bizonystglevele
1379 809 1447 874 mint
1545 855 1546 874 t

331 914 612 1003 gyttjtemtnyttulr
627 915 685 982 IX.
703 916 820 1000 vagyis
835 935 856 981 a
873 914 1021 981 masodik
1047 913 1170 1000 folyam
1195 915 1253 982 1v.
1282 916 1447 982 kbteteben

331 1025 406 1088 318.
424 1018 507 1108 lap.)
790 1093 793 1100 ,

438 1129 507 1193 Nos
523 1129 622 1212 igitur
632 1128 724 1194 iustis
736 1133 767 1193 et
777 1125 944 1214 legittimis
953 1126 1169 1210 peticionibus
1180 1125 1326 1194 eiusdem
1338 1127 1448 1213 Symon

331 1240 511 1300 annuentes
528 1235 691 1318 predictas
718 1240 844 1300 nostras
869 1233 993 1300 litteras
1019 1233 1236 1316 priuilegiales
1263 1253 1327 1299 non
1358 1257 1449 1318 rasas,

332 1358 397 1406 non
413 1339 618 1428 cancellatae,
636 1361 696 1406 nec
712 1341 862 1425 abolitas,
880 1339 920 1404 de
938 1339 1036 1406 uerbo
1052 1339 1096 1406 ad
1106 1341 1240 1406 uerbum
1253 1342 1448 1426 presentibus
1546 1397 1547 1404 ,

331 1447 432 1516 inseri
448 1447 591 1532 fecimus,
607 1453 780 1532 nostroque
794 1447 902 1530 sigillo
927 1465 1011 1512 nouo
1037 1453 1069 1511 et
1094 1447 1246 1513 mediocri
1271 1448 1448 1514 renouando
1546 1445 1547 1456 ’

334 1553 479 1620 roborari
495 1553 537 1619 ad
553 1555 723 1621 cautelam.
741 1556 862 1620 Datum
878 1554 911 1618 in
927 1552 1010 1620 festo
1036 1554 1129 1619 Beati
1157 1552 1289 1638 Georgij
1319 1556 1449 1620 martiris

336 1681 420 1728 anuo
436 1661 566 1726 Domini
583 1660 701 1726 ΜῦΟΟο
718 1659 929 1745 nonagesimo
945 1661 1056 1726 tercio.

337 1854 832 1925 (Eredetiebbrbartyau,altld-vltrlts
858 1856 1085 1922 selysmaalnoron
1112 1858 1196 1924 ftlggb'
1209 1857 1305 1924 pecsbt
1330 1860 1415 1921 alatt;
1438 1877 1454 1910 a

653 1951 735 2002 budai
750 1951 801 2000 lrlr.
816 1951 937 2000 kamarai
952 1946 1143 2012 lsvbltarbau.)

801 2235 1009 2246 —ffl

871 2804 927 2872 87.

345 3005 519 3070 Αυαευάῐί
533 3004 761 3089 lcdptolcunolc
784 3004 1062 3093 bizouyodpleoele,
1091 3007 1173 3090 lzoqy
1200 3004 1354 3070 Nddusdi
1385 3005 1466 3067 Imus

342 3135 441 3178 comes
465 3112 610 3176 Wzkou-i
625 3113 769 3192 birtolccit
786 3113 925 3177 Mulcrsoc'
940 3115 1034 3178 Pater·
1050 3115 1209 3179 comentes
1227 3113 1348 3178 eludto.
1368 3112 1464 3174 1293.

645 3273 674 3338 A
913 3272 940 3338 Β
1155 3274 1180 3338 C

453 3465 522 3532 Nos
539 3463 724 3550 Capitulum
739 3467 883 3532 Ecclesia
900 3467 992 3532 Beati
1008 3467 1176 3533 Michaelis
1194 3466 1235 3532 de
1251 3468 1366 3535 Castro
1392 3467 1465 3530 Fer·

350 3593 406 3638 reo
421 3580 531 3638 notum
547 3573 683 3642 iacimus
699 3581 808 3641 tenore
824 3573 1026 3660 presencium
1044 3575 1222 3642 uniuersis:
1239 3574 1325 3658 quod
1351 3573 1467 3640 Comes

345 3680 501 3747 Bmiricus
527 3679 611 3748 lilius
636 3681 766 3747 ltemeri
793 3681 834 3748 de
859 3681 1014 3767 Nadasd,
1041 3682 1228 3749 Dominious
1255 3689 1287 3748 et
1311 3680 1472 3746 Bmirious

343 3787 399 3872 filij
417 3787 572 3874 eiusdem,
598 3807 706 3854 coram
731 3789 824 3856 nobis
848 3790 1062 3875 personaliter
1092 3789 1256 3857 constituti
1287 3790 1474 3876 porcionem

344 3915 454 3962 coruum
471 3898 603 3962 totalem
621 3917 691 3962 cum
718 3897 865 3964 omnibus
883 3899 1074 3965 utilitatibus
1101 3900 1168 3974 suis
1190 3905 1222 3964 et
1250 3897 1472 3984 pertinencijs,

346 4021 443 4084 quam
458 4002 578 4068 habere
594 4021 630 4068 se
647 4001 799 4069 dicebaut
815 4004 848 4068 in
865 4010 953 4070 terra
968 4001 1094 4070 Wzkou
1110 4011 1305 4090 nuncupata,
1321 4003 1475 4070 vendide-

344 4115 419 4175 runt
435 4107 551 4176 (tomiti
565 4111 659 4176 Petro
675 4110 741 4178 filio
759 4111 887 4178 Itemcri
905 4111 946 4178 de
962 4111 1083 4179 Makua
1100 4133 1158 4199 pro
1175 4118 1247 4178 ooto
1264 4114 1380 4178 marcis
1407 4115 1474 4198 ple·

346 4215 438 4284 uarie
453 4218 594 4304 receptis
610 4219 653 4284 ab
669 4218 784 4285 eodem
799 4240 910 4286 coram
935 4220 1039 4305 nobis,
1065 4221 1098 4285 in
1124 4225 1316 4306 perpetuum
1341 4221 1477 4310 pacifica

345 4331 378 4389 et
394 4323 503 4408 quiete
519 4324 768 4412 possidendam
785 4326 924 4392 Martino
940 4334 972 4393 et
988 4329 1068 4395 Bors
1085 4329 1160 4414 fitijs
1178 4328 1299 4396 Chame
1328 4331 1479 4414 cognatis

347 4431 522 4498 eorundem
539 4433 753 4520 presentibus,
771 4441 803 4500 et
828 4434 1010 4502 venditioni
1035 4456 1074 4502 ao
1102 4435 1262 4523 empcioni
1289 4438 1481 4523 prescriptis

347 4559 413 4605 non
428 4539 732 4628 contradicentibus,
757 4563 832 4628 ymo
857 4543 1117 4630 permittentibus
1143 4550 1175 4611 et
1201 4563 1391 4612 consensum
1410 4567 1482 4631 pre-
