3098 5172
819 321 964 422 mue.

325 515 568 600 qninquaginta
584 535 766 584 marcarum
783 518 857 602 ipsa
873 537 950 602 pars
965 516 1168 604 subpacerct.
1186 519 1301 584 Datum
1315 518 1442 602 septimo
1536 517 1537 546 ³

331 623 385 690 die
401 629 588 691 octonarum
604 623 716 690 Sancti
742 623 874 691 Martini
898 643 987 690 anno
1012 623 1146 691 Momini
1171 621 1289 692 ΜΟΟΟο
1311 644 1441 708 nonage-

331 731 414 797 simo
431 731 554 813 quinto.

331 890 366 956 (A
379 888 458 943 vacui
471 891 660 959 kbptalanuak
676 893 787 944 tues-ki
799 891 955 956 sarracenos,
969 894 1070 959 melyct
1083 894 1174 945 kozclr
1196 895 1252 945 teir.
1275 887 1442 956 Szcntkirilyi

806 981 904 1034 Lfiszlb
927 981 979 1048 uir.)

788 1269 933 1278 ——-—-
944 1271 997 1278 ..Μ

328 1887 361 1954 Α
377 1891 510 1956 vucvdrc'
525 1886 685 1976 kdptutau
700 1888 803 1970 dtirju
818 1889 940 1972 denos,
958 1883 1087 1969 Scpron
1102 1889 1132 1950 e'c
1157 1881 1219 1948 Vas
1235 1881 1445 1968 mepyc'kf'o'io·

320 1998 501 2084 pdnja‘nalc
517 2020 538 2060 a
555 1995 658 2060 Herio
674 1995 944 2080 nemzerscpbetieb
962 1995 1034 2059 beat
1051 1994 1136 2057 nitria
1153 1988 1255 2076 Getyn
1264 1989 1371 2075 solebat
1384 1994 1446 2052 τάν-

630 2104 732 2190 9pazo
747 2103 1037 2190 bizonyoa‘plcoale't.
1056 2103 1152 2169 1295.

630 2319 632 2324 ,
676 2269 705 2327 Α
890 2265 917 2328 Β
1101 2263 1126 2329 0

438 2409 506 2477 Nos
522 2412 677 2492 Magister
686 2414 726 2478 N.
738 2411 928 2496 Propositus
940 2415 971 2477 et
982 2410 1165 2496 Capitulum
1182 2407 1331 2476 Ecclesic
1346 2404 1446 2472 Sancti

328 2517 497 2585 Michaelis
514 2517 555 2584 dc
571 2519 685 2586 Castro
703 2521 834 2606 Ferreo,
852 2529 963 2587 notum
975 2517 1235 2586 facimusteuore
1252 2514 1447 2602 presencium

328 2625 502 2710 uniuersis,
521 2627 607 2710 quod
622 2625 787 2696 Jcbannes
813 2628 948 2711 Comes,
964 2626 1094 2692 'Phineu
1111 2631 1143 2692 et
1158 2626 1263 2708 boka,
1278 2625 1337 2709 filij
1355 2621 1448 2690 Comi-

328 2731 372 2798 tis
388 2732 518 2799 Tbiuau
544 2733 585 2800 de
610 2755 730 2819 genere
756 2737 880 2822 Herin,
906 2735 1063 2819 Magister
1087 2732 1255 2800 Emericus
1272 2739 1304 2798 et
1320 2729 1448 2815 Egidius

328 2837 388 2924 filij
407 2840 542 2908 Comitis
558 2841 688 2910 Paridis
703 2862 823 2927 genere
839 2842 880 2910 de
906 2843 1019 2909 eodem
1034 2841 1078 2908 ad
1092 2847 1235 2908 nostram
1252 2843 1450 2906 accesserunt

324 2947 542 3035 presenciam,
564 2957 598 3016 et
614 2951 808 3018 exibueruut
824 2949 920 3016 nobis
944 2949 1152 3033 priuilegium
1170 2945 1322 3032 Magistri
1338 2944 1449 3012 Johan·

327 3055 380 3124 uis
397 3053 547 3146 (Comitis
562 3057 797 3142 Supruniensis
814 3065 847 3123 et
864 3055 971 3124 castri
986 3053 1122 3145 Ferrei),
1149 3063 1298 3142 petentes
1325 3051 1450 3122 anobis

328 3161 512 3250 diligenter,
529 3173 565 3232 ut
580 3167 686 3251 ipsum
704 3165 917 3250 priuilegium
937 3183 1011 3232 cum
1027 3171 1138 3231 nostro
1154 3162 1329 3249 priuilegio
1346 3163 1451 3230 confir·

327 3289 419 3338 mare
447 3271 666 3356 dignaremur.
684 3273 751 3338 Nos
775 3273 860 3338 enim
886 3273 1031 3356 ipsorum
1056 3269 1271 3358 peticionibus
1288 3267 1452 3353 legittimis

327 3377 571 3461 acquiescentes
587 3380 695 3465 ipsum
722 3377 933 3464 priuilegium
960 3379 1000 3446 de
1016 3380 1116 3446 uerbo
1132 3377 1176 3446 ad
1193 3379 1328 3444 uerbum
1344 3383 1452 3446 nostro

327 3484 464 3554 fecimus
480 3487 655 3572 priuilegio
671 3486 774 3553 inseri
792 3493 824 3553 et
840 3485 986 3554 rescribi.
1004 3487 1103 3554 Ocius
1118 3493 1211 3553 tenor
1227 3484 1304 3552 talis
1320 3491 1390 3552 est:
1534 3543 1535 3574 3

436 3595 506 3660 Nos
522 3593 678 3679 Magister
702 3594 868 3663 Johannes
895 3594 1008 3660 Comes
1036 3593 1269 3678 Supruuiensis
1295 3598 1328 3658 et
1352 3592 1455 3660 carni

326 3701 439 3770 Ferrei
470 3703 531 3769 stb.
560 3699 772 3789 (kbvetkeuik
804 3702 904 3768 anos
930 3701 1128 3788 fbispbnnak
1159 3701 1459 3787 bizcnysbglevele,

326 3807 408 3874 mint
423 3807 555 3875 fentebb
574 3812 648 3877 130.
664 3829 708 3876 sz.
724 3807 768 3895 a.)
1177 3877 1179 3882 .

435 3915 531 3994 Quod
547 3921 583 3983 ut
597 3921 702 3983 ratum
719 3917 772 4001 sit,
786 3913 829 3981 ud
840 3915 1036 3982 instanciam
1049 3921 1080 3982 ct
1095 3913 1289 4000 peticionem
1307 3915 1455 4000 parcium

325 4041 460 4107 presens
476 4022 632 4106 scriptum
649 4023 847 4090 contulimus
875 4029 985 4091 nostro
1001 4022 1111 4108 sigillo
1127 4023 1369 4090 communitum.
1389 4025 1455 4092 Da·

326 4135 395 4194 tum
411 4129 445 4195 in
462 4129 516 4197 die
531 4131 634 4198 Beate
649 4130 810 4199 Katarine
827 4131 961 4216 virginis
976 4150 1062 4198 anno
1072 4129 1206 4196 Domini
1221 4127 1342 4198 M⁰OO⁰
1356 4152 1460 4200 nona·

194 4259 198 4265 ·
321 4233 451 4320 gesimo
468 4237 589 4322 quinto.
606 4237 765 4323 Magistro
790 4237 829 4306 N.
846 4237 1027 4326 Prepcsito,
1059 4235 1177 4305 Oosma
1195 4237 1346 4324 Custode,
1361 4238 1458 4309 Nico

323 4341 380 4412 iao
398 4345 531 4414 Deoanc
546 4343 770 4412 existentibus.

433 4521 514 4590 (Regi
528 4520 643 4578 misolnt
655 4514 823 4592 bbr'btrtybn
835 4539 853 4576 ι
864 4541 949 4577 namn.
963 4540 1090 4580 muzeum
1102 4501 1345 4597 kbrbuttbrbbm.)
