3120 5172
580 295 742 396 „ppe-

95 489 264 576 Hnngarie
280 507 378 574 snper
393 485 554 555 diuisione
570 487 812 576 possessionum
831 507 964 555 suerum
981 491 1175 579 oonieetum,
1191 493 1242 558 ina

96 605 241 668 nostrum
257 595 485 681 priuilegium,
520 594 563 663 ad
587 597 771 663 uberiorem
798 602 830 663 et
845 596 1001 664 maiorem
1018 597 1241 666 euidenoiam-

98 725 155 773 seu
168 703 333 772 cantelam
358 703 528 771 transferri
550 703 741 771 faceremus.
774 701 917 782 Quorum
948 703 1078 786 quidem
1096 705 1232 792 priuile-

98 815 222 898 giorum
238 817 334 878 tenor
348 811 426 879 talis
441 817 511 878 est:

204 920 354 986 Andreas
384 919 425 984 D.
450 937 500 1002 gr.
523 919 631 1000 Hung.
662 919 722 984 stb.
746 919 816 984 Rex
847 917 908 984 stb.
941 917 1227 1004 (kovetkeziklli.

98 1028 208 1094 lindre
223 1025 405 1113 kirtlynak
425 1024 562 1092 lues-ki
579 1024 744 1107 olrmtnya
769 1023 850 1090 mint
873 1025 1005 1091 ientebb
1023 1028 1100 1094 213.
1118 1045 1161 1093 sn.
1179 1027 1229 1114 e.)

205 1135 273 1200 Nos
291 1133 391 1218 igitur
407 1132 587 1216 peticiones
603 1132 749 1216 paroinm
765 1130 1011 1199 considerantes
1028 1151 1100 1200 esse
1111 1134 1243 1220 iustas.

99 1240 266 1325 legitimas
282 1246 314 1305 et
329 1239 506 1324 modestas,
523 1244 666 1306 tenorem
693 1257 751 1304 seu
767 1235 902 1305 formam
919 1237 1079 1304 dictorum
1097 1241 1228 1324 priuile-

98 1350 226 1433 giorum
243 1345 363 1414 domini
379 1343 507 1412 Andree
523 1345 623 1428 Regis
648 1345 690 1410 de
706 1345 805 1410 uerbo
822 1344 866 1410 ed
881 1347 1014 1412 uerbum
1030 1347 1166 1414 rescribi
1182 1346 1229 1412 fa·

100 1456 233 1540 olentes,
250 1459 361 1520 nostro
377 1451 488 1535 sigillo
504 1450 641 1518 feoimus
668 1451 868 1517 communiri.
886 1451 926 1517 ln
941 1450 1032 1518 euius
1048 1454 1097 1518 rei
1114 1473 1232 1522 memo·

98 1563 183 1628 riam
201 1567 458 1647 perpetuamque
474 1557 680 1644 firmitatem,
712 1557 756 1622 ad
771 1557 965 1642 peticionem
996 1557 1141 1643 paroiom
1157 1579 1230 1644 pre·

98 1677 213 1735 sentes
226 1666 445 1735 eonoessimus
461 1665 588 1733 litteras
616 1663 721 1746 sigilli
737 1664 840 1730 nostri
856 1664 1033 1730 munimine
1047 1667 1228 1732 roboratas.

98 1777 223 1842 Datum
254 1793 312 1859 per
336 1793 450 1840 manus
480 1771 629 1855 Magistri
653 1770 748 1837 Pauli
772 1770 918 1837 Leetoris
942 1770 1088 1840 Eoolesie
1119 1779 1230 1840 nostre

99 1904 187 1950 anno
207 1882 338 1948 Domini
369 1879 490 1948 M⁰OC⁰
514 1879 726 1961 nonagesimo
752 1899 856 1964 nono,
889 1879 1047 1962 Magistro
1078 1879 1230 1946 iohanne

99 1992 251 2076 Contere,
269 1987 428 2072 Gregorio
445 1985 598 2073 Custode,
615 1985 813 2070 Karaehyno
831 1985 976 2070 Deeano,
994 1983 1141 2070 Nioolao,
1163 1985 1228 2051 An·

100 2099 181 2164 drea
197 2103 229 2162 et
244 2095 394 2163 Johanne
409 2094 613 2178 Presbiteris,
629 2091 817 2176 Lukaohio,
835 2093 1030 2175 Beuedieto,
1062 2092 1245 2178 Stephano·

102 2213 133 2271 et
151 2205 293 2270 Posonio
309 2203 484 2290 Magistris,
502 2204 683 2285 ueterisque
700 2201 873 2268 Canonieis
887 2201 1116 2268 existentibus.

414 2364 442 2430 A
657 2361 684 2426 B
901 2361 926 2427 C

103 2526 247 2590 (Eredetie
260 2521 447 2590 bb'rhlrtyin‚
474 2539 492 2574 a
504 2525 589 2590 tuggo
607 2522 702 2589 poeste
727 2524 875 2586 elvosnett3
901 2523 1011 2574 abudei
1030 2523 1084 2572 lrir.
1107 2523 1245 2573 kamarai,

574 2607 765 2678 lerbltirben.)

557 2895 771 2906 nnn———n—-u

612 3405 689 3471 sao.
743 3391 747 3398 “

101 3607 135 3672 Α
151 3606 255 3671 budao'
265 3603 486 3692 lciptalaaault
498 3629 518 3668 a
530 3604 642 3671 Simon
653 3607 683 3667 eo
698 3601 818 3669 Tameia
827 3603 984 3684 mosterol,
995 3603 1123 3686 Mttetp
1135 3627 1245 3671 eomes,

89 3715 175 3796 fiai,
195 3739 210 3779 a
227 3711 352 3778 Zoluob
360 3714 428 3796 fiai
453 3715 484 3776 6³
501 3713 648 3777 azokoolt
679 3711 878 3777 ordektdreai
900 3711 970 3776 tezo
994 3716 1104 3777 tiirte'rit
1119 3711 1234 3778 birtolt·

325 3819 459 3903 osrtdlyt
472 3823 631 3906 tcirqyazo
644 3820 924 3905 bizouyadqleoele.
952 3821 1049 3884 1299.

217 4011 403 4096 Capitulum
419 4015 578 4082 Budensis
598 4013 743 4081 Eoolesie
767 4012 916 4078 omnibus
933 4013 1049 4095 quibus
1064 4019 1235 4098 presentes

98 4119 325 4188 ostenduntur
340 4122 480 4188 salntem
494 4123 529 4187 in
546 4122 660 4188 salutis
675 4121 841 4204 largitore.
859 4120 911 4185 Ad
926 4119 1146 4186 uniuersorum
1166 4127 1234 4188 tam

97 4227 312 4315 presencium
329 4247 426 4312 quem
450 4227 627 4296 futurorum
652 4227 766 4294 hurum
791 4227 875 4294 serie
901 4229 1045 4294 volumus
1062 4226 1235 4311 peruenire

98 4331 307 4424 (notioiam),
323 4337 408 4419 quod
424 4335 547 4422 Symon
572 4344 603 4402 et
619 4333 763 4401 Thomas
788 4334 936 4419 Magistri
952 4333 1011 4418 filij
1030 4331 1162 4400 Comitis
1178 4335 1235 4401 Mi·

97 4442 235 4509 chaelis
248 4441 307 4526 filij
325 4441 443 4510 Folons
458 4462 516 4528 pro
533 4463 569 4509 se
585 4448 618 4508 et
633 4461 692 4528 pro
710 4441 824 4510 eodem
842 4448 935 4528 patre
953 4459 1072 4527 eorum,
1090 4448 1123 4506 et
1139 4442 1237 4509 Petro

95 4552 244 4618 absente
260 4545 362 4614 fratre
377 4548 519 4635 ipsorum
536 4567 607 4617 eum
624 4548 858 4635 procuratorijs
881 4547 996 4617 litteris
1014 4547 1157 4635 Capituli
1174 4551 1237 4617 Va·
1256 4594 1260 4599 -
