3112 5158
124 1113 155 1180 A
169 1119 267 1204 yydri
283 1117 507 1203 kdptulanuak
533 1119 812 1206 bizouyrdpleuelr,
837 1120 919 1205 lropp
934 1117 1054 1186 Baaed
1069 1120 1254 1205 numeroq-

125 1223 186 1289 δάι’
203 1221 332 1290 Aruold
347 1248 448 1290 comeo
473 1226 630 1320 Parpalt·
643 1234 724 1320 neoti
740 1226 881 1292 tirrotde
895 1227 918 1290 I
918 1227 1059 1304 hoaulta,
1080 1220 1179 1292 duat
1186 1223 1252 1309 fid·

536 1335 601 1398 nuk
617 1335 733 1400 eladta.
752 1335 850 1400 1292.

226 1526 412 1612 Capitulum
429 1527 609 1596 Jauriensis
621 1528 766 1596 Eoolesie
786 1527 947 1596 uniuersis
965 1524 1085 1594 (ihristi
1100 1525 1251 1594 fidelibus

122 1639 289 1716 presentes
305 1633 435 1700 litteras
451 1634 645 1720 inspecturis
661 1636 801 1702 salutem
822 1637 855 1701 in
864 1634 1003 1701 Domino
1019 1634 1248 1720 sempiternam

119 1736 172 1803 Ad
196 1737 421 1806 uniuersorum
453 1742 605 1808 noticiam
638 1741 751 1808 harum
784 1739 869 1808 serie
894 1743 1041 1809 uolumus
1058 1739 1248 1826 peruenire;

118 1844 205 1925 quod
222 1845 323 1912 nobili
349 1848 418 1914 uiro
445 1849 601 1934 Magistro
618 1849 764 1916 Arnoldo
789 1848 857 1914 filio
885 1847 1019 1916 Comitis
1050 1845 1188 1914 Arnoldi
1207 1844 1247 1911 de

118 1970 238 2034 genere
253 1953 366 2020 Buzad
382 1955 423 2020 ab
448 1977 513 2022 una
529 1963 639 2042 parte,
657 1957 805 2022 lhoanka
831 1957 898 2023 filio
914 1957 1013 2023 Gatal
1029 1954 1070 2022 de
1087 1951 1249 2020 Gomitatu

118 2055 344 2144 Supruniensi‚
363 2082 420 2146 pro
437 2082 472 2130 se
498 2071 530 2128 et
547 2083 606 2148 pro
623 2063 780 2130 Ladizlao
805 2061 905 2131 fratre
931 2083 990 2131 suo
1006 2059 1131 2130 uterino
1149 2078 1188 2124 ex
1206 2057 1249 2121 al·

117 2169 189 2232 tera
204 2185 311 2232 eoram
328 2167 422 2235 nobis
443 2169 658 2254 personaliter
684 2169 886 2254 constitutis,
913 2167 999 2236 idem
1022 2168 1173 2252 Magister
1191 2164 1248 2232 Ar·

117 2271 236 2342 uoldns
254 2273 363 2340 retulit
380 2276 457 2342 uina
472 2297 561 2360 noos,
592 2277 677 2360 quod
694 2297 766 2344 eum
800 2297 857 2362 per
872 2277 990 2344 multas
1017 2273 1248 2363 perplexitates

117 2399 226 2446 rernm
243 2380 502 2467 mundanarum,
521 2390 553 2449 et
578 2383 718 2450 maxime
742 2389 875 2470 proptor
905 2382 1061 2451 seuioiam
1093 2381 1247 2466 temporis

117 2487 274 2574 inpacati,
285 2508 350 2572 qua
366 2490 579 2575 malignorum
592 2492 740 2558 uersueia
756 2510 946 2580 oppressum
963 2487 1188 2575 multiplieiter
1199 2507 1244 2574 se,

117 2598 149 2656 et
164 2594 330 2678 quoddam
348 2595 497 2664 (instrum
514 2618 607 2666 suum
623 2599 759 2684 Pylislxo
784 2605 935 2666 uooatum
955 2596 1085 2662 dicebat
1100 2593 1246 2662 extitisse

116 2697 264 2768 indebite
281 2708 472 2789 oocupatnm
483 2757 492 2792 ,
519 2705 688 2790 quandam
715 2707 955 2791 possessionem
980 2724 1073 2772 suam
1089 2700 1247 2768 heredita·

115 2803 197 2872 ri'am
221 2807 354 2893 Purpah
385 2818 544 2896 notatam,
563 2815 598 2879 in
614 2813 753 2880 confinio
769 2813 874 2896 Regni
891 2811 1021 2878 Austrie
1036 2809 1068 2874 in
1085 2809 1246 2878 tomitem

116 2915 321 3000 Supriniensi
338 2919 540 3004 existentem,
557 2940 655 3004 quarn
672 2923 910 3006 possessionem
934 2921 1006 3005 ipse
1021 2917 1176 3004 Magister
1189 2915 1247 2982 Ar-

115 3021 234 3089 noldns
264 3025 398 3092 Alberto
423 3026 509 3093 dieto
535 3028 611 3095 Stus
642 3025 683 3094 de
713 3027 890 3095 Trothman
910 3025 1112 3094 ministeriali
1139 3024 1245 3106 Regni

114 3129 248 3195 Austris
280 3132 408 3215 pignori
425 3133 606 3217 obligarat,
633 3143 664 3200 et
680 3135 817 3202 eandem
843 3135 920 3201 dioti
940 3131 1088 3200 lhoanka
1119 3137 1152 3196 et
1183 3131 1244 3195 La·

114 3234 244 3303 dizlaus
261 3259 319 3324 pro
346 3242 516 3324 sexaginta
547 3242 648 3310 tribus
675 3245 794 3309 merois
820 3241 900 3308 liniti
932 3239 1061 3324 argenti
1077 3257 1149 3305 enm
1165 3257 1243 3323 pon·

115 3340 193 3409 dere
206 3344 455 3414 Theothonioali
481 3347 686 3416 redemerant
711 3350 906 3433 abeodem,
932 3348 1015 3413 inter
1032 3344 1113 3414 alias
1136 3363 1244 3412 neoes·
1355 3355 1361 3368 ¹

114 3449 229 3520 sitates
245 3472 324 3520 suas
350 3455 514 3538 prediotas
541 3477 600 3542 pro
617 3457 846 3543 redempcione
863 3453 968 3522 Castri
998 3451 1047 3521 sui
1063 3451 1243 3539 supradicti

113 3560 304 3644 compulsus
335 3561 450 3630 luisset
474 3563 660 3632 nendioioni
692 3582 876 3650 exponere,
901 3581 973 3629 eum
1000 3561 1030 3626 ei
1061 3559 1146 3626 alias
1162 3557 1242 3625 dieti

114 3666 225 3732 Casiri
241 3669 425 3736 redimendi
438 3669 577 3738 faoultas
594 3693 659 3740 non
676 3677 884 3758 suppeteret;
901 3667 1064 3753 requisitis
1080 3666 1242 3736 uniuersis

112 3777 272 3860 eoguatis,
288 3779 446 3862 proximis
462 3785 494 3847 et
510 3781 635 3864 vicinis,
655 3782 709 3866 qui
726 3781 831 3869 ipsam
849 3781 1102 3865 possessionem,
1129 3783 1163 3844 ut
1190 3775 1236 3842 di-

112 3882 258 3969 oebatur,
270 3903 376 3952 emere
388 3894 420 3954 et
429 3908 620 3975 comparare
636 3889 817 3972 noluerunt,
835 3888 875 3956 de
890 3885 1114 3974 permissione,
1125 3883 1238 3952 volun·

112 3995 184 4056 tate
198 3995 231 4059 et
247 3993 453 4078 beneplacito
470 3995 654 4083 eorundem,
667 3999 750 4065 siout
760 3993 945 4083 sepediotus
955 3992 1112 4078 Magister
1122 3991 1237 4058 Arnol·

112 4095 176 4164 dns
192 4101 313 4188 retulit,
326 4099 416 4168 dedit
424 4103 569 4171 vendidit
580 4112 611 4171 et
621 4103 757 4171 tradidit
767 4103 965 4192 supradietis
975 4101 1124 4168 lhoanka
1134 4109 1167 4166 et
1176 4099 1237 4164 La·

112 4205 223 4274 dizlao
234 4207 390 4278 affinibus
401 4217 432 4277 et
442 4215 590 4296 oognatis
601 4213 976 4299 suis,neipsapossessio
986 4211 1019 4276 iu
1029 4228 1143 4275 manus
1154 4215 1240 4276 exte-

111 4335 169 4382 ras
186 4317 365 4402 elongetur,
379 4325 411 4384 et
427 4339 485 4406 per
497 4341 551 4385 eos
563 4320 734 4388 heredibus
749 4319 925 4388 eorundum
939 4317 1157 4400 heredumque
1169 4336 1239 4382 sno·

111 4445 186 4492 rum
214 4425 247 4489 in
264 4431 429 4510 posterum
449 4427 711 4513 suecessoribus,
730 4449 788 4513 pro
803 4423 1052 4510 quadringentis
1069 4423 1187 4489 mareis
1205 4425 1240 4489 fi-

113 4531 180 4600 niti
200 4532 383 4618 argentiad
393 4535 525 4618 pondus
540 4533 798 4602 Theothonioale
808 4551 877 4598 oum
889 4533 1038 4600 omnibus
1048 4525 1245 4602 utilitatibus
