3120 5172
244 434 314 500 Mus
333 432 433 518 igitur
448 431 548 500 iustis
574 433 794 518 peticionibus
822 433 924 517 ipsius
957 432 1106 517 Magistri
1123 433 1274 519 Farlrasij

138 539 371 610 innutabiliter
400 539 571 620 inclinati3
598 540 676 624 quia
701 541 923 626 inspeximus,
949 541 1041 625 ipsas
1065 540 1192 608 litteras
1208 561 1272 607 nun

134 650 349 734 cancellatas,
367 670 431 716 non
447 650 596 732 abrasas,
614 668 675 714 nec
690 649 725 714 in
742 648 856 732 aliqua
883 647 935 716 sui
949 653 1043 733 parte
1059 648 1210 734 uiciatas,
1228 653 1272 714 tu·

135 777 247 826 nurum
264 757 444 824 earundem
460 756 501 822 de
528 755 629 822 uerbo
646 755 691 822 ad
716 755 850 822 uerbum
876 755 1084 842 presentibus
1107 755 1207 824 inseri
1222 755 1270 822 la·
1327 765 1328 768 ’

135 867 282 951 cientes,
300 863 526 954 a(u)ctcritate
545 865 753 950 presencium
785 864 1015 931 confirmamus
1041 863 1204 950 dupplicis
1229 865 1271 932 si-

135 971 210 1056 gilli
227 974 332 1040 nostri
350 972 530 1038 munimine
561 971 756 1038 rhotando.
789 973 911 1039 Datum
929 991 988 1056 per
1005 991 1119 1038 manus
1136 970 1271 1039 discreti

138 1081 199 1146 riri
215 1079 367 1164 Magistri
393 1081 545 1166 Gregorij
580 1079 736 1147 Albensis
766 1079 915 1147 Ecclesic
935 1079 1040 1146 Electi
1070 1079 1146 1147 aule
1161 1086 1273 1148 nostre

135 1187 427 1272 Vice·0anccllarij
455 1187 567 1253 ‹lilecti
595 1195 628 1253 et
644 1187 749 1254 fidelis
767 1188 869 1254 nostri
885 1207 972 1255 annu
998 1188 1129 1254 Domini
1153 1188 1268 1274 mylle

136 1297 219 1364 simu
237 1294 308 1364 00⁰
332 1293 544 1379 nonagesimo
570 1275 706 1379 octauo,
739 1293 853 1378 quintu
879 1293 952 1362 idus
969 1295 1119 1379 lanuarij
1131 1345 1140 1380 ‚
1166 1295 1270 1379 Regni

136 1411 248 1472 antem
264 1402 370 1469 nostri
387 1421 471 1468 annu
490 1407 617 1470 octauo.

141 1599 283 1662 (Erudutie
296 1595 472 1666 burhhrtyhn,
486 1599 599 1665 melyrbl
613 1615 631 1652 a
642 1594 736 1666 ,kirtly
749 1599 840 1654 karum
852 1598 972 1668 pucastjc
987 1597 1143 1652 rurus-culn
1156 1599 1273 1665 rulyam-

313 1687 438 1740 salmurun
451 1687 519 1755 fflgg
538 1703 576 1757 3⁸
586 1689 670 1740 hndai
684 1691 736 1740 hir.
749 1689 875 1741 kamarai
888 1685 1080 1757 huviltirban.)
1131 1736 1134 1742 .

139 2705 204 2774 m.
218 2709 333 2774 Errdw
346 2709 454 2796 hirulp
475 2707 652 2777 Guthalus
667 2711 897 2792 muneretpbutt
912 2715 1024 2780 Ismuc
1039 2723 1163 2779 mentm
1177 2717 1209 2778 cr
1219 2715 1270 2778 πί

137 2815 203 2899 pult
221 2814 323 2883 Vulku
333 2817 659 2904 mepyefiiapctujucs
674 2841 775 2886 carnea
791 2819 1270 2904 curiatiounakuirtiturtuupa

436 3027 439 3032 .
538 2927 604 2992 alut
611 2927 771 3013 fulmcuti.
787 2926 885 2995 1298.

242 3118 394 3190 Andreas
408 3121 472 3188 Dei
496 3123 609 3206 grauia
635 3121 788 3208 Vagarie,
804 3119 984 3208 Dalmacic,
995 3120 1140 3208 Uruncis,
1155 3119 1268 3200 Rame,

138 3225 263 3310 Seruis,
281 3228 430 3314 Gallicis,
447 3229 647 3318 Ludumcrie,
678 3227 849 3318 (inmanis,
881 3228 1101 3314 Bnlgarieqne
1117 3232 1186 3298 Rex
1202 3251 1268 3298 um-

138 3332 234 3402 nihns
250 3333 371 3402 Christi
397 3336 548 3404 fidelihus
564 3344 632 3404 tam
647 3337 855 3422 presentibus
870 3356 968 3422 quam
991 3335 1108 3404 futuris
1132 3357 1267 3422 presens

138 3441 294 3528 scriptum
303 3443 498 3529 inspecturis
509 3446 647 3514 salutem
663 3445 697 3512 in
714 3465 753 3511 eu
769 3445 824 3530 qni
840 3450 889 3512 est
905 3464 985 3514 vera
1000 3447 1091 3512 salus
1112 3445 1266 3512 omnium.

137 3549 273 3633 Regalis
289 3552 506 3622 sublimitatis
522 3553 715 3621 immensitas
740 3553 879 3621 fideliter
894 3553 959 3620 sihi
985 3553 1182 3620 famulantes
1208 3572 1267 3620 suu

140 3677 273 3725 munera
289 3665 499 3745 prosequitur
514 3663 630 3745 gracia
645 3664 807 3748 ampliori,
825 3671 859 3728 vt
875 3663 973 3729 ceteri
990 3681 1100 3728 eorum
1118 3661 1267 3744 exemplo

139 3761 274 3832 inuitati
288 3766 332 3832 ad
347 3767 517 3836 fidelitatis
534 3790 634 3856 opera
644 3770 873 3838 vehemencius
884 3769 1116 3836 accendantur.
1132 3767 1265 3838 Proind:

138 3871 181 3936 ad
206 3873 430 3944 uniuersorum
456 3881 610 3946 noticiam
639 3879 751 3945 harum
784 3878 870 3944 serie
901 3880 1054 3944 volumus
1086 3881 1262 3963 peruenire

138 3979 225 4062 quud
240 3982 449 4052 attendentes
474 3985 650 4052 fidelitates
674 3993 707 4052 et
732 3985 941 4052 seruiciurnm
974 3985 1089 4051 merita
1113 3987 1267 4070 Magistri

139 4085 297 4172 Stephani
314 4089 372 4176 filij
392 4092 531 4160 Comitis
549 4093 720 4163 Michaelis
746 4091 787 4161 de
812 4113 931 4180 genere
961 4091 1146 4160 Guthheled
1163 4095 1267 4163 fidelis

139 4194 360 4266 etfamiliaris
372 4201 506 4286 jnuenis
523 4203 647 4286 nostri,
681 4223 743 4286 que
759 4203 845 4270 idem
868 4203 966 4274 nobis
982 4226 1003 4272 a
1018 4210 1162 4289 tempure
1178 4223 1267 4270 curu·

141 4303 286 4370 nacionis
302 4312 413 4372 nostre
428 4327 470 4374 cx
487 4309 676 4393 conspicuis
692 4311 761 4376 suia
778 4306 906 4378 actibus
922 4310 1145 4396 multipliciter
1160 4311 1268 4376 dincr-

143 4405 187 4474 sia
202 4411 332 4478 clarens
347 4413 533 4480 meriturum
550 4415 723 4482 uirtutibus
749 4417 780 4482 iu
798 4419 947 4485 omnibus
965 4427 998 4484 et
1014 4415 1152 4502 singulis
1170 4433 1267 4502 unpe-

143 4514 322 4585 diciuuibus
341 4517 448 4602 Regni
477 4528 578 4590 nostri
596 4513 736 4592 fideliter
753 4526 907 4592 exhibere
923 4527 1050 4594 uuranit
1081 4532 1113 4590 et
1138 4524 1266 4608 denutc,
