3098 5172
651 937 727 1005 loo.

116 1100 149 1162 A
162 1099 258 1182 pensi
272 1097 438 1185 kdptolaa,
456 1123 477 1162 a
492 1100 645 1184 Keolposr'
659 1100 766 1166 Jaoos
782 1102 813 1166 e‘o
829 1100 977 1187 Phylpua
992 1103 1166 1168 mesternelo
1183 1104 1251 1186 fiai

121 1201 216 1289 tosti,
235 1203 370 1290 Keodqeo
387 1209 418 1270 e‘a
435 1205 611 1290 Zeceboopb
626 1207 810 1294 belpadqelret
826 1211 981 1294 tcirppozd
1005 1209 1252 1274 birtolreoereoek

243 1309 387 1394 folytdrt,
404 1333 472 1375 ceco
481 1313 701 1399 jo'eadqokbarr
716 1316 921 1400 baldrjdrdot
937 1325 1014 1380 tort.
1030 1317 1126 1380 1296.

227 1469 386 1537 Nicolaus
403 1471 593 1557 Propositus
621 1479 654 1538 et
680 1471 865 1558 Capitulum
891 1473 1251 1558 Quinqueeoolesiensis

114 1575 268 1644 Ecclesia
283 1578 431 1644 omnibus
450 1597 583 1661 presens
600 1580 753 1664 scriptum
770 1581 976 1648 cernentibus
992 1581 1173 1648 salutemiu
1185 1583 1251 1647 Do·

113 1681 217 1751 mino.
235 1683 287 1751 Ad
301 1686 525 1754 uniuersorum
541 1687 696 1754 noticiam
712 1689 861 1754 volumus
877 1689 1067 1773 peruenire:
1085 1688 1172 1772 quod
1196 1687 1249 1754 Jo-

113 1791 247 1860 hannes
263 1793 346 1861 filius
362 1794 470 1861 Beoha
487 1792 527 1860 de
544 1795 692 1878 Kaulges
709 1795 925 1880 personaliter
940 1794 974 1860 in
991 1796 1092 1862 nostri
1117 1815 1249 1882 presen-

113 1898 169 1966 cia
186 1899 379 1968 constitutus
395 1907 497 1968 totam
513 1901 701 1986 porcionem
718 1907 870 1968 terrestre
885 1901 1090 1988 hereditarie,
1107 1903 1178 1970 siue
1204 1911 1251 1968 to·

112 2007 218 2075 talem
233 2011 355 2074 terram
377 2028 470 2075 suam
496 2007 641 2095 Keulges
666 2013 814 2075 vocatam
840 2007 926 2076 vltra
949 2008 1082 2076 fluuium
1107 2009 1248 2096 Drauso,

113 2135 190 2182 cum
208 2114 335 2182 duabus
352 2114 450 2202 villis,
467 2121 589 2180 etcum
605 2115 701 2182 terris
717 2115 865 2182 omnibns
891 2115 970 2202 suis,
995 2115 1190 2184 utilitatibus
1216 2121 1250 2181 et
1384 2165 1385 2168 ,

115 2221 336 2309 pertinenoijs
370 2221 578 2306 quibuslibet,
606 2244 645 2290 ac
671 2223 925 2307 circumstanoijs
948 2223 1123 2308 vniuersis,
1149 2223 1249 2289 cortis

113 2331 213 2398 metis
230 2337 264 2397 et
280 2330 427 2398 terminis
443 2329 587 2414 vndique
612 2327 843 2396 circumdatam
870 2338 902 2396 et
926 2331 1091 2417 vallatam,
1114 2330 1147 2395 in
1173 2348 1249 2395 con-

113 2437 280 2504 cambium
296 2437 431 2505 alterius
446 2443 542 2524 terre,
558 2439 642 2504 siout
658 2436 860 2524 exprimitur,
875 2436 967 2504 dedit
992 2445 1025 2505 et
1049 2436 1189 2512 contulit
1214 2444 1249 2502 et

112 2544 252 2612 tradidit
267 2545 436 2629 Magistris
451 2545 638 2628 Laurensio,
657 2544 805 2631 Philipus
822 2553 854 2612 ct
870 2545 1025 2612 Ladizlao
1043 2545 1121 2631 filijs
1146 2546 1247 2630 Magi-

110 2655 171 2720 stri
187 2651 327 2736 Philpus
344 2651 602 2720 irreuooabiliter
612 2653 688 2736 Jure
703 2657 861 2738 perpetuo
878 2650 1119 2738 possidendam,
1137 2659 1248 2720 tonen-

110 2758 192 2826 dam
208 2759 333 2845 pariter
349 2765 380 2825 et
396 2757 597 2844 habendom3
612 2779 630 2825 e
647 2766 758 2826 contra
774 2758 839 2844 ipsi
854 2759 983 2826 nobiles
999 2761 1136 2828 iuuenes
1161 2761 1247 2828 Lau·

109 2867 255 2952 raucius,
271 2865 418 2952 Philipus
435 2873 467 2934 et
483 2866 658 2934 Ladiulaus
673 2865 731 2951 filij
749 2866 900 2952 Magistri
914 2866 1049 2952 Philpus
1066 2867 1123 2952 filij
1143 2868 1247 2934 Comi·

110 2977 157 3042 tis
173 2973 258 3042 Gleti
273 2973 308 3040 in
324 2974 568 3060 presenciarum
594 2973 807 3060 personaliter
834 2981 1059 3060 comparentes
1084 2973 1248 3056 quandam

109 3081 305 3171 porcionem
336 3087 425 3148 terre
455 3101 534 3165 sue,
567 3100 623 3149 seu
648 3080 812 3166 quandam
854 3089 974 3146 terram
997 3080 1049 3147 rel
1074 3083 1248 3164 possessio·

113 3211 194 3258 nem
211 3209 305 3258 suam
316 3189 596 3275 Franoheusfeldy
613 3189 665 3256 vel
675 3189 848 3272 Zeueboog
863 3185 984 3254 dictam
1001 3187 1035 3252 in
1051 3187 1175 3254 ambitu
1183 3208 1248 3255 vno

106 3317 174 3368 seu
199 3297 274 3366 loco
300 3297 388 3366 vltra
412 3299 582 3365 Drauuam
606 3298 699 3365 iuxta
724 3299 857 3364 fluuium
882 3296 1013 3362 Karaso
1043 3293 1246 3362 adiacentem

106 3413 144 3476 et
179 3406 348 3494 situatam,
380 3406 476 3472 certis
501 3405 597 3474 metis
621 3413 654 3472 et
672 3405 824 3471 'terminis
845 3401 986 3485 undique
1018 3399 1248 3469 circumdatam

104 3523 144 3584 et
172 3515 343 3600 uallatam,
359 3533 431 3580 oum
465 3513 533 3581 suis
565 3512 714 3580 omnibus
745 3510 942 3580 rtilitotibus
975 3517 1007 3578 et
1037 3508 1248 3596 pertinencijs

103 3621 334 3708 quibuslibet,
374 3641 414 3689 ac
445 3618 702 3704 cncumstanoijs
738 3619 920 3702 uniuersis,
951 3616 985 3682 in
1027 3617 1248 3684 concambium

99 3728 241 3820 prefate
272 3735 360 3795 terre
400 3748 459 3796 seu
499 3724 719 3814 possessionis
759 3727 903 3810 Koulges
944 3723 1129 3809 dedorunt,
1170 3741 1252 3790 con·

99 3838 259 3908 tulerunt
290 3843 323 3902 et
353 3835 558 3904 tradiderunt
590 3833 736 3921 predicto
763 3830 906 3900 Johanui
935 3831 1002 3898 filio
1028 3831 1158 3917 Becba,
1184 3829 1248 3897 sibi

99 3953 137 4016 et
156 3964 222 4031 per
238 3964 312 4012 aum
328 3946 396 4012 sais
413 3943 588 4011 heredibus
606 3941 823 4025 heredumque
849 3959 981 4008 suorum
1005 3937 1247 4006 successoribus

99 4061 138 4122 et
156 4049 413 4136 posteritatibus
438 4048 717 4118 irretractabiliier
742 4056 775 4116 at
798 4043 1058 4116 irreuocabiliter
1077 4044 1152 4128 jure
1175 4063 1247 4130 per-

95 4169 213 4251 petuo
227 4157 470 4246 possidendam,
486 4153 664 4225 tenendam
679 4155 803 4241 pariter
830 4161 862 4221 et
887 4150 1091 4239 habendam;
1117 4149 1160 4214 ad
1184 4151 1245 4216 heo

95 4266 350 4360 prenominatis
365 4267 532 4352 Magistris
547 4266 743 4350 Laurentio,
760 4263 889 4348 Philipo
905 4269 938 4328 et
967 4259 1129 4326 Ladizlno
1155 4257 1245 4342 filijs.

96 4374 266 4460 Magistri
283 4373 419 4460 Philpus
435 4375 730 4460 assumpmentibus
744 4371 831 4437 bona
845 4366 915 4435 fide
937 4369 1007 4433 sine
1029 4365 1146 4434 fraudo
1171 4385 1247 4432 eun-

96 4485 185 4552 dem
205 4479 387 4548 Johanuem
403 4480 506 4573 filium
523 4481 633 4550 Becha
648 4481 682 4546 in
701 4480 829 4566 prefata
838 4475 1043 4564 possessione
1053 4473 1247 4556 Zeaoboogh

95 4593 235 4660 vocata
248 4587 485 4657 inuiolabiliter
501 4595 533 4656 et
547 4587 793 4655 immutabiliter
819 4588 975 4672 perpetuo
991 4601 1196 4665 conseruare,
1214 4588 1248 4646 et
