3120 5172
831 253 992 364 Q.

346 463 430 524 mum
445 454 589 542 ipsorum
606 453 740 522 consilio
756 461 789 523 et
805 457 996 542 Apostolice
1020 457 1190 543 pletudine
1214 457 1381 547 potestatis
1393 480 1447 548 prc-

345 565 470 632 ficimus
485 565 520 632 in
536 564 823 651 Arcbiepiseopum
840 573 872 632 et
886 572 1062 653 pastorem,
1077 587 1187 635 curam
1214 575 1246 636 et
1271 569 1449 638 administra·

345 673 464 741 tionem
479 673 583 758 ipsiius
599 669 660 736 tibi
674 669 708 736 in
725 669 951 757 spiritualibus
967 676 1000 739 et
1014 673 1252 760 temporalibus
1268 678 1447 744 committen-

345 788 408 868 tes,
424 780 547 866 tibique
557 777 714 848 iacientes
725 775 1012 869 per2venerabilem
1028 781 1163 850 fratrem
1182 790 1328 852 nostrum
1343 785 1447 870 blllpi·

344 911 478 978 scopum
493 893 704 958 Portuensem
717 911 831 958 munus
848 893 1103 960 consecrationis
1120 893 1265 979 impendi
1276 917 1284 980 ;
1296 895 1382 962 firma
1390 914 1447 962 con·

344 1007 439 1088 cepta
453 997 573 1068 fiducia
598 997 685 1081 quod
709 995 871 1084 dirigente
896 1001 1036 1068 Domino
1060 1007 1154 1068 aetus
1179 1008 1253 1069 tuos
1282 1003 1383 1070 eidem
1406 1003 1447 1069 Ja-

343 1109 454 1177 drensi
470 1107 619 1176 Ecclesia
635 1127 694 1192 per
709 1115 799 1174 tuam
815 1107 976 1178 curiosam
992 1109 1170 1197 solertiam,
1196 1117 1352 1195 tuumque
1374 1110 1448 1175 mini·

343 1215 477 1284 sterium
503 1211 682 1281 studiosum
706 1214 838 1282 honoris
863 1220 895 1282 et
918 1215 1142 1302 prosperitatis
1170 1216 1372 1306 multiplicis,
1395 1217 1448 1282 Deo

343 1321 494 1410 propitio,
512 1319 699 1390 desiderata
714 1324 912 1407 proueniant
928 1325 1138 1390 incrementa.
1154 1325 1297 1410 Ideoque
1322 1324 1448 1392 fraterni·

342 1431 404 1497 tati
420 1436 475 1496 tue
490 1448 548 1515 per
563 1430 756 1516 Apostolica
772 1431 896 1516 scripta
920 1431 1136 1518 mandamns3
1161 1437 1323 1515 quatenus
1348 1431 1448 1502 nostris

344 1546 376 1605 et
391 1538 580 1626 Apostoliee
606 1537 701 1605 Sedis
718 1540 933 1627 beneplacitis
949 1542 1009 1608 sub
1035 1548 1183 1628 prompte
1209 1540 1396 1608 humilitatis
1414 1539 1448 1605 ol·

341 1648 413 1715 ficio
430 1653 463 1714 te
478 1653 644 1734 coaptans,
671 1653 704 1713 et
729 1655 914 1715 reverenter
938 1649 1119 1734 suscipiens
1143 1649 1330 1734 impositum
1357 1650 1447 1714 aDo·

341 1755 428 1822 mino
443 1755 502 1822 tibi
519 1774 611 1834 onus,
633 1755 780 1822 ciusdem
795 1753 965 1824 Jadrensls
991 1754 1141 1823 Ecclesie
1165 1776 1275 1823 euram
1292 1757 1447 1824 sollicitam

344 1883 456 1948 gerere
497 1863 650 1950 studeas,
677 1864 813 1948 eiusque
844 1883 963 1931 vacare
997 1862 1196 1950 profectibus
1228 1884 1292 1930 non
1324 1867 1447 1944 omittas,
1533 1947 1534 1952 ἵ

341 1992 474 2056 gregem
490 1969 694 2038 Dominicum
712 1975 765 2038 tue
776 1972 810 2038 in
821 1971 879 2038 illa
890 1971 1077 2038 discretioni
1089 1972 1307 2060 commissum,
1318 1973 1449 2040 doctrina

341 2079 433 2147 verbi
459 2083 491 2145 et
506 2079 613 2166 operis
629 2078 847 2166 informando,
873 2081 920 2146 ita
944 2077 1030 2164 quod
1045 2079 1119 2166 ipsa
1144 2079 1298 2147 Ecclesia
1330 2101 1386 2168 per
1407 2087 1449 2146 tue

340 2187 507 2270 diligentie
523 2186 664 2254 studium
681 2157 901 2254 laudabilibus
918 2187 951 2253 in
968 2188 1199 2274 spiritualibus
1225 2195 1258 2254 et
1282 2185 1449 2272 temporali·

340 2299 400 2364 bus
416 2295 459 2362 ad
476 2295 586 2361 Divini
603 2295 742 2362 nominis
763 2295 902 2379 gloriam
926 2299 1100 2379 consurgat
1124 2295 1320 2379 augmentis.
1345 2297 1448 2362 Datum
1533 2317 1534 2344 t

337 2403 487 2488 Anaguie
503 2402 606 2468 XVII.
632 2403 793 2470 kalendas
810 2403 888 2470 Julii
905 2404 1114 2470 Pontificatus
1129 2405 1329 2472 nostrianno
1340 2405 1448 2487 quinto.

445 2511 484 2577 In
499 2533 581 2580 em.
607 2509 757 2598 Capitulo
783 2510 931 2578 Ecclesia
957 2509 1139 2596 Jadrensis,
1165 2510 1259 2578 Glcro
1287 2515 1320 2577 et
1343 2511 1447 2599 populo

339 2617 490 2686 Ciuitatis
507 2625 539 2686 et
555 2619 704 2688 Diocesis
720 2617 900 2708 Judrcnsis,
928 2619 1061 2686 vasallis
1079 2626 1110 2686 et
1129 2619 1291 2687 uniuersis
1307 2623 1448 2704 suffrage-

337 2727 409 2794 ncis
425 2727 572 2794 Ecclesie
587 2725 766 2795 Jadrensis.

337 2925 474 2994 (Thelser,
486 2925 588 2985 Vetera
600 2926 777 2978 Monumenta
790 2925 933 2978 Slcvcrum
941 2923 1160 2978 Meridionalium
1170 2924 1314 2978 historiam
1324 2925 1447 2978 illustran-
1531 2989 1532 2992 Ἴ

768 3017 809 3068 tia
821 3017 843 3067 1.
856 3015 913 3069 ker.
929 3017 988 3067 lle.
1003 3015 1033 3082 l.)

792 3265 1013 3282 ¹⁸*

341 3931 431 4001 VIII.
462 3935 620 4024 Boccscica
646 3938 740 4026 pdpa
757 3961 797 4004 aa
828 3937 924 4004 doccia
943 3939 1118 4024 palliomot
1148 3933 1243 4003 baldi
1267 3931 1373 4002 Jakab
1403 3929 1448 4017 ju·
1529 3885 1530 3896 ³

710 4047 786 4113 drai
801 4047 956 4113 erueberit.
983 4046 1081 4112 1299.

438 4243 627 4313 Bonisacius
650 4243 833 4331 Episcopus
859 4263 974 4312 servus
1001 4261 1167 4310 servorum
1192 4238 1255 4308 Dei
1280 4235 1448 4308 venerabili
1528 4287 1529 4328 ,

332 4349 426 4416 fratri
441 4353 564 4422 Jacobo
579 4353 833 4442 Arcbiepiscopo
850 4352 1018 4440 Jadrensi,
1035 4349 1178 4419 salutem
1193 4355 1225 4416 et
1235 4349 1447 4434 Apostolicam

333 4459 597 4530 benedictionem.
624 4462 702 4530 (lum
734 4463 890 4548 palleum,
916 4461 1050 4546 insigne
1080 4457 1234 4526 videlicet
1259 4451 1448 4542 pontificalis

330 4567 440 4658 officii,
456 4588 478 4635 a
492 4571 586 4638 nobis
603 4593 674 4640 cum
692 4593 742 4659 ea,
759 4593 825 4660 que
841 4570 959 4657 decuit,
977 4569 1135 4640 instantia
1152 4562 1447 4648 postulassesrllos
