3120 5172
561 371 716 469 „aa

15 563 16 566 ’
81 562 144 632 suis
161 561 241 648 filijs
258 561 393 631 Comitis
411 563 500 632 Petri
526 571 558 632 et
573 565 747 636 heredibus
772 568 946 636 eorundem
971 566 1120 636 similiter
1135 589 1208 656 pos·

81 671 218 740 ridenda
232 677 392 758 perpetuo
408 680 606 741 remanente.
638 676 723 742 Mete
739 681 869 762 autem,
886 697 948 760 que
962 685 1119 763 separant
1134 698 1210 763 por·

81 781 202 846 cionem
221 778 508 864 utriusquepartis
525 783 567 848 ab
583 781 742 870 inuioem,
762 783 823 850 hoe
839 782 952 850 ordine
968 783 1208 867 distinguntur:

80 887 187 953 Prima
203 887 366 970 siquidem
383 896 471 956 meta
488 889 602 976 incipit
617 910 716 975 super
731 891 813 958 duas
831 892 964 958 arbores
981 891 1066 958 ilieis
1084 899 1209 977 aparte

79 995 277 1062 occidentali
297 994 523 1061 iuxtaterram
540 995 725 1082 Regnouldi
742 995 903 1080 quondam
919 997 1065 1064 Palatini
1080 999 1209 1064 Zakula

78 1109 225 1172 voeatam
240 1127 248 1188 ς
264 1101 381 1169 deinde
398 1123 456 1188 per
471 1102 636 1186 quandam
662 1103 810 1170 semitam
831 1104 935 1171 tendit
953 1125 1065 1185 uersus¹
1081 1112 1208 1194 partem

78 1212 282 1297 orientalem,
300 1219 332 1278 et
348 1211 518 1278 deseendit
533 1209 576 1279 ad
608 1211 769 1296 quendam
794 1214 933 1280 riunlum
958 1213 1138 1300 Trintynyk
1154 1235 1210 1280 uo·

77 1319 256 1403 minatum3
273 1317 392 1386 abhinc
408 1320 607 1388 transeundo
633 1322 738 1407 ipsum
764 1323 906 1388 riuulum
933 1341 990 1407 per
1006 1319 1142 1388 eandem
1160 1340 1208 1386 so·

78 1426 190 1493 mitam
207 1424 356 1494 aseendit
371 1427 414 1494 ad
442 1427 603 1510 quendam
621 1435 782 1514 montem,
809 1435 841 1496 et
867 1429 972 1495 eundo
988 1429 1159 1514 paululum
1175 1431 1208 1495 in

78 1535 221 1619 planieie
238 1536 328 1600 uenit
345 1533 387 1599 ad
402 1534 566 1617 quandam
584 1535 694 1622 viam,
712 1555 774 1620 que
791 1536 880 1604 uenit
896 1536 937 1601 de
964 1535 1044 1601 villa
1060 1535 1208 1622 elireto,

78 1643 214 1726 posthee
230 1641 335 1710 eundo
352 1664 410 1730 per
425 1643 561 1712 eandem
580 1644 665 1711 viam
692 1647 781 1712 uenit
811 1646 854 1710 ad
880 1644 1042 1730 quendam
1068 1643 1207 1709 riuulum

78 1749 378 1836 Lypoulohpotoka
403 1752 590 1838 apellatum,
614 1758 645 1817 et
661 1752 706 1816 ibi
733 1753 933 1820 transeundo
959 1774 1016 1840 per
1032 1753 1137 1838 ipsum
1152 1751 1208 1818 flu-

78 1859 166 1927 uium
184 1857 289 1924 tendit
304 1879 362 1944 per
378 1858 538 1941 quendam
557 1860 765 1927 monticulum
794 1862 919 1927 Beeroh
938 1869 1107 1944 uoeatum,
1125 1865 1157 1925 et
1173 1857 1207 1922 in

77 1965 247 2034 oaoumine
263 1965 409 2032 eiusdem
426 1967 595 2034 monticuli
611 1969 818 2054 progreditur
842 1987 955 2036 versus
972 1975 1097 2053 partem
1115 1967 1204 2050 aqui-

77 2076 208 2158 lonem;
225 2081 258 2142 et
273 2072 392 2142 deinde
408 2074 636 2142 descendendo
664 2076 703 2142 de
729 2076 841 2142 eodem
867 2075 1042 2142 monticulo
1059 2093 1117 2157 per
1133 2093 1207 2138 enn-

78 2183 153 2248 dem
170 2185 257 2250 viam
273 2182 406 2250 diuertit
421 2184 537 2252 iterum
555 2185 598 2251 ad
624 2191 748 2270 partem
766 2183 979 2268 orientalem,
1011 2188 1044 2248 et
1060 2180 1149 2248 uenit
1164 2178 1208 2245 ad

77 2289 243 2372 quendam
260 2293 421 2377 riuulum;
455 2299 486 2358 et
502 2291 622 2360 deinde
653 2290 845 2360 diuertendo
871 2293 987 2359 iterum
1012 2289 1054 2358 ad
1081 2296 1207 2378 partem
1273 2359 1277 2363 .

75 2399 275 2482 aquilonem,
292 2399 498 2484 pereuudem
509 2401 646 2467 riuulum
657 2401 864 2468 aseendendo
876 2403 966 2467 uenit
985 2399 1028 2465 ad
1045 2397 1208 2482 quendam

75 2507 212 2593 iontem,
229 2509 284 2590 qui
301 2515 351 2574 est
366 2509 456 2575 iuxta
472 2515 594 2576 ourtom
626 2529 684 2575 seu
709 2509 950 2595 possessionem
968 2506 1161 2590 eorundem;
1177 2511 1209 2569 el

76 2613 200 2680 deinde
217 2614 415 2681 transeundo
431 2615 521 2682 uenit
537 2614 579 2681 ad
595 2617 769 2683 eeclesiam
801 2616 913 2683 Sanoti
928 2613 1028 2698 Regis
1042 2611 1209 2696 Ladizlai;

76 2730 110 2788 et
128 2721 288 2788 abeodem
314 2721 454 2789 ecelesia
470 2721 697 2790 descendendo
714 2744 772 2810 per
787 2723 901 2792 villam
921 2743 1031 2790 uersus
1049 2721 1206 2788 orientem

73 2831 169 2894 uenit
184 2829 229 2896 ad
245 2828 403 2913 quasdam
436 2830 567 2898 arbores
584 2851 711 2920 nucum,
741 2851 803 2914 que
819 2839 893 2898 sunt
909 2832 1001 2897 iuxta
1015 2829 1149 2895 fluuium
1166 2829 1209 2892 ll·

73 2956 160 3021 sua,
179 2943 213 3002 et
227 2937 466 3004 iuxtaeundem
478 2931 829 3006 fluuiumaseendendo
840 2938 931 3005 uenit
942 2934 1094 3020 usquead
1107 2935 1208 3002 alium

69 3044 214 3110 fluuium
230 3042 405 3130 Nogpotolr
423 3047 635 3132 nominatum,
656 3046 710 3111 ubi
727 3045 825 3131 ijdem
852 3044 940 3128 fluuij
961 3045 992 3110 in
1019 3063 1116 3108 unum
1134 3062 1206 3107 eon·

68 3151 413 3236 iunguntu13deinde
438 3154 646 3220 ascendendo
662 3175 719 3240 per
744 3155 849 3239 ipsum
874 3151 1007 3218 fluuium
1032 3149 1206 3234 Nogpotok

68 3259 173 3326 uadit
210 3281 312 3344 usque
342 3262 385 3327 ad
411 3261 652 3348 Soanaspotuk3
686 3259 801 3328 deinde
833 3260 924 3326 uadit
950 3277 1052 3343 usque
1084 3257 1128 3322 ad
1151 3255 1204 3321 sil-

67 3386 166 3453 uam,
200 3373 232 3434 et
248 3366 293 3433 ibi
310 3368 399 3436 eadit
415 3367 458 3435 ad
473 3369 636 3455 quandam
653 3369 751 3457 viam,
768 3389 830 3452 quo
846 3366 936 3434 uenit
952 3367 992 3434 do
1018 3362 1207 3445 Soukuuth,

65 3483 102 3544 ot
152 3476 353 3544 transeundo
384 3497 443 3564 per
468 3479 604 3544 eandem
635 3478 722 3544 viam
763 3476 852 3545 venit
900 3474 943 3542 ad
989 3475 1123 3554 siluam;
1177 3475 1209 3536 et

62 3583 188 3651 eundo
219 3601 277 3668 per
303 3583 440 3650 eandem
456 3584 574 3652 siluam
600 3584 691 3652 uenit
706 3583 749 3650 ad
775 3583 938 3669 quandam
966 3602 1116 3668 magnam
1137 3578 1206 3645 val-

62 3693 141 3759 lem
177 3691 292 3759 Lobou
318 3699 557 3778 nuneupatam3
586 3691 706 3758 deinde
736 3691 932 3758 transeundo
961 3691 1064 3777 ipsum
1089 3683 1208 3754 vallem

59 3799 173 3868 vadit
187 3819 247 3884 per
263 3800 400 3868 eandem
411 3799 498 3866 viam
509 3799 552 3866 ad
569 3799 731 3883 quendam
750 3819 906 3882 magnum
922 3805 1082 3880 montem;
1099 3804 1129 3863 ot
1140 3799 1210 3865 des·

58 3907 248 3976 cendendo
266 3907 307 3977 de
323 3907 436 3976 eodem
454 3915 563 3976 monte
586 3907 675 3976 uenit
692 3907 735 3973 ad
751 3907 913 3990 quendam
931 3905 1063 3972 fluuium
1080 3905 1210 3972 Lemni„

57 4017 133 4084 oba
152 4022 327 4102 uocatum,
346 4022 378 4083 ot
394 4015 622 4084 descendendo
649 4016 741 4082 iuxta
766 4014 905 4080 eundem
930 4013 1062 4078 firmium
1090 4033 1148 4098 per
1165 4015 1210 4097 ip-

55 4147 141 4194 sam
165 4122 253 4189 viam
282 4123 373 4190 uenit
398 4123 442 4189 ad
468 4123 629 4208 quendam
656 4123 760 4188 loeum
786 4121 974 4188 uenaeionis
999 4119 1211 4207 Bykaohlesy

56 4233 302 4314 nominatum3
334 4239 367 4297 et
381 4231 427 4297 ibi
459 4228 672 4313 relinquendo
688 4231 795 4314 ipsam
827 4231 916 4296 viam
946 4228 1080 4295 diuertit
1095 4247 1211 4294 uersus

56 4348 198 4432 plagas
213 4338 400 4424 aquilonis3
418 4345 450 4406 et
466 4337 572 4406 eundo
588 4338 679 4405 iuxta
696 4337 789 4422 alpes
815 4337 905 4403 uenit
929 4335 971 4401 ad
988 4334 1151 4421 quendam
1166 4335 1210 4400 la-

54 4453 191 4542 pidem
207 4447 262 4530 qui
279 4455 415 4514 uooatur
431 4446 596 4530 Solunku;
616 4445 734 4512 deinde
750 4443 857 4510 eundo
881 4443 971 4512 uenit
986 4444 1029 4510 ad
1048 4441 1210 4526 quendam

54 4563 224 4632 montem
241 4555 343 4622 oblik
360 4561 522 4641 uooatum,
542 4555 597 4621 ubi
613 4553 818 4621 continuatur
833 4551 928 4619 terris
946 4549 1124 4635 Regalibns
1140 4569 1210 4634 per·

54 4662 259 4741 timentibus
276 4661 320 4732 ad
336 4663 449 4754 Surus,
466 4669 499 4732 et
515 4663 560 4732 ibi
594 4661 795 4734 terminatur.
820 4660 891 4726 Hoo
906 4658 1046 4745 adieoto,
1079 4657 1166 4746 quod
1181 4661 1212 4730 εἰ
