3170 5166
606 291 767 396 „ML

119 486 329 576 terminatur,
362 496 395 556 ct
423 488 537 574 incipit
577 495 687 558 tenere
726 489 1038 559 commetaneitatem
1081 513 1155 561 cum
1185 500 1249 562 ter·

118 596 161 662 ris
177 598 329 681 Magistri
344 597 517 686 Laurencij
547 605 578 664 et
601 597 740 665 fratrum
771 619 901 666 suorum
932 599 1072 668 filiorum
1097 601 1249 685 Magistri

118 703 256 790 Philpus
271 707 406 792 Korogh
426 706 571 792 uocatis3
598 707 719 774 abinde
745 706 878 775 diuertit
905 708 949 775 ad
963 716 1090 795 partem
1107 715 1248 794 septem·

118 812 308 902 trionalem,
328 822 361 882 et
377 813 483 882 eundo
503 835 563 899 per
586 821 684 901 prata
699 815 787 900 fluuij
814 814 955 903 predicti
979 817 1115 902 Korogh
1131 819 1249 906 uocati,

116 921 148 985 in
165 941 286 1007 magno
303 924 415 1010 spacio
432 924 538 992 eundo
555 924 589 988 in
604 922 666 990 hoc
681 929 775 1011 prato
803 926 961 1011 contingit
987 926 1082 994 terris
1109 925 1248 994 filiorum

115 1029 239 1115 Mhnee,
266 1031 480 1113 exeundoque
504 1032 546 1097 ab
573 1032 688 1097 eodem
718 1039 814 1118 prato
844 1033 879 1098 in
896 1033 1179 1100 commetaneitatc
1196 1052 1247 1098 eo·

114 1135 253 1204 rundem
287 1138 426 1204 filiorum
458 1138 571 1204 Ehnee
601 1139 692 1206 uadit
722 1138 766 1206 ad
789 1140 946 1224 angulum
978 1139 1148 1207 cuiusdam
1164 1139 1248 1206 silue

112 1244 252 1310 liliorum
268 1245 383 1312 Ehnee
400 1244 526 1330 ligueth
542 1255 667 1332 vocate,
679 1248 735 1315 vbi
747 1255 822 1314 sunt
838 1254 904 1315 tres
920 1249 1053 1314 arbores
1064 1248 1148 1334 ilyce
1159 1243 1246 1335 (lgy)
1299 1243 1306 1254 “

111 1369 235 1439 magne
252 1354 403 1422 crucibus
421 1355 613 1438 consignate
635 1354 719 1422 ferro
736 1356 807 1422 vice
823 1363 1001 1442 metarum,
1018 1355 1074 1423 ubi
1090 1357 1188 1422 uertit
1203 1353 1247 1420 ad

115 1467 244 1546 partem
260 1459 520 1548 meridionalem,
538 1468 570 1528 et
586 1483 644 1548 per
661 1462 823 1547 quandam
839 1483 994 1546 magnam
1011 1463 1099 1528 viam
1116 1462 1244 1530 uenitur

111 1568 154 1635 sd
171 1569 339 1654 quandam
356 1590 475 1653 aquam
493 1591 532 1637 cx
542 1569 760 1639 inundacione
769 1571 922 1656 pluuialis
938 1591 1022 1656 aque
1038 1590 1072 1638 se
1089 1577 1245 1654 stagnan-

110 1686 179 1742 tem
197 1677 282 1760 wlgo
298 1676 498 1762 Zelezpotok
516 1677 656 1764 dictam;
676 1699 774 1763 quam
790 1679 918 1764 quidem
936 1699 1052 1762 aquam
1069 1678 1195 1764 transit,
1212 1684 1244 1742 et

111 1785 146 1848 in
164 1785 448 1852 commetaneitate
463 1791 621 1852 terrarum
637 1786 815 1872 supradicti
842 1787 981 1870 Dionisij
999 1787 1064 1852 itur
1080 1786 1123 1852 ad
1140 1805 1240 1868 quan-

109 1891 189 1958 dam
207 1911 362 1974 magnam
377 1891 465 1959 viam
481 1897 712 1978 memoratam
744 1894 870 1960 intrans
900 1893 934 1958 in
958 1894 1073 1960 villam
1103 1893 1240 1958 Tnlman

110 2006 264 2094 uocatam
279 2051 289 2086 ,
306 1999 341 2065 in
360 2020 426 2083 qua
442 2007 492 2066 est
508 1999 648 2067 ecclesia
672 1999 842 2066 inhonore
867 1999 981 2066 Sancti
996 1999 1164 2066 Michaelis
1183 2003 1241 2065 Ar-

108 2104 274 2192 changeli,
292 2125 355 2189 que
370 2107 499 2191 quidem
531 2105 672 2174 ecclesia
696 2113 849 2191 sequatur
866 2104 951 2194 (lgy)
968 2127 1026 2190 per
1042 2105 1193 2190 medinm,
1210 2112 1241 2172 et

107 2237 168 2301 per
184 2213 324 2282 candem
341 2215 428 2281 viam
445 2215 536 2282 vadit
552 2215 595 2281 ad
611 2216 707 2281 finem
723 2215 802 2281 uillc
818 2214 957 2282 Tulman
977 2222 1100 2300 uocate,
1118 2214 1174 2280 ubi
1191 2221 1241 2279 est

108 2344 231 2410 magna
249 2331 338 2390 mcta
368 2328 496 2408 terrea,
525 2323 642 2390 exhinc
656 2323 844 2408 proceditur
860 2323 903 2390 ad
919 2325 1071 2408 superius
1087 2343 1240 2390 memora-

106 2439 175 2498 tum
192 2437 326 2515 portum
342 2432 511 2514 antiquum
528 2431 687 2517 sepedicti
716 2431 805 2516 fluuij
824 2431 973 2499 Wolkow
990 2432 1106 2517 vocati,
1125 2431 1240 2515 sicque

105 2541 312 2606 terminatur.
338 2539 458 2605 Datum
483 2539 577 2606 Bndc
593 2539 731 2624 septimo
758 2539 811 2604 dic
837 2539 931 2606 Beati
947 2538 1081 2624 Georgij
1099 2540 1240 2606 martiris

104 2668 191 2715 anno
206 2645 342 2714 Domini
357 2647 486 2714 M⁰CCO
495 2659 513 2712 ⁰.

103 2844 167 2910 (111.
179 2846 275 2898 Endre
289 2842 561 2910 kirtlynak1300lri
575 2841 738 2911 megerdsitd
764 2839 955 2909 olrmdnydbdl,
968 2847 1037 2896 mint
1049 2845 1160 2898 ientebb
1173 2846 1235 2896 245.

598 2931 671 2986 sarim
685 2933 774 2999 alatt.)

560 3186 774 3197 ...μ-*-

616 3651 694 3718 255.

87 3855 216 3920 Istocine
237 3875 338 3919 comcs
363 3851 653 3937 aloraadpdc’ro'aolc
678 3851 958 3938 dizoapacipicocle,
992 3853 1075 3938 kopp
1100 3850 1233 3936 Almcpi

82 3963 215 4027 Baclua
231 3982 340 4045 conces,
356 3960 387 4023 da
403 3959 522 4026 Milatos
539 3982 637 4024 comcs
654 3959 822 4045 Botpzoolc
853 3963 989 4046 testcdrc,
1007 3960 1137 4026 Baculo
1152 3971 1232 4024 ocull

80 4069 216 4138 coarat
240 4092 329 4154 perca
352 4067 501 4132 dirtolcrc
531 4069 624 4133 ae'anc
640 4067 876 4156 dorcitscipocon
908 4069 1118 4156 epycalrcdtelc.
1141 4068 1231 4134 1300

205 4267 275 4333 Nos
293 4264 408 4332 (lomes
427 4263 474 4330 St.
504 4261 685 4348 Vioejudex
711 4265 806 4331 Curie
837 4266 958 4331 domini
984 4265 1082 4349 Regis
1109 4264 1226 4331 damus

76 4397 147 4465 pro
167 4371 342 4456 memoria,
360 4370 446 4454 quod
463 4371 496 4435 in
513 4389 633 4456 causa,
654 4391 751 4452 quam
770 4369 884 4437 Comes
901 4371 1013 4438 Bacha
1031 4373 1119 4461 fili-ns
1134 4371 1230 4436 Mark

75 4489 122 4554 de
140 4482 273 4565 Almcg
288 4476 501 4565 personaliter
529 4484 642 4544 astans
660 4487 774 4544 contra
801 4475 957 4545 Comitem
974 4478 1145 4544 Nicolaum
1164 4476 1229 4541 fra·

72 4605 170 4664 trem
190 4589 300 4678 Botyz
316 4585 465 4652 similiter
481 4587 696 4674 personaliter
722 4595 983 4674 comparentem,
1017 4605 1115 4670 super
1140 4583 1227 4652 sacto

995 4694 1058 4770 25*
