3120 5172
654 1000 729 1067 204.

122 1199 178 1266 Aa
193 1201 262 1286 egri
276 1200 499 1286 lodptolonnulr
508 1199 650 1282 jelente'se
666 1193 735 1262 III.
753 1198 864 1264 Endre
877 1199 1041 1285 kirrilyboz
1056 1224 1076 1264 a
1103 1199 1259 1270 Himerio

329 1316 408 1372 neon
415 1306 538 1392 siildb'o
555 1316 665 1371 tartott
691 1305 943 1392 baidrp'drdsrol.
961 1307 1059 1373 1298.

238 1501 519 1569 Excellentissimo
537 1501 667 1567 domino
683 1520 742 1567 sno
758 1499 888 1568 Andree
913 1502 974 1567 Dei
1000 1504 1113 1584 gracia
1135 1503 1260 1570 Illuslri

130 1611 215 1693 Regi
226 1610 394 1696 Hungan'e
409 1607 595 1695 Capitulum
611 1607 756 1675 Eoolesie
772 1609 941 1694 Agrieusis
956 1611 1127 1678 oraoiones
1143 1611 1176 1676 in
1193 1612 1259 1677 Do·

131 1719 218 1784 mino
235 1736 308 1783 oum
334 1722 492 1802 perpetua
516 1713 685 1780 fidelitate.
711 1715 862 1800 Receptis
886 1715 1004 1783 litteris
1021 1716 1262 1784 memorialibus

130 1822 265 1891 Comitis
280 1821 451 1888 Benedicti
467 1821 666 1888 Vieeiudiots
684 1821 779 1888 Curio
794 1829 901 1888 uentre
911 1843 968 1907 per
986 1823 1143 1890 Comitem
1153 1824 1259 1911 Nyoo·

131 1934 218 1998 laum
233 1930 335 1997 lilium
349 1929 499 2016 Nyoolay
515 1928 555 1995 de
571 1950 692 2014 genere
716 1929 960 2015 Hnnthpaznau
977 1932 1071 1998 nobis
1095 1931 1261 2015 exhibitis,

133 2039 279 2106 misimus
296 2037 459 2104 hominem
483 2043 639 2124 nostrum,
665 2055 775 2104 eoram
800 2055 863 2119 quo
888 2036 1003 2104 Comes
1029 2037 1151 2104 Paulus
1175 2037 1262 2104 filius

134 2148 258 2233 lrizlay
274 2145 370 2210 bomo
386 2151 496 2210 uester
511 2142 681 2212 aooederet
705 2162 803 2228 super
827 2142 943 2210 iaoiem
969 2143 1137 2212 ouinsdam
1163 2145 1262 2232 parti·

128 2255 205 2322 -oule
219 2261 304 2319 terre
321 2251 524 2318 oontenoiose
539 2253 624 2319 inter
639 2250 746 2337 ipsum
764 2247 919 2317 Comitem
934 2249 1116 2334 Nyoolaum
1126 2261 1158 2318 et
1168 2271 1261 2320 rene·

135 2359 271 2426 rabilem
287 2363 415 2442 patrem
431 2357 595 2424 dominum
612 2357 796 2424 Johannem
811 2356 1098 2443 Arohiepisoopum
1109 2358 1262 2426 Colonen·

132 2486 202 2534 sem
218 2465 386 2552 Rymooba
407 2473 527 2552 rooate,
544 2464 617 2532 usui
633 2471 770 2549 quatuor
786 2473 963 2532 aratrorum
991 2466 1192 2553 sufficientis,
1216 2466 1263 2533 vi-

133 2573 254 2640 delieet
269 2576 303 2640 in
319 2573 415 2642 terris
431 2570 624 2656 arabilibus,
641 2571 745 2658 pratis
763 2579 795 2640 et
810 2572 904 2640 siluis
920 2595 928 2657 ;
946 2580 977 2640 et
1003 2575 1118 2643 Comes
1142 2574 1263 2642 Paulus

134 2679 285 2748 oflioialis
301 2679 448 2750 eiusdem
463 2677 586 2746 domini
602 2677 859 2768 Arobiepiscopi,
884 2681 937 2748 oui
961 2683 1056 2749 ambe
1082 2691 1192 2767 partes
1216 2683 1260 2750 la·

133 2794 221 2854 otum
252 2787 355 2873 ipsius
386 2787 548 2873 particule
572 2793 659 2853 terre
684 2787 909 2854 commiserunt
934 2787 1161 2875 decidendum,
1177 2789 1263 2856 inter

132 2893 375 2980 possessionem
391 2893 589 2962 antedictam
606 2893 726 2981 prelati
741 2891 866 2962 domini
881 2895 1130 2981 Arohiepisoopi
1145 2899 1261 2982 Rymo·

126 3000 199 3068 oba
213 3007 375 3086 rooatam,
393 3011 426 3068 et
441 3001 527 3068 inter
541 3001 780 3092 possessionem
807 3002 946 3068 Comitis
972 3002 1123 3088 Nyoolay
1147 3024 1263 3072 memo·

127 3111 204 3179 oali
218 3109 370 3196 Keobege
385 3117 546 3198 voratam,
562 3109 647 3176 inter
663 3129 745 3194 quas
761 3111 836 3193 ipsa
860 3110 1028 3177 oontenoio
1054 3121 1124 3178 orta
1149 3109 1264 3196 fuerat,

135 3217 340 3304 presentibus
357 3218 471 3286 eodem
486 3218 615 3284 homine
630 3225 738 3286 uestro
755 3225 787 3282 et
801 3217 986 3284 testimonio
1003 3223 1123 3305 nostro,
1150 3225 1264 3284 ootano

135 3327 190 3394 die
206 3325 390 3393 residenoie
405 3325 566 3413 presentis
584 3326 744 3392 exereitus
761 3324 864 3392 uestri
880 3322 1019 3407 erigeret
1045 3331 1150 3390 metas
1174 3325 1266 3390 iuxta

137 3433 256 3502 soitum
271 3454 378 3517 suum,
405 3440 436 3499 et
462 3433 640 3512 seeundum
665 3432 751 3518 quod
776 3433 887 3500 eedem
912 3439 1023 3516 partes
1048 3430 1264 3518 possessionis

136 3542 283 3628 ipsarum
299 3540 445 3629 parcium
460 3560 518 3626 per
534 3542 641 3627 ipsum
659 3537 814 3607 Comitem
830 3539 969 3606 Paulum
986 3537 1137 3608 distincte
1152 3540 1266 3608 florent

138 3657 171 3717 et
186 3649 282 3716 metis
299 3655 457 3735 separate,
474 3648 560 3714 idem
577 3647 728 3716 dominns
753 3646 1028 3734 Arohiepisoopus
1056 3655 1088 3714 et
1111 3649 1181 3733 ipse
1207 3647 1267 3714 Co·

38 3752 44 3765 '
139 3775 206 3823 mes
223 3755 388 3842 Nyoolaus
405 3754 561 3823 deberent
578 3755 818 3842 esseoontenti,
847 3776 907 3823 neo
931 3758 997 3823 ullo
1023 3775 1164 3839 unquam
1189 3761 1266 3821 tem·

141 3883 256 3948 porum
272 3881 432 3946 processu
447 3861 536 3930 litem
565 3870 699 3949 possent
714 3883 816 3948 snper
831 3861 893 3929 hoo
917 3863 1102 3930 sussoitare.
1129 3866 1266 3931 Demum

140 3967 225 4037 idem
240 3969 337 4038 homo
353 3975 461 4037 noster
477 3989 549 4036 oum
565 3970 645 4056 ipsis
662 3970 786 4038 Comite
803 3971 949 4058 Nyoolao
965 3978 998 4038 et
1014 3970 1139 4039 Comito
1164 3971 1268 4038 Paulo

141 4077 275 4143 ollioiali
292 4076 438 4143 eiusdem
454 4075 580 4142 domini
595 4077 841 4163 Arrhiepisoopi
858 4077 901 4144 ad
916 4097 974 4144 nos
1000 4097 1150 4145 reuersus
1175 4079 1269 4145 nobis

143 4182 310 4268 reoitauit3
330 4182 416 4266 quod
431 4183 465 4248 in
481 4182 638 4269 prediotis
655 4185 782 4252 ootauis
797 4183 884 4249 idem
909 4182 1024 4250 Comes
1050 4184 1173 4252 Paulus
1198 4204 1269 4269 pre·

142 4297 232 4358 sente
248 4289 363 4357 eodem
379 4296 412 4356 et
428 4289 558 4358 bomine
574 4298 684 4359 uestro
711 4311 809 4377 super
833 4291 952 4358 laoiem
976 4290 1079 4376 ipsius
1104 4291 1266 4378 particulo

143 4403 227 4463 terre
244 4397 449 4464 oontenoiose
476 4397 703 4486 oompnrenclo,
736 4418 808 4465 oum
833 4395 946 4465 eodem
974 4398 1098 4466 Comite
1122 4397 1268 4484 Nyoolao

138 4505 324 4573 erexissent
338 4507 444 4570 metas
460 4524 561 4589 super
578 4505 701 4590 eadem,
717 4523 853 4588 quarum
877 4510 1036 4571 metarum
1062 4524 1175 4572 oureus
1201 4525 1273 4590 pro·

138 4612 230 4681 oedit
244 4613 280 4678 in
296 4610 381 4677 huno
397 4610 548 4679 modum:
564 4612 674 4679 Primo
690 4612 805 4698 inoipit
829 4613 922 4678 iuxta
946 4611 1078 4678 fluuium
1104 4613 1211 4697 Ryma
1235 4613 1270 4679 iu
