3120 5172
797 315 955 418 ..ὃ-42*

841 822 917 891 222.

309 1027 423 1091 Ertdre
442 1027 513 1112 cyri
524 1023 712 1110 pdspdkruck
735 1045 757 1085 a
778 1017 904 1086 Cheuke
929 1021 1086 1104 hclpsdpre
1116 1021 1288 1086 occutkozd
1314 1021 1434 1086 lelkdezi

553 1130 772 1216 jopoeitoduyt
787 1129 940 1213 tu'rppazd
963 1127 1073 1191 uelem.
1090 1126 1186 1189 1299.

418 1323 571 1390 Andreas
585 1323 799 1389 miseracione
815 1321 938 1386 Diuina
964 1318 1146 1404 Episcopus
1174 1316 1344 1400 Agriensis
1369 1319 1431 1384 vni·

311 1430 418 1498 uersis
437 1431 553 1513 quibus
579 1429 711 1514 expedit
736 1435 769 1495 et
794 1433 961 1513 presentes
987 1424 1209 1508 ostendentur,
1237 1425 1377 1490 salutem
1402 1427 1433 1490 in

311 1537 459 1604 Domino.
477 1536 528 1601 Ad
555 1535 779 1603 vniuersorum
803 1533 959 1600 noticiam
985 1539 1095 1599 tenore
1119 1532 1326 1617 presencium
1352 1534 1433 1598 volu·

311 1663 383 1711 mus
399 1642 578 1728 peruenire,
598 1641 684 1725 quod
699 1641 777 1708 licet
792 1660 888 1725 super
919 1639 1003 1706 vilis
1035 1637 1168 1706 Chenke
1184 1637 1299 1706 fuisset
1311 1645 1434 1705 conten·

312 1751 373 1836 cio,
399 1751 452 1815 oui
477 1750 623 1817 Ecclesie
647 1748 717 1814 iure
742 1745 935 1834 paroehyeli
960 1744 1002 1812 sit
1027 1745 1192 1829 subiecta;
1218 1751 1330 1811 temen
1361 1745 1433 1828 quie

246 1929 258 1944 ἱ
312 1855 459 1922 Briccius
473 1853 733 1920 Archidiaccnue
750 1852 791 1918 de
807 1850 962 1935 Zobclch,
980 1852 1071 1917 cuius
1086 1849 1293 1933 inquisicioni
1318 1851 1432 1920 factum

310 1960 496 2028 huiusmodi
512 1961 784 2040 commiseramus,
801 1957 882 2024 dixit
897 1958 1000 2041 nobis,
1029 1957 1116 2042 quod
1141 1959 1225 2024 scitu
1250 1958 1432 2026 omnimoda

310 2068 457 2155 ueritate,
472 2089 494 2134 a
510 2069 627 2150 quibus
645 2065 736 2131 licuit
752 2071 785 2131 ct
801 2064 917 2150 decuit,
928 2084 1065 2148 quorum
1076 2064 1230 2130 noticiam
1240 2085 1298 2150 rey
1309 2065 1434 2134 euiden-

309 2175 363 2241 eio
380 2177 481 2241 lutere
497 2195 563 2241 non
578 2172 692 2260 potuit,
709 2173 782 2257 ipsa
796 2173 878 2239 ville
894 2171 980 2256 quod
1006 2169 1050 2238 ed
1075 2171 1260 2238 Ecclesiam
1284 2172 1431 2240 Omnium

311 2281 504 2347 Sanctorum
521 2281 561 2345 de
576 2280 707 2347 Zulkud
733 2301 754 2346 u
778 2285 924 2364 tempore
949 2279 1041 2347 cuius
1067 2279 1122 2346 uix
1148 2286 1240 2346 extet
1271 2281 1429 2366 memoris,

309 2387 381 2452 iure
397 2385 560 2473 spirituali
575 2385 825 2470 pertinuissent,
843 2404 902 2452 nos
933 2385 1093 2452 ueraciter
1110 2384 1216 2452 edocti
1234 2385 1353 2453 dictem
1377 2386 1431 2451 uil-

309 2493 378 2558 lam
394 2492 529 2558 Chenke
545 2491 615 2558 iure
631 2491 791 2576 spirituali
808 2492 1008 2558 restituimus
1025 2491 1172 2559 Ecclesie
1188 2491 1339 2560 Omninm
1358 2491 1434 2558 San-

307 2604 434 2666 etorum
450 2598 491 2665 de
508 2598 649 2686 Zuikud,
661 2605 693 2666 et
704 2598 895 2665 auctoritate
905 2599 1107 2683 presencium
1126 2598 1337 2682 reddidimus,
1348 2600 1432 2666 cuius

311 2704 522 2790 parochyalis
537 2707 646 2774 fueret
662 2708 705 2774 ab
721 2707 866 2793 antiquo,
900 2727 972 2772 cum
997 2713 1101 2772 muter
1125 2708 1280 2775 Ecclesia
1311 2707 1432 2774 nonnisi

307 2810 415 2878 urduu
431 2811 696 2879 consideracione
711 2811 835 2898 priuati
852 2811 969 2880 debeat
994 2833 1052 2880 suo
1081 2809 1161 2879 iure.
1189 2813 1311 2880 Datum
1336 2815 1428 2899 Agris
1551 2837 1552 2894 ᾗ

307 2937 396 2984 cuno
411 2918 543 2987 Domini
559 2917 680 2985 ΜῠΟΟο
695 2919 909 3002 nonagesimo
925 2916 983 2984 IX.

307 3110 450 3180 (Eredetie
476 3111 653 3183 borhtreysn,
667 3114 782 3181 melyrdl
795 3111 967 3181 sergo-veros
981 3115 1212 3180 selyemusindron
1226 3131 1243 3166 s.
1256 3115 1352 3183 peccet
1364 3123 1427 3168 tdrc-

517 3202 618 3258 redens
632 3203 708 3271 sugg,
721 3218 738 3255 u
750 3220 835 3255 nemu.
850 3220 975 3255 muscum
988 3201 1230 3270 kduiruttiribun.)

762 3453 975 3463 ——n-——1

863 3843 940 3910 223.
1049 3943 1052 3951 Ι

303 4045 367 4110 Pul
378 4043 471 4129 pc'cei
480 4041 670 4128 pdspdknek
685 4040 959 4127 bizonyecipiccele‚
978 4042 1060 4126 kopp
1077 4041 1211 4124 Pompei
1236 4041 1321 4105 lucio
1332 4039 1429 4126 Gple·

304 4161 360 4214 tus
373 4160 485 4216 mester
501 4149 579 4216 elien
589 4149 769 4234 protendit,
788 4149 880 4214 rnivei
896 4172 927 4212 cz
945 4146 1426 4215 ctetbirtotebctkiuzte.1299.

415 4344 484 4411 Nos
503 4343 538 4410 P.
562 4343 683 4409 Diuinu
712 4341 927 4410 miseracione
952 4342 1133 4428 Episcopus
1160 4339 1435 4426 Quinque-Eccle-

304 4448 426 4517 siensis
442 4451 595 4516 memorie
620 4449 895 4536 commendamus,
923 4450 1008 4536 quod
1033 4451 1126 4516 Iwan
1152 4449 1237 4516 filius
1262 4447 1368 4515 Imbur
1394 4445 1436 4509 de

303 4557 435 4638 Posega
453 4556 497 4622 ud
512 4564 658 4625 nostram
674 4557 858 4625 accedendo
875 4559 1076 4643 presenciam
1091 4575 1150 4642 per
1167 4555 1299 4624 modum
1324 4561 1431 4640 prote·
