3098 5172
778 291 939 406 ..p-sp-

284 485 439 572 Nicotaus
459 477 584 567 nobiles
603 495 655 581 die
671 497 790 584 Tmen,
806 517 878 564 oum
903 497 1019 564 ceteris
1035 492 1184 581 cognatis
1200 495 1344 582 ipsorum
1375 477 1416 563 rie

284 610 432 694 Muthna‚
456 608 498 675 ad
513 612 656 674 nostram
672 606 863 674 accedentes
880 605 1081 690 presenciam
1092 603 1306 671 exhibuerunt
1324 604 1413 671 nobis

287 717 500 802 priuilegium
516 714 639 780 domini
654 715 732 782 Belo
748 714 848 798 Regis
864 713 1032 798 HungarIe
1049 711 1153 778 felicis
1178 711 1416 780 recordacionis

236 883 247 894 .
284 824 340 890 aui
361 821 463 889 nostri
480 819 649 889 karissimi
666 841 765 906 super
781 820 987 905 possessione
1014 819 1156 904 ipsorum
1182 818 1319 886 Mutbna
1345 839 1416 886 oon·

284 929 406 996 sectum
420 951 428 1012 ς
444 935 594 1012 petentes
611 947 683 993 cum
701 926 871 1012 instancia,
886 934 920 994 rt
947 927 1053 1012 ipsum
1079 925 1284 1012 priuilegium
1314 935 1416 993 ratum

284 1033 422 1124 habere,
455 1041 487 1102 et
510 1040 621 1101 nostro
652 1032 863 1117 dignaremur
887 1033 1064 1120 priuilegio
1089 1035 1288 1100 confirmare.
1317 1032 1414 1100 Cuius

286 1142 421 1224 quidem
438 1139 602 1226 priuilegij
619 1148 713 1208 tenor
729 1140 807 1208 talis
823 1147 893 1208 est:

397 1245 478 1313 Bela
494 1245 555 1312 Dei
572 1247 686 1328 gracia
701 1246 869 1329 Hungarie
884 1251 947 1314 stb.
964 1247 1036 1314 Rex
1052 1246 1113 1313 stb.
1132 1243 1344 1332 (kbvetkeziir
1366 1247 1416 1312 IV.

284 1353 368 1418 aera
383 1352 565 1438 kirnynak
585 1352 724 1420 laos-ki
734 1353 1017 1438 adomtnyleveis,
1034 1355 1117 1421 mint
1132 1354 1410 1440 gybjtemenybnk

287 1459 377 1525 VIII.
396 1459 513 1546 ragyis
530 1458 844 1546 ambsodikfolyam
861 1461 919 1526 III.
936 1460 1112 1528 betetenek
1127 1463 1180 1528 56.
1196 1463 1219 1526 I.
1236 1464 1290 1528 36.
1306 1481 1352 1528 su.
1370 1459 1412 1546 a)

398 1567 466 1633 Nos
483 1567 593 1650 itaque
620 1565 715 1634 iustis
732 1568 944 1652 etiegittimis
961 1567 1177 1654 peticionibus
1191 1567 1295 1655 Hook,
1312 1567 1413 1652 Buda,

289 1673 374 1741 Isou
390 1681 422 1740 et
439 1675 566 1742 Nicolai
584 1676 804 1760 predictorum
820 1675 978 1760 inclinati,
988 1675 1094 1760 ipsum
1109 1674 1319 1760 priuilegium
1336 1673 1412 1740 Belo

285 1782 390 1866 Regis
406 1781 511 1848 felicis
527 1783 767 1850 recordacionis
794 1785 849 1848 aui
867 1783 968 1850 nostri
984 1783 1152 1850 karissimi
1168 1803 1233 1850 non
1251 1785 1415 1870 abrasum,

285 1909 350 1956 non
370 1889 598 1974 cancellatum,
616 1908 676 1954 neo
693 1889 726 1955 in
745 1889 856 1972 aliqua
871 1891 921 1956 sui
938 1897 1031 1974 parte
1046 1889 1200 1956 viciatum
1210 1941 1221 1976 ,
1236 1897 1344 1958 ratum
1361 1891 1413 1958 ba·

286 1995 398 2064 bentes
414 2004 446 2062 et
462 2003 640 2084 acceptum,
671 1996 712 2065 de
735 1997 834 2065 uerbo
863 1999 907 2064 ad
923 2001 1056 2066 uerbum
1088 1997 1292 2083 presentibus
1309 1998 1412 2064 inser·

285 2111 353 2168 tum
363 2104 558 2170 anctoritate
568 2104 773 2189 presencium
786 2106 1012 2172 confirmamus
1023 2104 1188 2191 duppIIcis
1197 2104 1300 2190 sigilli
1312 2106 1414 2172 nostri

232 2248 243 2271 .
286 2209 464 2276 munimine
479 2210 673 2282 roborando.
691 2213 810 2276 Datum
829 2231 885 2296 per
901 2232 1015 2279 manus
1031 2212 1165 2280 disereti
1182 2211 1242 2280 viri
1257 2211 1405 2295 Magistri

285 2315 458 2402 rIheodory
473 2317 634 2403 Propositi
657 2317 809 2386 Albensis
834 2320 980 2386 Ecclesia
1005 2319 1079 2386 aule
1094 2325 1205 2387 nostre
1230 2319 1407 2386 vicecan-

288 2421 412 2506 cellarij
430 2421 542 2490 dilecti
560 2432 592 2490 et
608 2424 713 2492 fidelis
734 2427 837 2492 nostri
853 2445 939 2493 anno
965 2426 1095 2494 Domini
1121 2424 1241 2492 M000·
1266 2444 1410 2510 nonage·
1545 2505 1546 2514 ἵ

288 2530 370 2596 simo
387 2529 508 2616 quinto,
527 2531 632 2616 Regni
650 2539 759 2599 autem
776 2535 879 2602 nostri
892 2555 978 2602 anno
995 2541 1100 2602 sexto.

367 2723 505 2792 (Eredetie
519 2725 693 2799 bbrhtrtytu,
708 2731 841 2783 Kormoez
855 2749 891 2784 sa.
906 2733 932 2784 k.
956 2729 1129 2798 btnyaviros
1144 2728 1338 2802 lsrblttrban.)

754 3013 967 3030 nunu—nun·—

819 3533 894 3603 120.

288 3709 584 3802 Apacszkirdlyue.
609 3715 778 3801 mepujuju
804 3717 836 3780 6³
861 3717 1050 3800 mepcrb'siti
1083 3735 1164 3779 aaon
1189 3715 1315 3800 kirdlps'
1339 3714 1417 3780 udc'·

285 3827 411 3908 mdapt,
428 3823 571 3908 melpiyel
586 3823 772 3908 Fcluemptc',
788 3821 1022 3908 sze'prucmpti
1049 3825 1082 3888 cs
1106 3821 1273 3908 Alucmptu'
1300 3823 1417 3908 helysi-

286 3933 344 4018 9ek
364 3934 481 4019 epykor·
497 3933 693 4011 Meursdnok,
718 3931 779 3996 IV.
806 3931 922 3996 Ldszlri
946 3931 1055 4014 {cisely
1080 3933 1112 3996 6⁸
1137 3929 1248 3995 Mdrr'a
1273 3931 1417 3996 szicilr'as'

438 4041 593 4125 kiro‘lyoc
606 4037 812 4124 dajlro‘jciuuk
827 4038 1141 4123 cdomdupoatottub
1159 4034 1262 4101 1295.

396 4233 505 4319 Agnes
521 4233 584 4303 Dei
600 4231 713 4319 gracia
728 4235 858 4318 Regina
873 4233 1016 4317 Vngarie
1031 4233 1178 4300 omnibns
1194 4231 1315 4300 Christi
1340 4231 1417 4300 fide·

290 4343 376 4412 libus
392 4365 527 4430 presens
543 4345 699 4430 scriptum
715 4343 915 4412 intuentibus
931 4343 1071 4410 salntem
1087 4344 1121 4410 in
1137 4341 1277 4408 Damius
1294 4339 1416 4424 sempi·
1507 4341 1509 4343 ’

289 4459 424 4518 ternam.
443 4455 485 4519 vt
501 4473 552 4542 ea,
568 4473 631 4536 que
646 4459 789 4536 aguntur
804 4452 837 4518 in
854 4459 1008 4537 tempore,
1020 4471 1060 4518 ne
1071 4449 1237 4517 irritentur
1248 4457 1323 4534 post
1333 4452 1419 4538 Ipsa,

287 4579 391 4634 neca
419 4563 577 4630 memoria
601 4561 797 4650 (litabantur,
823 4561 881 4628 sed
905 4559 1020 4650 pocius
1045 4559 1183 4628 redeunt
1207 4558 1241 4627 in
1270 4567 1419 4632 eternam
