3112 5158
618 305 773 402 ..ii-

123 497 254 586 Dyalsy,
273 505 305 565 et
329 497 374 566 ibi
389 505 522 584 separat
548 497 589 568 de
604 501 737 589 Dyaky,
760 507 793 569 et
808 500 853 567 ibi
884 499 1005 568 directe
1029 499 1121 568 illam
1138 504 1260 571 vallem

125 606 324 674 transeundo
340 607 511 694 perueniet
526 606 569 675 ad
585 607 781 693 Almabata;
813 614 845 674 et
875 607 993 676 abhinc
1011 615 1119 676 autem
1135 615 1254 680 transit
1315 608 1317 612 ’

124 713 291 800 Kucsdlw,
309 719 342 781 et
357 714 403 780 ibi
420 733 591 799 processus
608 722 765 782 metarum
786 714 974 782 difiniuntur
990 719 1023 780 et
1038 714 1253 785 determinan-

123 827 172 886 tur
199 817 242 884 de
267 819 435 888 voluntate
452 825 485 887 et
501 839 660 889 consensu
676 821 818 890 omniurn
850 823 1058 906 icbagionum
1084 823 1192 890 castri
1209 825 1250 891 de

122 928 240 1013 Zonuc,
269 926 424 995 videlicet
454 927 535 1013 Ade,
568 930 666 995 Marci
698 929 743 997 fili
776 929 886 1014 Belus5
919 929 1016 996 Pauli
1049 936 1081 995 et
1119 929 1250 997 Abrabe

124 1033 403 1102 fratrumeiusdem
435 1041 468 1102 et
492 1035 639 1120 Saenius,
672 1036 816 1120 Tobias;
833 1044 864 1103 et
879 1036 1024 1103 aliorum
1057 1037 1252 1104 commetba·

127 1161 269 1222 neornm‚
285 1143 411 1208 seilicet
435 1142 595 1208 Johannis
620 1143 666 1209 rili
694 1143 851 1228 Marcelli,
871 1164 909 1211 ae
925 1145 1075 1231 aliorum,
1093 1144 1184 1210 nullo
1200 1164 1252 1230 pe·

123 1251 207 1316 nitus
225 1249 463 1318 contradictore
479 1251 651 1338 existente,
663 1251 1066 1337 LadinlaofilioLadinlay
1077 1251 1117 1318 de
1134 1271 1255 1334 genere
1387 1253 1389 1258 ’

123 1359 224 1424 Borea
240 1356 404 1440 quondam
435 1357 627 1444 Wayouode
643 1359 887 1446 Transiluanie,
914 1365 948 1425 et
965 1377 1024 1446 per
1040 1378 1113 1427 eum
1130 1358 1252 1429 beredi-

124 1465 181 1532 bus
197 1464 416 1550 heredumque
425 1486 556 1534 suorum
572 1467 813 1536 successoribus
829 1465 1044 1535 vendiderunt
1059 1473 1093 1534 et
1107 1465 1247 1536 tradide-

124 1581 198 1642 runt
209 1593 268 1658 pro
284 1572 474 1656 octuaginta
492 1556 621 1660 marcys
631 1574 686 1641 fini
702 1573 840 1662 argenti,
856 1595 966 1644 coram
978 1573 1072 1640 nobis
1082 1574 1178 1660 plene
1196 1573 1250 1640 ba·

123 1681 200 1748 bitis
211 1687 243 1748 et
252 1679 401 1764 receptis.
415 1679 611 1748 Condicione
631 1680 862 1749 nichilominus
879 1681 1062 1748 huiusmodi
1073 1680 1249 1766 mediante,

122 1789 207 1873 quod
223 1790 265 1855 ab
281 1787 428 1856 omnibus
445 1787 558 1855 litibus
576 1795 608 1854 et
625 1787 845 1872 questionibus
861 1789 930 1856 ullo
946 1806 1089 1872 unquam
1104 1793 1250 1874 tempore

123 1917 179 1984 per
195 1895 383 1981 quempiam
402 1896 652 1984 emergentibus,
669 1897 860 1982 prephatum
886 1896 1077 1964 Ladizlaum
1102 1895 1250 1984 Vayouo·

121 2005 195 2073 dam
210 2013 267 2072 aut
281 2025 358 2073 suos
372 2003 507 2070 heredes
522 2003 673 2072 Andreas
689 2004 775 2071 filius
791 2003 892 2090 Syke,
913 2004 1130 2090 Symonfilius
1147 2004 1250 2094 Raao,

123 2114 266 2182 lacobus
282 2111 368 2179 filius
386 2111 540 2198 eiusdem,
558 2117 591 2178 ct
607 2110 867 2182 Johannesfilius
892 2109 1037 2180 Marcelli
1063 2107 1251 2203 supradicti,

122 2227 178 2289 ant
192 2221 340 2307 ipsorum
355 2217 502 2306 heredes,
519 2220 716 2287 tenebuntur
732 2219 889 2304 expedire
914 2219 1057 2305 proprijs
1082 2219 1249 2286 laboribus

124 2335 156 2393 et
171 2327 336 2414 expensis,
354 2327 436 2393 etin
453 2326 593 2412 pacifica
609 2327 818 2411 possessione
835 2345 1040 2394 conseruare.
1058 2327 1127 2393 Nos
1152 2325 1251 2410 igitur

123 2433 303 2502 huiusmodi
321 2433 507 2502 uendioioni
523 2433 704 2501 calliditate
720 2433 976 2518 malignancium
992 2451 1144 2520 processu
1170 2438 1250 2500 tem-

120 2545 208 2628 poris
225 2563 291 2609 non
306 2542 409 2628 possit
424 2541 605 2629 retractari,
622 2543 666 2608 ad
682 2543 878 2610 instanciam
894 2550 927 2611 et
952 2541 1150 2628 peticionem
1175 2539 1250 2606 vtri·

120 2671 221 2736 usque
238 2650 343 2736 partis
359 2657 530 2736 presentes
547 2651 766 2718 concessimus
783 2651 920 2735 litteras,
939 2649 1041 2734 sigilli
1067 2639 1168 2716 nostri
1194 2648 1249 2714 im-

121 2759 289 2843 pressione
305 2757 531 2825 communitas.
560 2756 680 2823 Datum
706 2757 863 2842 Magistro
890 2757 1048 2825 Michaele
1064 2755 1245 2842 Prepositc,

121 2865 279 2949 Gregorio
295 2864 446 2951 (lentore,
463 2865 565 2932 Paulo
583 2861 735 2950 Custode,
754 2864 853 2932 Saule
868 2864 1002 2932 Daoano
1029 2862 1177 2931 Ecclesie
1191 2883 1247 2929 nc·

121 2981 185 3040 stre
202 2972 432 3061 existentibus,
449 2993 534 3039 anno
551 2970 683 3039 Domini
699 2969 821 3038 Μθῦὒο
844 2971 1068 3057 nonagesimo.
1095 2967 1249 3038 seeundo.

122 3173 260 3225 tllrsdetie
290 3169 466 3238 bbrblrtyutn,
492 3169 701 3240 pemetnellittb
724 3186 741 3222 a
761 3169 823 3240 grbt
842 3171 920 3224 Btnti
944 3165 1037 3222 asarta
1060 3162 1248 3220 larblttrlbsn

478 3259 658 3315 Koloasvtrtt.
673 3260 761 3313 Saabb
774 3257 897 3326 Karcly.)
