3120 5172
856 301 1015 406 aa..

368 496 505 564 ceindici
522 495 617 565 Curis
631 515 689 564 sne
705 496 803 582 pleno
828 497 897 563 inre
915 493 1080 582 dedisset,
1114 502 1147 562 et
1162 494 1196 561 in
1212 514 1304 563 snam
1319 515 1464 582 personam

368 604 531 674 mediante
549 627 607 674 sno
624 604 819 692 priuilegio,
836 611 945 671 nostro
970 603 1208 672 interueniente
1223 592 1377 672 consensu
1390 611 1418 671 et
1431 623 1468 670 as·

368 733 476 800 senon,
487 720 583 798 prout
594 713 683 798 apnd
693 711 799 796 ipsum
810 711 976 778 dominnm
986 712 1106 796 Regem
1118 719 1150 778 et
1159 711 1397 796 predecessores
1408 730 1466 778 snos

368 819 438 900 fnit,
455 821 551 906 plene
566 820 805 887 transtulisset:
832 817 914 886 idem
942 819 1057 887 Comes
1080 820 1244 887 Martinus
1275 840 1368 904 snper
1381 825 1469 886 mosim

368 927 432 996 sibi
447 929 575 995 adibito
591 948 750 996 consensu
769 935 802 994 et
818 947 955 996 aasenm
986 933 1153 1012 presentes
1179 927 1223 994 ad
1237 935 1412 1014 perpetuam
1433 927 1468 992 rei

370 1035 558 1102 memoriam
575 1036 675 1121 pccijt
691 1036 755 1104 sibi
772 1036 855 1122 dari,
873 1042 905 1103 et
922 1035 1129 1120 priuilegium
1146 1034 1267 1101 domini
1283 1036 1379 1119 Regis
1393 1035 1470 1101 inseri

370 1150 402 1210 et
417 1143 620 1212 transscribi.
638 1142 736 1210 Unius
752 1142 883 1226 quiderm
893 1142 1056 1228 priuilegij
1078 1143 1212 1228 Regalis
1228 1149 1320 1209 tenor
1335 1143 1406 1209 talis
1419 1149 1469 1208 est:

479 1247 628 1318 Andreas
644 1252 683 1316 D.
701 1269 747 1334 gr.
764 1250 932 1335 Hungarie
948 1251 1010 1317 stb.
1027 1252 1098 1316 Rex
1117 1253 1180 1317 stb.
1208 1249 1414 1338 (kbsetlrezik
1426 1249 1470 1314 lll.

369 1358 478 1426 lindre
493 1359 673 1446 kirtlynak
695 1359 1137 1448 1297-lriadomomylevele,
1169 1359 1252 1425 mint
1276 1358 1401 1426 iemtebb
1415 1359 1471 1426 164.

370 1467 459 1532 szdm
474 1464 582 1552 alati.)

477 1574 546 1641 Nos
562 1572 662 1658 igitur
678 1577 783 1662 ipsam
801 1577 1023 1661 donacionem,
1034 1595 1109 1660 ymo
1121 1573 1228 1641 nerins
1244 1571 1472 1639 translacionem

367 1679 453 1764 juris
468 1681 673 1766 Patromatns,
692 1685 776 1750 sient
791 1684 860 1750 inre
876 1691 908 1750 et
923 1683 1069 1768 legitime
1079 1681 1168 1748 tacta
1183 1680 1372 1768 dinoscitur,
1386 1685 1473 1746 anolo·

370 1787 727 1873 ritateMetropolitama
738 1791 969 1876 approbamus,
985 1789 1181 1856 ratificamus
1197 1794 1230 1854 et
1246 1788 1403 1876 presentis
1417 1785 1477 1854 sori-

371 1894 418 1980 pti
435 1893 614 1984 patrocinio
634 1896 860 1964 confirmanus.
885 1895 1030 1963 Datnm'
1022 1917 1055 1961 nm
1072 1895 1197 1962 Buda'
1188 1916 1222 1960 rm
1249 1893 1372 1961 daridis
1392 1891 1476 1976 Aqnis

372 1998 459 2086 apnd
475 2001 627 2067 Sanctam
652 2001 847 2070 Trinitatem
874 2023 960 2070 ammo
987 2003 1119 2070 Domini
1149 2001 1195 2068 lll⁰
1196 2000 1262 2068 (20⁰
1288 2001 1476 2084 managaimo

371 2109 518 2192 septimo,
538 2109 648 2194 qnintc
664 2109 827 2180 kalendas
843 2111 1005 2196 Jamnarij.

370 2267 492 2334 (Erodsti
494 2286 508 2320 e
521 2267 694 2338 bbrhlrtybn,
708 2273 794 2338 mslyr
783 2273 823 2324 rdl
841 2287 858 2322 a
870 2271 963 2340 peesbt
981 2271 1109 2324 tbredblre
1130 2268 1283 2338 asold-arga
1304 2268 1476 2338 selyemraimb

499 2374 547 2412 ron
560 2359 645 2427 lagga
668 2375 686 2412 a
698 2359 799 2414 romola.
814 2361 861 2428 bg.
875 2358 1041 2427 Esaterlrdsy
1055 2356 1148 2412 caaldd
1161 2358 1372 2429 levdltdrtban.)

895 3037 971 3105 1¹15.

373 3217 528 3286 sosoma
545 3220 734 3303 caatmpaoaa‘
748 3219 834 3282 orsae
849 3243 871 3283 a
895 3214 1050 3282 Marcaell
1065 3221 1250 3302 asmrpami
1265 3217 1485 3286 drkcaoaoloe‘a

375 3327 486 3390 ladrom
501 3325 613 3392 lelloe'ez
632 3325 719 3391 lodata‘
749 3325 984 3412 apyatodoarot
1000 3348 1040 3388 aa
1055 3325 1224 3391 citodaadd
1238 3329 1394 3416 gyertycilr
1407 3327 1485 3414 ilpyl

746 3430 803 3496 ben
817 3431 1017 3498 taanaloodo'lo.
1034 3431 1132 3498 1297.

482 3606 550 3674 Nos
583 3604 790 3676 Lodomerins
830 3607 1042 3676 miseracione
1072 3607 1194 3676 Dinima
1223 3609 1488 3698 Archiepiscopns

375 3712 608 3798 strigoniensis
625 3721 657 3782 et
674 3717 789 3784 Comes
815 3723 989 3803 perpetuus
1005 3716 1069 3782 loci
1086 3715 1231 3784 eiusdem
1247 3719 1403 3787 memorie
1417 3741 1492 3787 com·

373 3821 563 3890 mandantes
577 3823 795 3907 significames
819 3825 937 3910 qnibns
956 3825 1093 3910 expedit
1107 3827 1280 3914 vninersis,
1297 3828 1489 3912 presencium

372 3948 431 4016 per
446 3936 606 4018 temorem;
623 3931 712 4015 qnod
727 3951 798 3998 cnon
824 3932 981 4001 discretus
998 3935 1048 3999 vir
1062 3933 1219 4015 Magister
1235 3935 1420 4024 Marcellus,
1437 3939 1488 4005 Cn-

375 4043 444 4104 stos
469 4037 614 4106 Ecclesie
644 4045 755 4106 nostre
782 4038 1026 4126 strigoniensis,
1059 4048 1172 4107 eontra
1202 4041 1399 4112 Ladialanm
1425 4048 1493 4113 Bea·

373 4149 479 4211 tornm
497 4144 612 4213 cosme
629 4154 662 4212 et
678 4146 854 4233 Damyani,
882 4147 1074 4230 Gregorinnn
1099 4137 1193 4214 Beati
1223 4149 1389 4220 lobannis
1419 4153 1494 4237 Apo

373 4251 452 4322 stoli
483 4258 515 4317 et
544 4251 776 4338 Ewangeliste,
802 4259 834 4319 et
864 4253 1072 4321 Dominicnm
1102 4254 1227 4324 Sancte
1256 4257 1433 4328 Michaelis
1461 4257 1496 4322 do

373 4357 509 4443 Koachy
550 4357 768 4426 Ecclesiamm
822 4359 1021 4444 presbiteros
1062 4379 1167 4428 coram
1208 4363 1305 4432 nobis
1346 4366 1495 4433 mouisset

373 4463 545 4532 materiam
575 4465 754 4548 questionis
767 4475 791 4552 ,“
808 4466 920 4535 dicens
945 4467 1077 4536 eosdem
1109 4469 1304 4554 quibusdam
1334 4475 1496 4557 quamtita-

372 4571 460 4640 tibus
476 4571 547 4638 siue
564 4571 681 4638 mareis
699 4573 911 4644 candelarum
937 4595 977 4641 ex
1001 4575 1136 4660 antiqua
1168 4579 1409 4651 consuetudine
1440 4582 1494 4650 sibi
