3112 5158
803 335 963 436 ..Ι-ΟΞ-

320 534 453 614 terram,
472 529 593 596 linitum
611 531 653 595 nit
671 531 718 596 ein
735 530 925 613 extrahere,
954 530 1000 596 ita
1017 539 1136 614 tamen,
1170 529 1255 613 quod
1272 533 1399 598 noluant
1414 544 1440 598 et

320 635 449 722 noluero
475 643 647 701 teneantur
663 633 833 702 Communi
843 635 975 704 Aneone
991 638 1142 719 duanam,
1154 637 1281 704 noilieet
1296 639 1355 704 XL
1371 643 1439 706 noir-

320 745 380 810 don
397 764 455 828 pro
472 744 657 810 centenario
674 744 746 810 libr.
764 746 839 810 den.
856 746 977 812 valoris
992 748 1135 832 ipsarum
1153 766 1260 813 rerum
1278 754 1310 812 et
1325 768 1439 813 merea-

321 854 460 937 oionum,
476 871 558 934 quan
591 852 799 918 extraxerint.
816 851 897 918 Item
924 851 1010 935 quod
1035 853 1205 940 Ragonini,
1222 855 1276 936 qui
1302 855 1439 920 venirent

321 979 392 1026 eum
409 977 520 1027 eorum
536 959 674 1026 nauibus
692 967 723 1025 et
738 958 837 1044 lignin
852 959 885 1026 iu
902 967 1027 1044 portum
1052 963 1194 1046 Aneone,
1212 963 1241 1028 ni
1265 961 1438 1028 1116666166-

323 1069 431 1134 uerint
447 1087 525 1134 nuan
540 1067 760 1133 meroaeionen
778 1067 811 1132 in
827 1066 973 1152 Annona,
991 1075 1023 1132 et
1038 1067 1156 1136 deinde
1172 1071 1384 1154 oaroauerint,
1405 1071 1441 1133 :nl

318 1175 537 1241 arborationm
564 1173 697 1257 aliquod
723 1174 912 1241 soluendum
939 1176 1069 1243 minime
1095 1185 1287 1259 teneantnr;
1315 1179 1343 1244 ni
1372 1199 1440 1244 vero

321 1281 600 1364 dienearrauerint,
617 1289 649 1348 et
669 1301 732 1348 non
749 1283 951 1349 eareauerint
966 1283 1109 1369 Aneone,
1138 1285 1268 1351 notuant
1293 1286 1443 1350 arborati·

324 1411 406 1456 eum.
425 1390 506 1454 Item
522 1388 608 1472 quod
625 1388 794 1472 Ragonini,
811 1390 865 1472 qui
882 1393 1057 1474 portabunt
1074 1399 1106 1456 et
1122 1394 1244 1476 portari
1262 1390 1443 1456 1661611161

321 1506 353 1564 61
386 1495 604 1563 mereaoionen
630 1498 663 1561 in
688 1497 854 1562 Annonam
881 1497 1016 1580 eiusque
1040 1507 1165 1584 portum
1181 1498 1222 1563 de
1239 1498 1361 1564 Tuscia
1376 1551 1385 1584 ,
1403 1495 1439 1561 de

324 1603 532 1688 Lonrbardia,
549 1603 590 1670 de
608 1603 833 1690 Romandiola,
851 1611 884 1669 61
900 1601 941 1669 de
956 1611 1024 1672 tota
1040 1605 1172 1670 Riueria
1196 1605 1355 1672 dictorum
1371 1606 1444 1671 loeo-

325 1733 404 1796 rum,
422 1719 489 1778 tarn
505 1731 564 1796 per
580 1732 679 1795 mare,
697 1729 796 1794 quam
812 1733 872 1795 per
888 1719 1028 1796 terram,
1054 1712 1186 1779 noluant
1206 1720 1238 1778 et
1253 1714 1383 1779 noluere
1400 1711 1444 1776 116-

322 1823 420 1888 beant
435 1821 602 1888 Communi
619 1821 752 1886 Aneone
775 1820 927 1907 duanam,
944 1821 1067 1888 noilioet
1085 1821 1149 1886 XX
1166 1821 1288 1888 solidon
1305 1841 1366 1904 pro
1382 1839 1446 1886 een-

322 1926 1447 1996 16161161111116116111611616166616111116116116(1161611111666-

322 2057 392 2103 rum
403 2057 410 2117 ;
422 2034 462 2100 de
473 2053 570 2102 61616
586 2041 692 2100 autern
705 2041 737 2100 et
746 2033 1002 2099 meroaoionibun
1017 2033 1144 2118 Apulee
1154 2039 1335 2099 tractentur
1348 2035 1448 2119 prodi-

323 2144 366 2209 eti
381 2141 540 2225 Ragonini
555 2139 696 2224 Annona,
713 2147 748 2206 ut
763 2141 921 2206 haetenus
931 2147 980 2207 ent
991 2147 1177 2207 consuetum
1188 2164 1195 2224 ;
1205 2160 1333 2224 semper
1346 2149 1448 2208 tamen

323 2251 425 2318 naluin
436 2247 587 2333 eapitutin
598 2255 630 2313 et
640 2247 874 2314 ordinamentin
885 2248 1068 2313 Communis
1079 2248 1222 2333 Aneone,
1238 2269 1300 2332 que
1317 2249 1448 2332 loquun-

323 2363 373 2423 tur
383 2357 423 2422 do
433 2355 605 2443 frumento,
622 2355 731 2442 blaua,
748 2357 834 2442 virro,
851 2355 921 2422 nale
939 2363 970 2421 et
986 2355 1174 2442 lignamine,
1184 2376 1246 2439 que
1257 2356 1414 2422 vehuntur
1424 2363 1450 2422 et

325 2469 494 2555 portantur
507 2463 683 2528 Annonam.
696 2463 776 2528 Item
792 2463 877 2546 quod
894 2462 1061 2546 Ragonini,
1079 2463 1134 2543 qui
1146 2463 1186 2526 de
1199 2464 1347 2548 partibus
1358 2467 1450 2530 ultra-

324 2572 457 2639 marinis
474 2577 506 2636 et
522 2571 707 2636 barberinio
724 2591 794 2636 oum
812 2572 906 2637 rebun
923 2571 1067 2654 ipsarum
1084 2569 1240 2656 parcium,
1258 2573 1450 2638 6611116161-

325 2684 366 2749 tin
383 2689 415 2746 ot
431 2679 596 2762 Barbarie,
613 2680 743 2745 venient
759 2699 831 2744 eum
847 2681 988 2744 nauibun
1006 2678 1046 2744 de
1072 2680 1209 2744 Ancona
1225 2697 1324 2744 canna
1351 2680 1452 2767 appli-

325 2790 419 2860 eandi
438 2795 469 2854 et
486 2785 707 2854 dinnoarcandi
740 2787 886 2870 Ragunij,
904 2785 1066 2870 siquidem
1082 2807 1146 2852 non
1164 2787 1380 2870 applieabunt
1397 2809 1449 2852 neu
1549 2813 1550 2818 ¹

324 2897 569 2964 dinneareabunt
578 2897 665 2982 apud
675 2897 865 2977 Ragonium,
881 2896 938 2963 ned
949 2897 1096 2962 venerint
1108 2896 1284 2980 Anconam,
1301 2903 1333 2960 et
1351 2897 1453 2961 volue-

326 3009 389 3074 rint
405 3007 481 3072 dieti
508 3005 665 3090 Ragonini
691 3005 830 3078 rendere
855 3003 958 3070 diotae
975 3003 1193 3069 mereaoionen
1220 3003 1366 3069 Annene.
1395 3004 1452 3068 nol-

326 3123 404 3182 uant
420 3123 451 3180 et
467 3114 595 3181 noluere
611 3119 780 3178 teneantur
807 3109 947 3178 duanam
975 3111 1143 3176 Communi
1162 3111 1304 3195 Aneone,
1331 3113 1454 3177 seilicet
1548 3163 1549 3187 2

326 3226 385 3290 XL
416 3223 534 3290 nolidon
550 3243 608 3308 pro
619 3221 804 3288 centonario
816 3220 887 3284 libr.
900 3220 973 3286 den.
992 3219 1050 3286 Sin
1066 3226 1173 3284 autem
1191 3217 1333 3284 vendere
1345 3221 1453 3284 1161111-

325 3333 389 3398 rint
404 3331 547 3410 Aneone,
566 3337 597 3395 ot
613 3329 702 3412 ipnan
720 3349 772 3394 ren
788 3326 959 3393 extrahere
975 3327 1135 3391 voluerint
1152 3326 1192 3392 de
1208 3327 1345 3391 Ancona
1358 3347 1455 3392 eauna

329 3440 479 3527 portandi
497 3439 684 3522 Ragonium,
701 3437 797 3503 lioeat
813 3435 932 3501 eisdem
950 3435 1122 3519 Ragrrninin
1148 3455 1205 3500 ean
1223 3433 1396 3501 extrahere
1422 3433 1455 3496 li·

325 3552 401 3616 bero
417 3550 489 3614 nine
504 3547 612 3630 aliquo
629 3545 732 3628 daoio,
750 3543 922 3610 dnmmodo
941 3543 1018 3607 dent
1036 3540 1202 3608 Communi
1220 3541 1354 3606 Aneone
1380 3539 1455 3624 ydo-

325 3679 420 3724 neam
452 3657 658 3724 neouritatom
691 3655 730 3721 de
762 3653 921 3738 portando
947 3654 1034 3737 innan
1050 3672 1100 3717 ren
1118 3651 1297 3734 Ragonium
1315 3657 1453 3714 tanturn.

326 3769 406 3835 Item
421 3766 505 3851 quod
521 3767 549 3830 ni
568 3765 646 3830 dieti
663 3762 833 3848 Ragonini,
851 3761 904 3844 qui
921 3781 992 3826 oum
1018 3780 1126 3824 eorum
1144 3758 1282 3824 nauibus
1299 3763 1330 3822 et
1351 3756 1453 3840 lignis

329 3874 505 3944 earoabunt
531 3871 665 3954 Ragunii
687 3871 740 3935 vel
756 3869 788 3933 in
806 3869 914 3950 aliquo
930 3867 994 3934 alio
1012 3869 1080 3932 ioco
1097 3865 1199 3930 tooiun
1223 3863 1350 3930 Riuerie
1363 3864 1458 3928 Seia·

327 3983 434 4069 uonie,
453 3987 566 4047 euntes
583 3999 640 4063 per
658 3978 779 4043 dietam
797 3975 960 4042 Riueriam
977 3993 1077 4055 unque
1105 3973 1273 4057 Veneeian,
1299 3977 1331 4036 et
1348 3992 1369 4035 a
1395 3972 1455 4032 Vo-

327 4091 428 4178 166116
455 4088 627 4154 redeuntes
643 4105 701 4168 per
718 4083 837 4149 dietam
855 4083 957 4148 111611
974 4101 1086 4147 versun
1113 4079 1302 4162 Ragonium,
1320 4087 1349 4143 et
1379 4099 1458 4144 eanu

325 4199 455 4266 fortuito
472 4195 549 4260 mali
567 4192 721 4278 temporis
738 4192 788 4257 vel
806 4191 1019 4257 oornariornm
1036 4188 1157 4270 timor-o,
1177 4186 1228 4252 vel
1246 4185 1332 4265 quod
1361 4187 1458 4250 nauin

327 4307 513 4375 immitteret
522 4324 647 4387 aquam,
658 4301 783 4367 venerit
794 4297 837 4362 611
846 4305 971 4385 portum
984 4299 1117 4363 Annene
1128 4320 1135 4380 ;
1146 4295 1246 4360 lieeat
1256 4291 1378 4358 eisdem
1395 4293 1460 4359 din-

328 4435 478 4484 noareare
510 4414 543 4478 in
560 4420 690 4496 terram,
709 4416 740 4474 61
756 4428 888 4475 6616616
905 4407 1008 4472 diotan
1025 4425 1087 4488 ren,
1116 4411 1148 4470 et
1172 4401 1248 4468 iude
1275 4401 1364 4466 exire
1390 4401 1461 4466 nine

328 4520 544 4608 aliquadaeia
561 4517 730 4585 6611161116..
749 4509 1287 4598 (111111161611611611166111666111
1306 4507 1398 4572 1116111
1417 4511 1459 4573 11-

329 4654 402 4700 uam
421 4629 591 4696 Soiauouio
611 4629 660 4696 rol
677 4626 896 4690 Veueeiarunr.
914 4621 970 4688 Sin
989 4629 1096 4686 autom
1115 4620 1203 4704 innan
1232 4637 1282 4682 ren
1310 4623 1445 4702 pontano
