3098 5172
612 347 772 450 ἕξ.-
794 329 798 336 ,

124 564 183 628 ρει
214 543 335 608 dictum
366 543 503 610 Paulum
529 544 646 612 habita
671 545 875 630 dignoscitur
899 547 1000 613 fuisse
1026 554 1057 612 ct
1087 567 1252 635 possessa,

125 671 197 716 eum
214 649 411 717 utilitatibus
429 655 460 717 st
470 652 679 736 pertinencijs
697 654 764 720 suis
783 654 953 739 uniuersis,
976 653 1082 721 eidem
1097 657 1203 741 Petro,
1220 666 1252 722 et

124 777 180 842 per
190 779 263 825 enm
274 759 342 824 suis
352 757 526 826 heredibus
537 759 758 844 heredumque
768 781 899 826 suorum
911 763 1152 830 successoribus
1163 764 1253 830 dedi·

124 887 204 953 mus,
221 866 416 935 donauimus
432 873 464 934 et
474 869 668 936 contulimus
684 869 753 934 iure
769 875 925 955 perpetuu
942 877 974 936 et
990 871 1250 938 irreuocabiliter

123 978 258 1060 pacifice
283 975 526 1064 possidendam,
551 976 866 1063 tenendam,paritcr
884 976 1109 1044 ethabendam
1131 982 1254 1064 ipsum-

124 1105 185 1166 quc
200 1085 332 1151 Petrum
350 1085 382 1150 in
400 1083 639 1168 possessionem
651 1085 780 1168 plenam
799 1091 830 1149 et
840 1085 998 1169 integram
1016 1085 1161 1154 eiusdem
1172 1087 1252 1154 ville

124 1191 306 1259 Okclichua
323 1195 486 1259 nominate
504 1214 560 1279 per
585 1193 775 1278 Magistrum
802 1195 999 1260 Demetrium
1029 1194 1186 1263 Comitem
1211 1195 1252 1262 de

123 1299 234 1364 Zolcm
265 1297 419 1368 dilectum
436 1307 468 1366 et
483 1300 614 1366 fidelum
631 1307 774 1366 nostrum
791 1303 851 1366 sub
872 1301 1058 1368 testimonio
1081 1304 1251 1372 venerabi-

122 1407 158 1474 lis
176 1404 321 1492 Capituli
337 1407 567 1492 strigoniensis
585 1414 617 1473 et
634 1408 738 1474 eciam
749 1409 938 1476 conuentus
953 1407 994 1476 de
1010 1408 1165 1479 'I‘huruch
1175 1411 1250 1477 fide·

122 1514 197 1580 lium
214 1522 405 1600 nostrorum,
422 1517 466 1582 ad
490 1517 670 1583 uberiorem
696 1517 857 1602 cautelan,
883 1517 1101 1585 mediantibus
1127 1520 1249 1586 nostris

120 1622 311 1708 homiuibus,
330 1621 482 1690 videlicet
499 1625 622 1691 Gemite
639 1624 748 1690 Mikus
765 1631 798 1690 et
822 1624 1051 1691 Bartholomeo
1077 1625 1118 1690 de
1142 1627 1248 1711 Lypto

121 1749 175 1814 per
190 1751 252 1796 nos
267 1731 310 1796 ad
327 1733 388 1798 hoc
405 1733 592 1817 specialiter
609 1733 780 1817 deputatis,
800 1731 935 1800 fecimus
961 1734 1130 1818 introduci,
1156 1735 1248 1800 nullo

123 1841 252 1922 penitus
270 1841 505 1907 contradictore
521 1843 691 1927 existente,
710 1849 804 1926 prout
820 1844 853 1907 in
871 1841 988 1908 litteris
998 1843 1173 1910 eorundem
1183 1843 1248 1910 Ma-

121 1948 212 2030 gistri
229 1949 397 2034 Demetrij,
416 1949 558 2035 Capituli
576 1957 607 2014 ot
623 1950 807 2016 Conuentus
823 1950 961 2016 vidimus
978 1951 1146 2016 contineri.
1164 1952 1247 2016 Mete

121 2063 229 2121 autem
246 2058 350 2140 ipsius
368 2059 583 2143 possessionis
602 2079 660 2126 seu
675 2059 752 2124 ville
770 2057 966 2144 Okolicbua,
983 2061 1067 2125 siout
1083 2057 1246 2125 inlitteris

121 2164 336 2248 predictorum
353 2166 502 2248 Magistri
519 2167 684 2251 Demetrij‚
703 2166 844 2250 Capituli
862 2174 894 2232 et
910 2166 1097 2232 Contentus
1121 2167 1248 2250 plenius

120 2272 311 2357 continetur,
328 2273 389 2338 boc
405 2273 519 2339 ordine
539 2272 779 2357 distinguntur:
794 2275 901 2338 Prima
918 2281 1005 2340 meta
1021 2273 1136 2357 incipit
1151 2273 1192 2338 dc
1202 2273 1248 2338 al-

119 2377 214 2460 pibus
231 2399 253 2442 a
270 2386 361 2464 parte
376 2382 548 2465 Dunajech
565 2381 777 2447 existentibus
795 2382 837 2446 ab
852 2381 1012 2468 aquilone,
1029 2386 1061 2448 et
1085 2381 1243 2467 incipiens

118 2485 198 2551 inibi
224 2508 405 2573 perunum
433 2489 535 2572 potok
556 2489 774 2556 Reuencbuizi
799 2497 962 2576 uocatum,
990 2489 1158 2558 descendit
1189 2509 1248 2574 per

118 2593 251 2676 longum
269 2597 414 2682 spacium
431 2599 520 2662 eirca
535 2603 566 2661 et
582 2617 683 2680 usquo
700 2597 742 2661 ad
768 2595 1003 2664 instrucciones
1028 2607 1185 2666 metarum
1212 2597 1244 2661 fi·

116 2701 232 2766 licrum
250 2705 385 2785 Detrioi,
404 2713 436 2770 et
452 2703 569 2770 deinde
585 2705 683 2770 currit
698 2707 741 2772 ad
758 2705 851 2772 illum
866 2726 968 2789 usque
984 2709 1098 2792 locum,
1115 2707 1168 2772 vbi
1194 2725 1247 2771 ca·

116 2809 162 2874 dit
179 2811 273 2876 aliud
288 2812 389 2896 potok
405 2813 438 2878 in
455 2814 560 2897 ipsum
576 2814 714 2880 riuulum
732 2816 894 2881 Reuenize
910 2823 1060 2882 vocaturn
1077 2839 1085 2900 ;
1101 2822 1132 2880 et
1157 2821 1246 2900 post·

116 2917 177 2983 bac
204 2921 384 3006 peripsum
402 2923 494 2988 aliud
519 2923 621 3008 potok
650 2924 795 2990 ascendit
821 2925 970 3011 superius
1001 2923 1109 2991 adhuc
1133 2943 1245 2990 versus

116 3025 306 3108 aquilonem
334 3049 396 3094 non
416 3031 523 3119 nimia,
549 3031 590 3096 de
607 3052 669 3114 quo
686 3033 787 3119 potok
814 3031 952 3098 exiendo
982 3031 1069 3097 cadit
1096 3031 1130 3096 in
1156 3030 1248 3098 aliud

114 3136 283 3217 quoddam
300 3139 400 3222 pctok
417 3137 515 3204 fontis
532 3159 641 3205 uorsus
659 3140 868 3222 occidentem,
886 3140 920 3205 in
946 3161 1008 3223 quo
1034 3139 1165 3222 quidem
1190 3159 1250 3225 po-

114 3244 170 3309 lok
187 3243 338 3311 ascendit
353 3247 502 3331 superius
520 3269 622 3329 usquc
647 3247 724 3313 dum
757 3251 905 3333 peruenit
933 3248 992 3315 sub
1018 3269 1116 3314 vnum
1142 3248 1247 3320 urob,

112 3354 174 3418 sub
193 3373 259 3436 quc
276 3353 344 3420 exit
360 3354 400 3419 de
417 3356 530 3421 eodem
547 3357 648 3440 potok
665 3365 697 3422 et
713 3356 812 3422 currit
827 3358 914 3422 vltra
928 3375 1040 3423 uersus
1056 3353 1224 3423 meridiem
1239 3379 1246 3440 ;

113 3469 146 3527 et
163 3469 284 3546 postea
299 3463 448 3529 ascendit
464 3463 497 3530 in
513 3464 618 3548 ipsum
636 3465 732 3548 wrclr,
750 3465 785 3528 in
802 3485 865 3547 quo
881 3463 983 3529 tendit
999 3483 1101 3546 usque
1126 3463 1169 3528 ad
1196 3485 1247 3530 ar·-

112 3573 226 3638 borem
242 3575 344 3657 smrk,
364 3593 462 3657 snper
478 3591 542 3654 qua
559 3580 607 3640 est
623 3591 703 3639 crux
719 3572 844 3657 posita,
856 3577 889 3636 et
907 3571 1014 3639 adbuc
1025 3571 1190 3639 invertice
1201 3574 1248 3656 ip·

108 3681 180 3746 sius
195 3681 284 3746 wrcb
295 3681 394 3746 currit
403 3700 531 3764 semper
541 3679 584 3744 ad
594 3678 769 3764 meridiem,
783 3679 886 3746 donec
896 3679 1034 3762 iungitur·
1045 3685 1076 3745 et
1096 3681 1245 3764 peruenit

110 3787 153 3852 ad
171 3789 276 3855 aliam
292 3789 441 3854 arborem
458 3789 557 3875 smrls,
578 3806 677 3872 super
694 3807 758 3870 qua
774 3809 851 3852 crux
872 3787 1246 3874 estposita,etibisepa·

107 3903 162 3963 rat
178 3905 215 3964 et
226 3897 396 3980 distinguit
412 3917 433 3962 a
448 3897 524 3980 filijs
542 3897 682 3981 Stcjiua3
699 3905 731 3962 et
747 3896 866 3962 abhinc
882 3897 1017 3962 reflectit
1026 3914 1062 3962 se
1071 3896 1187 3961 iterum
1202 3897 1246 3962 ad

108 4007 302 4090 aquilonem
318 4025 501 4090 parumper,
519 4006 552 4070 in
569 4002 856 4070 condescendendo
873 4003 1022 4088 peruenit
1037 4010 1069 4068 et
1100 3999 1188 4068 cadit
1211 4003 1245 4068 in

106 4135 214 4180 unum
233 4113 343 4200 potck,
360 4114 392 4177 iu
409 4133 472 4196 quc
497 4112 623 4179 scilicot
648 4112 747 4196 potck
774 4111 874 4177 currit
900 4111 943 4176 ad
969 4109 1184 4176 occidentem:
1214 4117 1246 4175 et

105 4222 250 4306 posthoc
266 4219 435 4287 descondit
451 4241 507 4305 ρει·
522 4223 628 4307 ipsum
644 4219 803 4304 usquead
833 4218 965 4284 fluuium
991 4218 1184 4303 Okoliehna,
1210 4217 1244 4282 iu

105 4349 208 4414 quem
227 4326 373 4395 cadendo
391 4329 470 4396 satis
486 4348 544 4414 per
560 4328 679 4394 bonum
696 4327 843 4413 spacium
859 4326 963 4393 tendit
987 4326 1030 4390 ad
1056 4323 1245 4408 meridiem

106 4449 138 4508 et
155 4437 282 4504 deinde
298 4440 448 4524 peruenit
463 4437 506 4503 ad
522 4437 688 4523 publicam
707 4437 802 4524 viam,
819 4457 916 4520 quam
930 4436 1105 4520 pertransit
1130 4451 1246 4500 versus

103 4549 282 4630 orientem,
300 4553 331 4612 et
347 4566 407 4630 per
432 4545 592 4612 modicum
619 4545 765 4630 spacium
792 4545 890 4610 currit
915 4563 1018 4627 usque
1044 4542 1087 4608 ad
1111 4540 1245 4608 fluuium

106 4660 220 4746 Vagb,
241 4655 295 4722 vbi
311 4653 412 4719 intrat
424 4662 456 4719 et
467 4653 555 4720 cadit
572 4653 605 4718 in
621 4651 728 4738 ipsum
743 4651 776 4717 iu
794 4652 850 4718 illo
866 4651 947 4740 loco,
965 4649 1245 4718 ubicuntdistinc-
