<?xml version="1.0" encoding="UTF-8"?>
<!DOCTYPE html PUBLIC "-//W3C//DTD XHTML 1.0 Transitional//EN"
    "http://www.w3.org/TR/xhtml1/DTD/xhtml1-transitional.dtd">
<html xmlns="http://www.w3.org/1999/xhtml" xml:lang="en" lang="en">
 <head>
  <title>
</title>
<meta http-equiv="Content-Type" content="text/html;charset=utf-8" />
  <meta name='ocr-system' content='tesseract 3.04.00' />
  <meta name='ocr-capabilities' content='ocr_page ocr_carea ocr_par ocr_line ocrx_word'/>
</head>
<body>
  <div class='ocr_page' id='page_1' title='image "./codexdiplomatic19wenzgoog_0149.png"; bbox 0 0 3112 5158; ppageno 0'>
   <div class='ocr_carea' id='block_1_1' title="bbox 641 935 694 1005">
    <p class='ocr_par' dir='ltr' id='par_1_1' title="bbox 641 935 694 1005">
     <span class='ocr_line' id='line_1_1' title="bbox 641 935 694 1005; baseline 0.019 -1"><span class='ocrx_word' id='word_1_1' title='bbox 641 935 694 1005; x_wconf 79' lang='lat' dir='ltr'>ta.</span> 
     </span>
    </p>
   </div>
   <div class='ocr_carea' id='block_1_2' title="bbox 99 1096 1228 1400">
    <p class='ocr_par' dir='ltr' id='par_1_2' title="bbox 99 1096 1228 1400">
     <span class='ocr_line' id='line_1_2' title="bbox 99 1096 1228 1184; baseline 0.002 -20"><span class='ocrx_word' id='word_1_2' title='bbox 99 1098 157 1166; x_wconf 85' lang='lat' dir='ltr'><em>III.</em></span> <span class='ocrx_word' id='word_1_3' title='bbox 177 1098 290 1164; x_wconf 79' lang='lat' dir='ltr'>Endre</span> <span class='ocrx_word' id='word_1_4' title='bbox 306 1096 411 1184; x_wconf 74' lang='lat' dir='ltr'>icis·de</span> <span class='ocrx_word' id='word_1_5' title='bbox 427 1098 600 1178; x_wconf 71' lang='lat' dir='ltr'>cattiaco,</span> <span class='ocrx_word' id='word_1_6' title='bbox 625 1099 680 1164; x_wconf 77' lang='lat' dir='ltr'>kik</span> <span class='ocrx_word' id='word_1_7' title='bbox 705 1099 782 1163; x_wconf 80' lang='lat' dir='ltr'>elien</span> <span class='ocrx_word' id='word_1_8' title='bbox 809 1099 968 1184; x_wconf 76' lang='lat' dir='ltr'>alrirdiyt&#39;</span> <span class='ocrx_word' id='word_1_9' title='bbox 993 1101 1078 1168; x_wconf 71' lang='lat' dir='ltr'>odei</span> <span class='ocrx_word' id='word_1_10' title='bbox 1106 1102 1228 1168; x_wconf 76' lang='lat' dir='ltr'>cedaad&#39;lr</span> 
     </span>
     <span class='ocr_line' id='line_1_3' title="bbox 99 1205 1228 1293; baseline 0.002 -21"><span class='ocrx_word' id='word_1_11' title='bbox 99 1207 348 1272; x_wconf 81' lang='lat' dir='ltr'>birtoklceresetet</span> <span class='ocrx_word' id='word_1_12' title='bbox 364 1207 550 1286; x_wconf 64' lang='lat' dir='ltr'>inclitottalg</span> <span class='ocrx_word' id='word_1_13' title='bbox 568 1206 722 1272; x_wconf 79' lang='lat' dir='ltr'>chcrohe</span> <span class='ocrx_word' id='word_1_14' title='bbox 739 1205 835 1293; x_wconf 79' lang='lat' dir='ltr'>folyo&#39;</span> <span class='ocrx_word' id='word_1_15' title='bbox 865 1209 997 1273; x_wconf 78' lang='lat' dir='ltr'>metictti</span> <span class='ocrx_word' id='word_1_16' title='bbox 1019 1209 1228 1275; x_wconf 61' lang='lat' dir='ltr'>ott-rotoldus</span> 
     </span>
     <span class='ocr_line' id='line_1_4' title="bbox 513 1315 825 1400; baseline 0 -22"><span class='ocrx_word' id='word_1_17' title='bbox 513 1319 699 1400; x_wconf 78' lang='lat' dir='ltr'>mepcrdsr&#39;ta&#39;.</span> <span class='ocrx_word' id='word_1_18' title='bbox 727 1315 825 1379; x_wconf 84' lang='lat'><em>1293.</em></span> 
     </span>
    </p>
   </div>
   <div class='ocr_carea' id='block_1_3' title="bbox 98 1473 1313 4688">
    <p class='ocr_par' dir='ltr' id='par_1_3' title="bbox 98 1473 1313 4360">
     <span class='ocr_line' id='line_1_5' title="bbox 208 1473 1232 1562; baseline 0.006 -24"><span class='ocrx_word' id='word_1_19' title='bbox 208 1473 359 1542; x_wconf 79' lang='lat' dir='ltr'>Andreas</span> <span class='ocrx_word' id='word_1_20' title='bbox 391 1473 453 1540; x_wconf 91' lang='lat' dir='ltr'>Dei</span> <span class='ocrx_word' id='word_1_21' title='bbox 492 1474 605 1558; x_wconf 79' lang='lat' dir='ltr'>gracia</span> <span class='ocrx_word' id='word_1_22' title='bbox 644 1475 832 1562; x_wconf 87' lang='lat' dir='ltr'>Hongarie,</span> <span class='ocrx_word' id='word_1_23' title='bbox 865 1476 1055 1562; x_wconf 89' lang='lat' dir='ltr'>Dalmaeie‚</span> <span class='ocrx_word' id='word_1_24' title='bbox 1088 1475 1232 1562; x_wconf 81' lang='lat' dir='ltr'>Oroacie,</span> 
     </span>
     <span class='ocr_line' id='line_1_6' title="bbox 101 1581 1235 1669; baseline 0.002 -19"><span class='ocrx_word' id='word_1_25' title='bbox 101 1582 214 1666; x_wconf 86' lang='lat' dir='ltr'>Rame,</span> <span class='ocrx_word' id='word_1_26' title='bbox 249 1581 374 1668; x_wconf 78' lang='lat' dir='ltr'>Serme,</span> <span class='ocrx_word' id='word_1_27' title='bbox 406 1581 564 1669; x_wconf 83' lang='lat' dir='ltr'>Gallicie,</span> <span class='ocrx_word' id='word_1_28' title='bbox 596 1583 796 1669; x_wconf 87' lang='lat' dir='ltr'>Lodomerie,</span> <span class='ocrx_word' id='word_1_29' title='bbox 830 1583 985 1652; x_wconf 78' lang='lat' dir='ltr'>Cumania</span> <span class='ocrx_word' id='word_1_30' title='bbox 1016 1583 1235 1669; x_wconf 88' lang='lat' dir='ltr'>Bulgaricque</span> 
     </span>
     <span class='ocr_line' id='line_1_7' title="bbox 102 1689 1237 1780; baseline 0.002 -24"><span class='ocrx_word' id='word_1_31' title='bbox 102 1689 171 1756; x_wconf 85' lang='lat' dir='ltr'>Rex</span> <span class='ocrx_word' id='word_1_32' title='bbox 199 1691 350 1757; x_wconf 89' lang='lat' dir='ltr'>omnibus</span> <span class='ocrx_word' id='word_1_33' title='bbox 376 1691 495 1758; x_wconf 83' lang='lat' dir='ltr'>Christi</span> <span class='ocrx_word' id='word_1_34' title='bbox 521 1691 670 1758; x_wconf 87' lang='lat' dir='ltr'>fidelibus</span> <span class='ocrx_word' id='word_1_35' title='bbox 696 1699 879 1778; x_wconf 70' lang='lat' dir='ltr'>presentem</span> <span class='ocrx_word' id='word_1_36' title='bbox 895 1694 1048 1778; x_wconf 84' lang='lat' dir='ltr'>paginam</span> <span class='ocrx_word' id='word_1_37' title='bbox 1077 1692 1237 1780; x_wconf 86' lang='lat' dir='ltr'>inspectu-</span> 
     </span>
     <span class='ocr_line' id='line_1_8' title="bbox 103 1798 1234 1867; baseline 0.002 -5"><span class='ocrx_word' id='word_1_38' title='bbox 103 1798 146 1863; x_wconf 87' lang='lat' dir='ltr'>ris</span> <span class='ocrx_word' id='word_1_39' title='bbox 172 1799 314 1865; x_wconf 88' lang='lat' dir='ltr'>salutem</span> <span class='ocrx_word' id='word_1_40' title='bbox 346 1798 380 1863; x_wconf 89' lang='lat' dir='ltr'>in</span> <span class='ocrx_word' id='word_1_41' title='bbox 404 1799 544 1865; x_wconf 91' lang='lat' dir='ltr'>omnium</span> <span class='ocrx_word' id='word_1_42' title='bbox 570 1798 802 1866; x_wconf 84' lang='lat' dir='ltr'>saluatore.Ad</span> <span class='ocrx_word' id='word_1_43' title='bbox 827 1801 1055 1867; x_wconf 89' lang='lat' dir='ltr'>uniuersorum</span> <span class='ocrx_word' id='word_1_44' title='bbox 1080 1799 1234 1867; x_wconf 85' lang='lat' dir='ltr'>noticiam</span> 
     </span>
     <span class='ocr_line' id='line_1_9' title="bbox 102 1893 1234 1992; baseline 0.004 -24"><span class='ocrx_word' id='word_1_45' title='bbox 102 1911 217 1972; x_wconf 89' lang='lat' dir='ltr'>tenore</span> <span class='ocrx_word' id='word_1_46' title='bbox 233 1893 436 1989; x_wconf 86' lang='lat' dir='ltr'>presencium</span> <span class='ocrx_word' id='word_1_47' title='bbox 453 1907 601 1973; x_wconf 89' lang='lat' dir='ltr'>volumus</span> <span class='ocrx_word' id='word_1_48' title='bbox 618 1907 806 1992; x_wconf 87' lang='lat' dir='ltr'>peruenire:</span> <span class='ocrx_word' id='word_1_49' title='bbox 824 1908 909 1991; x_wconf 88' lang='lat' dir='ltr'>quod</span> <span class='ocrx_word' id='word_1_50' title='bbox 926 1927 998 1974; x_wconf 89' lang='lat' dir='ltr'>cum</span> <span class='ocrx_word' id='word_1_51' title='bbox 1025 1906 1122 1992; x_wconf 87' lang='lat' dir='ltr'>Mykc</span> <span class='ocrx_word' id='word_1_52' title='bbox 1148 1907 1234 1972; x_wconf 85' lang='lat' dir='ltr'>iilius</span> 
     </span>
     <span class='ocr_line' id='line_1_10' title="bbox 101 2014 1233 2102; baseline 0.001 -23"><span class='ocrx_word' id='word_1_53' title='bbox 101 2014 230 2098; x_wconf 85' lang='lat' dir='ltr'>Radun,</span> <span class='ocrx_word' id='word_1_54' title='bbox 247 2014 440 2081; x_wconf 82' lang='lat' dir='ltr'>Benedictus</span> <span class='ocrx_word' id='word_1_55' title='bbox 456 2021 489 2080; x_wconf 87' lang='lat' dir='ltr'>et</span> <span class='ocrx_word' id='word_1_56' title='bbox 504 2015 620 2083; x_wconf 86' lang='lat' dir='ltr'>fratres</span> <span class='ocrx_word' id='word_1_57' title='bbox 637 2016 687 2082; x_wconf 87' lang='lat' dir='ltr'>sui</span> <span class='ocrx_word' id='word_1_58' title='bbox 703 2016 760 2102; x_wconf 89' lang='lat' dir='ltr'>filij</span> <span class='ocrx_word' id='word_1_59' title='bbox 787 2015 938 2100; x_wconf 86' lang='lat' dir='ltr'>Modaoh,</span> <span class='ocrx_word' id='word_1_60' title='bbox 956 2017 1115 2101; x_wconf 87' lang='lat' dir='ltr'>Phylipus</span> <span class='ocrx_word' id='word_1_61' title='bbox 1147 2017 1233 2081; x_wconf 84' lang='lat' dir='ltr'>filius</span> 
     </span>
     <span class='ocr_line' id='line_1_11' title="bbox 102 2122 1234 2211; baseline 0 -24"><span class='ocrx_word' id='word_1_62' title='bbox 102 2122 228 2188; x_wconf 80' lang='lat' dir='ltr'>Thcme</span> <span class='ocrx_word' id='word_1_63' title='bbox 245 2129 277 2188; x_wconf 88' lang='lat' dir='ltr'>et</span> <span class='ocrx_word' id='word_1_64' title='bbox 294 2122 410 2189; x_wconf 87' lang='lat' dir='ltr'>fratres</span> <span class='ocrx_word' id='word_1_65' title='bbox 427 2123 581 2211; x_wconf 88' lang='lat' dir='ltr'>eiusdem,</span> <span class='ocrx_word' id='word_1_66' title='bbox 598 2125 628 2190; x_wconf 89' lang='lat' dir='ltr'>N</span> <span class='ocrx_word' id='word_1_67' title='bbox 629 2125 764 2208; x_wconf 87' lang='lat' dir='ltr'>ycolaus</span> <span class='ocrx_word' id='word_1_68' title='bbox 789 2123 875 2190; x_wconf 88' lang='lat' dir='ltr'>filius</span> <span class='ocrx_word' id='word_1_69' title='bbox 894 2124 1044 2207; x_wconf 88' lang='lat' dir='ltr'>Wolkan‚</span> <span class='ocrx_word' id='word_1_70' title='bbox 1072 2129 1104 2190; x_wconf 89' lang='lat' dir='ltr'>et</span> <span class='ocrx_word' id='word_1_71' title='bbox 1129 2123 1234 2207; x_wconf 83' lang='lat' dir='ltr'>Bytou</span> 
     </span>
     <span class='ocr_line' id='line_1_12' title="bbox 105 2227 1313 2318; baseline 0 -26"><span class='ocrx_word' id='word_1_72' title='bbox 105 2247 143 2292; x_wconf 90' lang='lat' dir='ltr'>ac</span> <span class='ocrx_word' id='word_1_73' title='bbox 159 2227 277 2296; x_wconf 82' lang='lat' dir='ltr'>iratres</span> <span class='ocrx_word' id='word_1_74' title='bbox 291 2231 398 2314; x_wconf 90' lang='lat' dir='ltr'>ipsius</span> <span class='ocrx_word' id='word_1_75' title='bbox 413 2230 471 2315; x_wconf 88' lang='lat' dir='ltr'>filij</span> <span class='ocrx_word' id='word_1_76' title='bbox 490 2232 602 2318; x_wconf 83' lang='lat' dir='ltr'>Tobie,</span> <span class='ocrx_word' id='word_1_77' title='bbox 618 2251 677 2317; x_wconf 87' lang='lat' dir='ltr'>per</span> <span class='ocrx_word' id='word_1_78' title='bbox 693 2230 841 2298; x_wconf 76' lang='lat' dir='ltr'><strong>custodes</strong></span> <span class='ocrx_word' id='word_1_79' title='bbox 868 2231 1024 2298; x_wconf 87' lang='lat' dir='ltr'>siluarum</span> <span class='ocrx_word' id='word_1_80' title='bbox 1050 2237 1235 2296; x_wconf 87' lang='lat' dir='ltr'>nostrarum</span> <span class='ocrx_word' id='word_1_81' title='bbox 1309 2264 1313 2270; x_wconf 94' lang='lat'><em>·</em></span> 
     </span>
     <span class='ocr_line' id='line_1_13' title="bbox 103 2334 1229 2424; baseline 0.002 -25"><span class='ocrx_word' id='word_1_82' title='bbox 103 2334 144 2401; x_wconf 88' lang='lat' dir='ltr'>de</span> <span class='ocrx_word' id='word_1_83' title='bbox 160 2335 278 2404; x_wconf 91' lang='lat' dir='ltr'>Badun</span> <span class='ocrx_word' id='word_1_84' title='bbox 295 2357 395 2422; x_wconf 83' lang='lat' dir='ltr'>super</span> <span class='ocrx_word' id='word_1_85' title='bbox 410 2335 552 2422; x_wconf 87' lang='lat' dir='ltr'>quadam</span> <span class='ocrx_word' id='word_1_86' title='bbox 568 2339 731 2424; x_wconf 88' lang='lat' dir='ltr'>particula</span> <span class='ocrx_word' id='word_1_87' title='bbox 747 2347 831 2406; x_wconf 86' lang='lat' dir='ltr'>terre</span> <span class='ocrx_word' id='word_1_88' title='bbox 843 2341 983 2424; x_wconf 88' lang='lat' dir='ltr'>ipsorum</span> <span class='ocrx_word' id='word_1_89' title='bbox 995 2339 1085 2404; x_wconf 83' lang='lat' dir='ltr'>iuxta</span> <span class='ocrx_word' id='word_1_90' title='bbox 1095 2338 1229 2404; x_wconf 85' lang='lat' dir='ltr'>fluuium</span> 
     </span>
     <span class='ocr_line' id='line_1_14' title="bbox 103 2442 1233 2533; baseline 0.002 -27"><span class='ocrx_word' id='word_1_91' title='bbox 103 2442 274 2510; x_wconf 88' lang='lat' dir='ltr'>Heberche</span> <span class='ocrx_word' id='word_1_92' title='bbox 305 2445 472 2513; x_wconf 86' lang='lat' dir='ltr'>existentis</span> <span class='ocrx_word' id='word_1_93' title='bbox 498 2446 719 2533; x_wconf 87' lang='lat' dir='ltr'>inpeterentur</span> <span class='ocrx_word' id='word_1_94' title='bbox 745 2466 851 2532; x_wconf 88' lang='lat' dir='ltr'>coram</span> <span class='ocrx_word' id='word_1_95' title='bbox 886 2446 998 2513; x_wconf 87' lang='lat' dir='ltr'>nobis:</span> <span class='ocrx_word' id='word_1_96' title='bbox 1022 2453 1129 2510; x_wconf 86' lang='lat' dir='ltr'>tamen</span> <span class='ocrx_word' id='word_1_97' title='bbox 1153 2444 1233 2527; x_wconf 89' lang='lat' dir='ltr'>quia</span> 
     </span>
     <span class='ocr_line' id='line_1_15' title="bbox 105 2550 1235 2642; baseline 0.003 -28"><span class='ocrx_word' id='word_1_98' title='bbox 105 2550 197 2635; x_wconf 88' lang='lat' dir='ltr'>ipsos</span> <span class='ocrx_word' id='word_1_99' title='bbox 207 2552 353 2638; x_wconf 85' lang='lat' dir='ltr'>Mykam‚</span> <span class='ocrx_word' id='word_1_100' title='bbox 371 2554 594 2642; x_wconf 85' lang='lat' dir='ltr'>Benedictum,</span> <span class='ocrx_word' id='word_1_101' title='bbox 605 2555 790 2640; x_wconf 84' lang='lat' dir='ltr'>Phylipum,</span> <span class='ocrx_word' id='word_1_102' title='bbox 807 2561 839 2622; x_wconf 87' lang='lat' dir='ltr'>et</span> <span class='ocrx_word' id='word_1_103' title='bbox 848 2555 931 2621; x_wconf 89' lang='lat' dir='ltr'>alios</span> <span class='ocrx_word' id='word_1_104' title='bbox 941 2553 1061 2620; x_wconf 84' lang='lat' dir='ltr'>fratres</span> <span class='ocrx_word' id='word_1_105' title='bbox 1071 2551 1235 2639; x_wconf 87' lang='lat' dir='ltr'>predictos</span> 
     </span>
     <span class='ocr_line' id='line_1_16' title="bbox 107 2657 1230 2748; baseline 0 -25"><span class='ocrx_word' id='word_1_106' title='bbox 107 2657 229 2745; x_wconf 88' lang='lat' dir='ltr'>fideles,</span> <span class='ocrx_word' id='word_1_107' title='bbox 248 2660 345 2727; x_wconf 87' lang='lat' dir='ltr'>utiles</span> <span class='ocrx_word' id='word_1_108' title='bbox 361 2668 392 2726; x_wconf 91' lang='lat' dir='ltr'>et</span> <span class='ocrx_word' id='word_1_109' title='bbox 408 2663 609 2728; x_wconf 86' lang='lat' dir='ltr'>necessarios</span> <span class='ocrx_word' id='word_1_110' title='bbox 626 2669 735 2728; x_wconf 86' lang='lat' dir='ltr'>nostre</span> <span class='ocrx_word' id='word_1_111' title='bbox 751 2661 926 2748; x_wconf 86' lang='lat' dir='ltr'>Maiestati,</span> <span class='ocrx_word' id='word_1_112' title='bbox 942 2661 1073 2728; x_wconf 78' lang='lat' dir='ltr'>racione</span> <span class='ocrx_word' id='word_1_113' title='bbox 1100 2680 1230 2727; x_wconf 89' lang='lat' dir='ltr'>suorum</span> 
     </span>
     <span class='ocr_line' id='line_1_17' title="bbox 103 2751 1234 2853; baseline 0.001 -23"><span class='ocrx_word' id='word_1_114' title='bbox 103 2766 313 2832; x_wconf 84' lang='lat' dir='ltr'>seruiciorum</span> <span class='ocrx_word' id='word_1_115' title='bbox 332 2768 426 2835; x_wconf 89' lang='lat' dir='ltr'>nobis</span> <span class='ocrx_word' id='word_1_116' title='bbox 442 2767 581 2836; x_wconf 86' lang='lat' dir='ltr'>fideliter</span> <span class='ocrx_word' id='word_1_117' title='bbox 606 2770 812 2853; x_wconf 79' lang='lat' dir='ltr'>impensorum</span> <span class='ocrx_word' id='word_1_118' title='bbox 841 2751 882 2835; x_wconf 86' lang='lat' dir='ltr'>et</span> <span class='ocrx_word' id='word_1_119' title='bbox 897 2767 1175 2852; x_wconf 77' lang='lat' dir='ltr'>inpendendorum</span> <span class='ocrx_word' id='word_1_120' title='bbox 1201 2767 1234 2832; x_wconf 92' lang='lat' dir='ltr'>in</span> 
     </span>
     <span class='ocr_line' id='line_1_18' title="bbox 104 2870 1231 2963; baseline 0.003 -28"><span class='ocrx_word' id='word_1_121' title='bbox 104 2870 258 2959; x_wconf 83' lang='lat' dir='ltr'>futurum,</span> <span class='ocrx_word' id='word_1_122' title='bbox 275 2874 345 2942; x_wconf 85' lang='lat' dir='ltr'>sore</span> <span class='ocrx_word' id='word_1_123' title='bbox 371 2876 623 2963; x_wconf 82' lang='lat' dir='ltr'>considerantes,</span> <span class='ocrx_word' id='word_1_124' title='bbox 651 2877 756 2963; x_wconf 86' lang='lat' dir='ltr'>ipsam</span> <span class='ocrx_word' id='word_1_125' title='bbox 781 2876 977 2961; x_wconf 86' lang='lat' dir='ltr'>particulam</span> <span class='ocrx_word' id='word_1_126' title='bbox 993 2883 1085 2942; x_wconf 86' lang='lat' dir='ltr'>terre</span> <span class='ocrx_word' id='word_1_127' title='bbox 1111 2873 1231 2941; x_wconf 86' lang='lat' dir='ltr'>eisdem</span> 
     </span>
     <span class='ocr_line' id='line_1_19' title="bbox 104 2979 1230 3067; baseline 0.004 -23"><span class='ocrx_word' id='word_1_128' title='bbox 104 2979 256 3046; x_wconf 89' lang='lat' dir='ltr'>duximus</span> <span class='ocrx_word' id='word_1_129' title='bbox 273 2981 531 3065; x_wconf 86' lang='lat' dir='ltr'>relinquendam.</span> <span class='ocrx_word' id='word_1_130' title='bbox 548 2983 615 3051; x_wconf 83' lang='lat' dir='ltr'>Sed</span> <span class='ocrx_word' id='word_1_131' title='bbox 631 2984 709 3066; x_wconf 86' lang='lat' dir='ltr'>quia</span> <span class='ocrx_word' id='word_1_132' title='bbox 725 2985 819 3052; x_wconf 90' lang='lat' dir='ltr'>uobis</span> <span class='ocrx_word' id='word_1_133' title='bbox 834 2985 875 3050; x_wconf 88' lang='lat' dir='ltr'>de</span> <span class='ocrx_word' id='word_1_134' title='bbox 891 2985 1049 3067; x_wconf 87' lang='lat' dir='ltr'>qualitate</span> <span class='ocrx_word' id='word_1_135' title='bbox 1074 2991 1107 3049; x_wconf 90' lang='lat' dir='ltr'>et</span> <span class='ocrx_word' id='word_1_136' title='bbox 1131 3003 1230 3066; x_wconf 91' lang='lat' dir='ltr'>quan·</span> 
     </span>
     <span class='ocr_line' id='line_1_20' title="bbox 105 3086 1234 3176; baseline 0.004 -26"><span class='ocrx_word' id='word_1_137' title='bbox 105 3086 199 3152; x_wconf 88' lang='lat' dir='ltr'>titato</span> <span class='ocrx_word' id='word_1_138' title='bbox 215 3087 302 3155; x_wconf 86' lang='lat' dir='ltr'>dicte</span> <span class='ocrx_word' id='word_1_139' title='bbox 317 3096 402 3155; x_wconf 87' lang='lat' dir='ltr'>terre</span> <span class='ocrx_word' id='word_1_140' title='bbox 418 3090 538 3157; x_wconf 84' lang='lat' dir='ltr'>veritas</span> <span class='ocrx_word' id='word_1_141' title='bbox 554 3110 619 3157; x_wconf 93' lang='lat' dir='ltr'>non</span> <span class='ocrx_word' id='word_1_142' title='bbox 637 3092 817 3176; x_wconf 88' lang='lat' dir='ltr'>constabat,</span> <span class='ocrx_word' id='word_1_143' title='bbox 832 3091 922 3158; x_wconf 89' lang='lat' dir='ltr'>fideli</span> <span class='ocrx_word' id='word_1_144' title='bbox 946 3097 1053 3158; x_wconf 87' lang='lat' dir='ltr'>nostro</span> <span class='ocrx_word' id='word_1_145' title='bbox 1080 3089 1234 3174; x_wconf 87' lang='lat' dir='ltr'>Magistro</span> 
     </span>
     <span class='ocr_line' id='line_1_21' title="bbox 109 3193 1237 3284; baseline 0.005 -27"><span class='ocrx_word' id='word_1_146' title='bbox 109 3193 273 3261; x_wconf 84' lang='lat' dir='ltr'>Demetrio</span> <span class='ocrx_word' id='word_1_147' title='bbox 291 3196 406 3264; x_wconf 79' lang='lat' dir='ltr'>Comiti</span> <span class='ocrx_word' id='word_1_148' title='bbox 425 3197 464 3264; x_wconf 87' lang='lat' dir='ltr'>de</span> <span class='ocrx_word' id='word_1_149' title='bbox 483 3199 599 3264; x_wconf 87' lang='lat' dir='ltr'>chum</span> <span class='ocrx_word' id='word_1_150' title='bbox 616 3198 764 3266; x_wconf 87' lang='lat' dir='ltr'>dedimus</span> <span class='ocrx_word' id='word_1_151' title='bbox 781 3200 813 3264; x_wconf 90' lang='lat' dir='ltr'>in</span> <span class='ocrx_word' id='word_1_152' title='bbox 831 3198 1005 3284; x_wconf 85' lang='lat' dir='ltr'>mandatis,</span> <span class='ocrx_word' id='word_1_153' title='bbox 1021 3205 1057 3264; x_wconf 93' lang='lat' dir='ltr'>ut</span> <span class='ocrx_word' id='word_1_154' title='bbox 1073 3217 1145 3264; x_wconf 91' lang='lat' dir='ltr'>oum</span> <span class='ocrx_word' id='word_1_155' title='bbox 1172 3198 1237 3264; x_wconf 87' lang='lat' dir='ltr'>Ma·</span> 
     </span>
     <span class='ocr_line' id='line_1_22' title="bbox 108 3301 1237 3388; baseline 0.005 -23"><span class='ocrx_word' id='word_1_156' title='bbox 108 3301 212 3382; x_wconf 88' lang='lat' dir='ltr'>gistro</span> <span class='ocrx_word' id='word_1_157' title='bbox 237 3305 333 3370; x_wconf 86' lang='lat' dir='ltr'>Petro</span> <span class='ocrx_word' id='word_1_158' title='bbox 357 3305 445 3371; x_wconf 88' lang='lat' dir='ltr'>fideli</span> <span class='ocrx_word' id='word_1_159' title='bbox 471 3306 589 3374; x_wconf 88' lang='lat' dir='ltr'>clerico</span> <span class='ocrx_word' id='word_1_160' title='bbox 615 3314 726 3374; x_wconf 90' lang='lat' dir='ltr'>nostro</span> <span class='ocrx_word' id='word_1_161' title='bbox 752 3328 851 3374; x_wconf 88' lang='lat' dir='ltr'>unum</span> <span class='ocrx_word' id='word_1_162' title='bbox 875 3308 1036 3375; x_wconf 88' lang='lat' dir='ltr'>hominem</span> <span class='ocrx_word' id='word_1_163' title='bbox 1062 3325 1154 3372; x_wconf 89' lang='lat' dir='ltr'>suum</span> <span class='ocrx_word' id='word_1_164' title='bbox 1179 3324 1237 3388; x_wconf 92' lang='lat' dir='ltr'>pro</span> 
     </span>
     <span class='ocr_line' id='line_1_23' title="bbox 111 3396 1238 3500; baseline 0.004 -28"><span class='ocrx_word' id='word_1_165' title='bbox 111 3409 297 3477; x_wconf 87' lang='lat' dir='ltr'>testimonio</span> <span class='ocrx_word' id='word_1_166' title='bbox 314 3413 455 3480; x_wconf 88' lang='lat' dir='ltr'>mitteret</span> <span class='ocrx_word' id='word_1_167' title='bbox 480 3414 689 3500; x_wconf 86' lang='lat' dir='ltr'>fidedignum‚</span> <span class='ocrx_word' id='word_1_168' title='bbox 706 3435 813 3482; x_wconf 90' lang='lat' dir='ltr'>coram</span> <span class='ocrx_word' id='word_1_169' title='bbox 830 3429 893 3500; x_wconf 89' lang='lat' dir='ltr'>quo</span> <span class='ocrx_word' id='word_1_170' title='bbox 909 3396 994 3481; x_wconf 87' lang='lat' dir='ltr'>idem</span> <span class='ocrx_word' id='word_1_171' title='bbox 1010 3416 1105 3483; x_wconf 91' lang='lat' dir='ltr'>homo</span> <span class='ocrx_word' id='word_1_172' title='bbox 1130 3420 1238 3482; x_wconf 86' lang='lat' dir='ltr'>noster</span> 
     </span>
     <span class='ocr_line' id='line_1_24' title="bbox 105 3517 1238 3612; baseline 0.004 -31"><span class='ocrx_word' id='word_1_173' title='bbox 105 3517 343 3587; x_wconf 87' lang='lat' dir='ltr'>reambulando</span> <span class='ocrx_word' id='word_1_174' title='bbox 359 3521 466 3608; x_wconf 88' lang='lat' dir='ltr'>ipsam</span> <span class='ocrx_word' id='word_1_175' title='bbox 493 3523 689 3608; x_wconf 87' lang='lat' dir='ltr'>particulam</span> <span class='ocrx_word' id='word_1_176' title='bbox 717 3532 810 3612; x_wconf 81' lang='lat' dir='ltr'>terre,</span> <span class='ocrx_word' id='word_1_177' title='bbox 836 3530 867 3590; x_wconf 86' lang='lat' dir='ltr'>ct</span> <span class='ocrx_word' id='word_1_178' title='bbox 893 3544 993 3590; x_wconf 88' lang='lat' dir='ltr'>nouus</span> <span class='ocrx_word' id='word_1_179' title='bbox 1019 3531 1121 3590; x_wconf 87' lang='lat' dir='ltr'>metas</span> <span class='ocrx_word' id='word_1_180' title='bbox 1147 3522 1238 3589; x_wconf 85' lang='lat' dir='ltr'>iuxta</span> 
     </span>
     <span class='ocr_line' id='line_1_25' title="bbox 107 3628 1237 3716; baseline 0.006 -28"><span class='ocrx_word' id='word_1_181' title='bbox 107 3631 235 3692; x_wconf 82' lang='lat' dir='ltr'>veteres</span> <span class='ocrx_word' id='word_1_182' title='bbox 252 3628 414 3712; x_wconf 81' lang='lat' dir='ltr'>erigendo,</span> <span class='ocrx_word' id='word_1_183' title='bbox 431 3630 617 3696; x_wconf 87' lang='lat' dir='ltr'>innouando</span> <span class='ocrx_word' id='word_1_184' title='bbox 633 3631 736 3697; x_wconf 89' lang='lat' dir='ltr'>eciam</span> <span class='ocrx_word' id='word_1_185' title='bbox 753 3639 856 3698; x_wconf 86' lang='lat' dir='ltr'>metas</span> <span class='ocrx_word' id='word_1_186' title='bbox 873 3637 957 3698; x_wconf 90' lang='lat' dir='ltr'>terre</span> <span class='ocrx_word' id='word_1_187' title='bbox 981 3630 1122 3716; x_wconf 89' lang='lat' dir='ltr'>ipsorum</span> <span class='ocrx_word' id='word_1_188' title='bbox 1149 3628 1237 3695; x_wconf 84' lang='lat' dir='ltr'>here-</span> 
     </span>
     <span class='ocr_line' id='line_1_26' title="bbox 98 3731 1238 3822; baseline 0.005 -26"><span class='ocrx_word' id='word_1_189' title='bbox 98 3731 220 3799; x_wconf 85' lang='lat' dir='ltr'>ditarie</span> <span class='ocrx_word' id='word_1_190' title='bbox 236 3735 318 3802; x_wconf 79' lang='lat' dir='ltr'>inter</span> <span class='ocrx_word' id='word_1_191' title='bbox 332 3736 449 3808; x_wconf 89' lang='lat' dir='ltr'>fluuios</span> <span class='ocrx_word' id='word_1_192' title='bbox 466 3739 653 3804; x_wconf 88' lang='lat' dir='ltr'>Waranista</span> <span class='ocrx_word' id='word_1_193' title='bbox 669 3746 701 3804; x_wconf 89' lang='lat' dir='ltr'>et</span> <span class='ocrx_word' id='word_1_194' title='bbox 717 3739 866 3806; x_wconf 87' lang='lat' dir='ltr'>Lococha</span> <span class='ocrx_word' id='word_1_195' title='bbox 884 3743 1017 3805; x_wconf 87' lang='lat' dir='ltr'>uocatas</span> <span class='ocrx_word' id='word_1_196' title='bbox 1033 3735 1238 3822; x_wconf 82' lang='lat' dir='ltr'>adiacentis,-</span> 
     </span>
     <span class='ocr_line' id='line_1_27' title="bbox 103 3841 1232 3924; baseline 0.003 -21"><span class='ocrx_word' id='word_1_197' title='bbox 103 3841 311 3924; x_wconf 86' lang='lat' dir='ltr'>prescntibus</span> <span class='ocrx_word' id='word_1_198' title='bbox 328 3843 476 3910; x_wconf 87' lang='lat' dir='ltr'>omnibus</span> <span class='ocrx_word' id='word_1_199' title='bbox 492 3844 724 3912; x_wconf 87' lang='lat' dir='ltr'>commetaneis</span> <span class='ocrx_word' id='word_1_200' title='bbox 741 3853 772 3911; x_wconf 91' lang='lat' dir='ltr'>et</span> <span class='ocrx_word' id='word_1_201' title='bbox 787 3846 904 3912; x_wconf 85' lang='lat' dir='ltr'>vicinis</span> <span class='ocrx_word' id='word_1_202' title='bbox 929 3850 1087 3912; x_wconf 88' lang='lat' dir='ltr'>statueret</span> <span class='ocrx_word' id='word_1_203' title='bbox 1111 3841 1232 3910; x_wconf 90' lang='lat' dir='ltr'>eisdem</span> 
     </span>
     <span class='ocr_line' id='line_1_28' title="bbox 101 3951 1233 4040; baseline -0.003 -24"><span class='ocrx_word' id='word_1_204' title='bbox 101 3951 206 4036; x_wconf 87' lang='lat' dir='ltr'>Myko</span> <span class='ocrx_word' id='word_1_205' title='bbox 223 3962 255 4018; x_wconf 89' lang='lat' dir='ltr'>et</span> <span class='ocrx_word' id='word_1_206' title='bbox 270 3951 425 4019; x_wconf 82' lang='lat' dir='ltr'>iratribus</span> <span class='ocrx_word' id='word_1_207' title='bbox 442 3953 509 4020; x_wconf 88' lang='lat' dir='ltr'>suis</span> <span class='ocrx_word' id='word_1_208' title='bbox 527 3953 693 4040; x_wconf 85' lang='lat' dir='ltr'>predictis,</span> <span class='ocrx_word' id='word_1_209' title='bbox 719 3953 748 4022; x_wconf 89' lang='lat' dir='ltr'>si</span> <span class='ocrx_word' id='word_1_210' title='bbox 776 3975 841 4022; x_wconf 91' lang='lat' dir='ltr'>non</span> <span class='ocrx_word' id='word_1_211' title='bbox 867 3954 958 4021; x_wconf 84' lang='lat' dir='ltr'>fieret</span> <span class='ocrx_word' id='word_1_212' title='bbox 983 3951 1233 4035; x_wconf 87' lang='lat' dir='ltr'>contradictum,</span> 
     </span>
     <span class='ocr_line' id='line_1_29' title="bbox 103 4059 1238 4150; baseline -0.001 -26"><span class='ocrx_word' id='word_1_213' title='bbox 103 4059 401 4128; x_wconf 85' lang='lat' dir='ltr'>contradictoribus</span> <span class='ocrx_word' id='word_1_214' title='bbox 418 4081 494 4128; x_wconf 87' lang='lat' dir='ltr'>uero</span> <span class='ocrx_word' id='word_1_215' title='bbox 511 4063 554 4129; x_wconf 89' lang='lat' dir='ltr'>ad</span> <span class='ocrx_word' id='word_1_216' title='bbox 571 4062 715 4130; x_wconf 88' lang='lat' dir='ltr'>nostram</span> <span class='ocrx_word' id='word_1_217' title='bbox 731 4062 936 4150; x_wconf 88' lang='lat' dir='ltr'>presenciam</span> <span class='ocrx_word' id='word_1_218' title='bbox 964 4068 1078 4128; x_wconf 87' lang='lat' dir='ltr'>eontra</span> <span class='ocrx_word' id='word_1_219' title='bbox 1104 4060 1238 4146; x_wconf 84' lang='lat' dir='ltr'>Mykam</span> 
     </span>
     <span class='ocr_line' id='line_1_30' title="bbox 104 4164 1239 4255; baseline -0.001 -24"><span class='ocrx_word' id='word_1_220' title='bbox 104 4173 139 4231; x_wconf 87' lang='lat' dir='ltr'>et</span> <span class='ocrx_word' id='word_1_221' title='bbox 157 4164 276 4236; x_wconf 84' lang='lat' dir='ltr'>fratres</span> <span class='ocrx_word' id='word_1_222' title='bbox 292 4189 368 4236; x_wconf 90' lang='lat' dir='ltr'>suos</span> <span class='ocrx_word' id='word_1_223' title='bbox 385 4171 538 4238; x_wconf 88' lang='lat' dir='ltr'>euocatis.</span> <span class='ocrx_word' id='word_1_224' title='bbox 555 4169 617 4248; x_wconf 79' lang='lat' dir='ltr'>Qui</span> <span class='ocrx_word' id='word_1_225' title='bbox 633 4170 763 4255; x_wconf 86' lang='lat' dir='ltr'>quidem</span> <span class='ocrx_word' id='word_1_226' title='bbox 778 4170 933 4255; x_wconf 81' lang='lat' dir='ltr'>Magister</span> <span class='ocrx_word' id='word_1_227' title='bbox 948 4167 1131 4238; x_wconf 88' lang='lat' dir='ltr'>Demetrius</span> <span class='ocrx_word' id='word_1_228' title='bbox 1147 4165 1239 4232; x_wconf 86' lang='lat' dir='ltr'>nobis</span> 
     </span>
     <span class='ocr_line' id='line_1_31' title="bbox 103 4274 533 4360; baseline 0.007 -19"><span class='ocrx_word' id='word_1_229' title='bbox 103 4274 276 4360; x_wconf 80' lang='lat' dir='ltr'>rescripsit</span> <span class='ocrx_word' id='word_1_230' title='bbox 291 4278 323 4344; x_wconf 91' lang='lat' dir='ltr'>in</span> <span class='ocrx_word' id='word_1_231' title='bbox 341 4278 400 4344; x_wconf 90' lang='lat' dir='ltr'>hec</span> <span class='ocrx_word' id='word_1_232' title='bbox 415 4279 533 4346; x_wconf 82' lang='lat' dir='ltr'>verba:</span> 
     </span>
    </p>

    <p class='ocr_par' dir='ltr' id='par_1_4' title="bbox 103 4384 1241 4688">
     <span class='ocr_line' id='line_1_32' title="bbox 215 4384 1236 4470; baseline 0.001 -22"><span class='ocrx_word' id='word_1_233' title='bbox 215 4385 501 4454; x_wconf 81' lang='lat' dir='ltr'>Excellentissimo</span> <span class='ocrx_word' id='word_1_234' title='bbox 518 4385 651 4453; x_wconf 91' lang='lat' dir='ltr'>domino</span> <span class='ocrx_word' id='word_1_235' title='bbox 667 4407 725 4454; x_wconf 86' lang='lat' dir='ltr'>suo</span> <span class='ocrx_word' id='word_1_236' title='bbox 741 4384 876 4451; x_wconf 86' lang='lat' dir='ltr'>Andree</span> <span class='ocrx_word' id='word_1_237' title='bbox 901 4387 964 4452; x_wconf 90' lang='lat' dir='ltr'>stb.</span> <span class='ocrx_word' id='word_1_238' title='bbox 992 4385 1149 4470; x_wconf 85' lang='lat' dir='ltr'>Magister</span> <span class='ocrx_word' id='word_1_239' title='bbox 1175 4386 1236 4450; x_wconf 90' lang='lat' dir='ltr'>De-</span> 
     </span>
     <span class='ocr_line' id='line_1_33' title="bbox 103 4489 1241 4580; baseline 0 -24"><span class='ocrx_word' id='word_1_240' title='bbox 103 4489 246 4556; x_wconf 86' lang='lat' dir='ltr'>metrius</span> <span class='ocrx_word' id='word_1_241' title='bbox 263 4491 378 4558; x_wconf 79' lang='lat' dir='ltr'>Comes</span> <span class='ocrx_word' id='word_1_242' title='bbox 395 4492 436 4561; x_wconf 89' lang='lat' dir='ltr'>de</span> <span class='ocrx_word' id='word_1_243' title='bbox 461 4495 572 4560; x_wconf 87' lang='lat' dir='ltr'>Zoium</span> <span class='ocrx_word' id='word_1_244' title='bbox 599 4494 660 4562; x_wconf 91' lang='lat' dir='ltr'>stb.</span> <span class='ocrx_word' id='word_1_245' title='bbox 688 4491 900 4580; x_wconf 78' lang='lat' dir='ltr'>(kdvotlrerik</span> <span class='ocrx_word' id='word_1_246' title='bbox 924 4491 1076 4558; x_wconf 81' lang='lat' dir='ltr'>Demeter</span> <span class='ocrx_word' id='word_1_247' title='bbox 1100 4491 1241 4577; x_wconf 82' lang='lat' dir='ltr'>rolyomi</span> 
     </span>
     <span class='ocr_line' id='line_1_34' title="bbox 107 4597 892 4688; baseline 0.003 -24"><span class='ocrx_word' id='word_1_248' title='bbox 107 4598 314 4683; x_wconf 76' lang='lat' dir='ltr'>idispaunak</span> <span class='ocrx_word' id='word_1_249' title='bbox 327 4599 489 4684; x_wconf 82' lang='lat' dir='ltr'>jelenttse</span> <span class='ocrx_word' id='word_1_250' title='bbox 506 4601 586 4666; x_wconf 92' lang='lat' dir='ltr'>mint</span> <span class='ocrx_word' id='word_1_251' title='bbox 601 4600 701 4668; x_wconf 76' lang='lat' dir='ltr'>altbb</span> <span class='ocrx_word' id='word_1_252' title='bbox 715 4602 767 4670; x_wconf 76' lang='lat' dir='ltr'>to.</span> <span class='ocrx_word' id='word_1_253' title='bbox 785 4619 830 4666; x_wconf 82' lang='lat' dir='ltr'>sa.</span> <span class='ocrx_word' id='word_1_254' title='bbox 847 4597 892 4688; x_wconf 87' lang='lat' dir='ltr'>a.)</span> 
     </span>
    </p>
   </div>
   <div class='ocr_carea' id='block_1_4' title="bbox 0 0 1567 5158">
    <p class='ocr_par' dir='ltr' id='par_1_5' title="bbox 0 0 1567 5158">
     <span class='ocr_line' id='line_1_35' title="bbox 0 0 1567 5158; baseline 0 0"><span class='ocrx_word' id='word_1_255' title='bbox 0 0 1567 5158; x_wconf 95' lang='lat' dir='ltr'> </span> 
     </span>
    </p>
   </div>
  </div>
 </body>
</html>
