3112 5158
821 317 883 380 124

766 407 925 415 .—-.--—

391 517 458 584 Nos
475 514 622 583 Andreas
641 513 680 578 D.
697 533 744 597 gr.
763 513 833 578 Rex
844 509 1014 594 Hungarie
1029 507 1090 575 stb.
1109 505 1323 598 (ktvetlreuik
1349 509 1405 574 Ill.

285 624 393 692 liudre
408 621 587 710 kirtlynalr
605 618 741 690 rasa-ki
757 621 951 706 megertsitt
968 617 1146 704 okmtnya,
1164 616 1246 682 mint
1268 613 1400 682 fentebb

290 734 343 801 bb.
360 736 449 800 subm
465 725 570 814 alatt.)

388 839 456 904 Nos
466 833 565 921 igitur
574 834 753 922 peticiones
763 834 897 902 fratrum
908 838 1154 902 memoratorum
1166 831 1408 900 considerantes

290 949 361 1014 fore
376 946 490 1023 iustas,
507 943 672 1030 prediotas
682 941 809 1010 litteras
826 942 868 1008 de
885 941 982 1008 verbo
998 941 1041 1006 ad
1056 941 1189 1008 uerbum
1206 939 1339 1006 resoribi
1363 938 1404 1004 fe

292 1053 394 1119 eimue
411 1059 443 1118 et
458 1059 567 1119 nostro
585 1051 693 1135 sigillo
709 1051 862 1118 roborari.
888 1052 1010 1118 Datum
1027 1049 1163 1116 sabbato
1180 1047 1328 1132 proximo
1343 1053 1411 1132 post

287 1161 404 1228 festum
419 1159 515 1226 Beati
530 1160 682 1226 Barnabe
698 1159 845 1245 Apostoli
860 1177 944 1226 anno
968 1156 1099 1224 Domini
1124 1152 1243 1222 M⁰OC⁰
1268 1175 1406 1237 nonage-

284 1269 367 1336 simo
382 1268 491 1335 teroio.

195 1489 198 1498 ‚
287 1467 423 1532 (Eredetis
432 1461 606 1532 bbrhtrtytm
616 1481 634 1516 a
643 1462 735 1533 peostt
744 1466 875 1518 elsosaett
886 1481 893 1525 ς
904 1481 921 1516 s
932 1465 1013 1516 budei
1023 1465 1076 1518 kir.
1086 1466 1208 1516 kamarai
1219 1459 1405 1516 levtlttrbsul

818 2286 871 2352 84.

292 2485 342 2550 Aa
358 2487 431 2574 epri
446 2486 673 2570 ledptalaonole
688 2485 781 2550 Mera
799 2493 880 2548 nevit
897 2483 978 2570 feld
1004 2486 1236 2568 butoiry'ctrdsdt
1262 2486 1294 2547 es
1318 2493 1413 2548 stato

289 2595 385 2679 tirip’rit
416 2596 569 2680 tctrpyoarl
595 2589 858 2678 bizorsysoplavele
882 2591 1035 2676 Bupaebi
1066 2592 1179 2657 [storia
1204 2601 1314 2656 master
1345 2593 1412 2656 seat·

732 2703 836 2764 nura.
865 2697 963 2762 1293.

395 2893 552 2962 Omnibus
568 2893 686 2961 Christi
702 2891 852 2960 fidelibus
877 2897 943 2959 tam
960 2891 1165 2977 presentibus
1182 2911 1278 2976 quam
1293 2891 1411 2958 futuris

289 3019 422 3084 presens
439 3001 594 3086 seriptum
610 2998 803 3084 inspecturis
821 3000 1004 3084 Capitulum
1016 2997 1162 3065 Eoelesie
1178 2998 1346 3082 Agriensis
1359 3019 1413 3065 sa·

289 3109 388 3175 lutem
404 3108 437 3173 in
455 3109 599 3175 omnium
615 3107 788 3174 saluatore.
805 3104 858 3173 Ao
874 3106 1097 3173 uniuersorum
1121 3105 1277 3172 uotieiam
1299 3113 1412 3171 tenore

289 3215 491 3300 presencium
507 3217 652 3282 volumus
668 3213 847 3300 peruenire,
867 3213 952 3298 quod
976 3213 1132 3297 Magister
1158 3214 1345 3297 Stephanus
1370 3212 1413 3279 de

289 3321 422 3405 Bugaeh
439 3321 482 3388 ad
497 3329 639 3389 nostram
664 3322 879 3407 personaliter
905 3321 1065 3388 aooedens
1090 3322 1296 3406 presenciam
1323 3320 1413 3386 exbi-

288 3429 357 3494 buit
372 3429 465 3496 nobis
491 3429 613 3497 litteras
637 3428 758 3495 domini
775 3431 878 3496 nostri
893 3424 1023 3494 Andree
1048 3428 1110 3492 Dei
1135 3429 1248 3512 graoia
1273 3427 1413 3494 lllnstris

292 3536 391 3620 Regis
406 3536 584 3624 Hungarie‚
604 3537 823 3622 continentes,
839 3536 923 3620 quod
948 3537 1146 3602 mitteremus
1171 3535 1331 3600 hominem
1356 3555 1413 3601 no·

289 3649 388 3711 strum
405 3665 464 3730 pro
482 3645 665 3712 testimonio
682 3643 888 3730 fidedignum,
900 3663 1011 3710 eoram
1022 3662 1084 3726 quo
1102 3639 1411 3727 OlyneriusdeFul-

292 3753 446 3837 nemptby
477 3752 571 3818 homo
595 3753 699 3836 ipsius
725 3751 847 3817 domini
872 3753 971 3835 Regis
1011 3751 1225 3816 reambularet
1249 3747 1413 3833 quandam

286 3864 407 3924 terram
422 3857 541 3944 prefati
553 3859 702 3943 Magistri
727 3857 885 3943 Stephani
910 3861 1002 3924 Mera
1026 3863 1186 3945 vocatam,
1213 3877 1232 3920 a
1256 3855 1413 3938 Magistro

288 3965 445 4033 Ladizlao
462 3965 526 4032 filio
543 3964 677 4032 comitis
702 3965 834 4032 Tbekus
850 3965 941 4031 t1tulo
958 3963 1132 4049 ompoionis
1148 3962 1192 4029 ad
1219 3981 1256 4029 se
1283 3961 1414 4028 deuolu·
1549 3961 1550 4010 l

287 4080 365 4156 tam,
382 4071 585 4159 presentibus
602 4073 702 4157 Lazk,
718 4074 835 4160 Desev,
852 4071 1009 4159 Rolaudo,
1026 4070 1167 4154 Leukos,
1185 4077 1217 4136 et
1233 4068 1414 4154 Stephano,

287 4181 364 4266 filijs
379 4181 527 4263 Magistri
544 4178 711 4265 Stephani,
728 4179 861 4245 Thekns
879 4179 943 4245 filio
960 4179 1094 4246 Comitis
1111 4177 1210 4262 Baoh,
1229 4196 1268 4243 ae
1294 4176 1413 4242 lohan-

287 4307 329 4355 ne
343 4289 411 4356 filio
428 4287 562 4356 Comitis
578 4287 739 4374 Dyonisij,
756 4307 818 4354 nee
834 4307 899 4352 non
915 4287 991 4372 alijs
1007 4287 1122 4353 uioiuis
1140 4291 1172 4352 et
1184 4285 1421 4351 oommetaneis·

288 4394 433 4463 eiusdem
449 4402 550 4481 terre;
569 4402 601 4461 et
617 4400 774 4462 statueret
792 4392 895 4461 eidem
912 4394 1068 4477 Magistro
1085 4392 1263 4478 Stephano,
1292 4392 1320 4457 si
1347 4411 1413 4457 non

288 4507 380 4572 tieret
396 4504 639 4586 eontradietum‚
658 4503 948 4570 contradictoribus
964 4502 992 4569 si
1008 4503 1061 4587 qui
1079 4503 1193 4568 tierent
1208 4498 1252 4566 ad
1275 4501 1417 4566 Presen-

287 4617 372 4684 olam
389 4613 492 4700 ipsius
510 4614 631 4680 domini
647 4613 745 4699 Regis
763 4609 916 4680 euocatis.
933 4610 1001 4680 Nos
1017 4611 1115 4698 igitur
1130 4609 1284 4676 mandato
1309 4608 1418 4694 ipsius
