3112 5158
308 1125 444 1213 Raucae
460 1129 492 1191 ds
509 1129 643 1194 Ancona
659 1129 795 1194 udrosok
816 1129 899 1193 tozrt
914 1128 1128 1196 tereskeddmt
1151 1131 1321 1196 euraudus.
1339 1128 1429 1194 1292.

415 1323 454 1389 In
470 1325 602 1391 nomine
625 1325 755 1392 Domini
787 1340 819 1395 et
836 1327 987 1394 Cloriose
1019 1325 1163 1410 Virginis
1195 1325 1296 1393 Mario
1322 1325 1430 1390 Amen.
1545 1323 1546 1394 ?

312 1427 391 1494 Cum
408 1429 466 1497 hoo
485 1440 588 1516 esset,
614 1432 700 1516 quod
725 1436 865 1518 quedam
891 1441 987 1519 pacta
1012 1441 1044 1499 et
1069 1432 1306 1500 convenciones
1329 1436 1433 1499 essent

311 1536 396 1602 inter
412 1538 587 1606 Commune
606 1538 747 1623 Ragusii
773 1542 905 1624 eiusque
921 1540 1088 1607 Sindicum
1120 1561 1158 1608 ex
1185 1559 1249 1607 una
1275 1545 1389 1624 parte,
1404 1541 1432 1602 et

312 1645 489 1712 Commune
505 1647 639 1714 Ancone
654 1647 786 1730 eiusque
797 1648 963 1716 Sindioum
980 1668 1021 1712 cx
1037 1648 1154 1730 altera,
1170 1667 1267 1732 snper
1283 1645 1391 1713 daoiis
1405 1653 1433 1711 et

311 1751 572 1821 immunitatibus
604 1775 661 1822 seu
696 1755 913 1842 libertatibus,
930 1756 1173 1822 condicionibus
1205 1753 1365 1820 habendis
1396 1755 1434 1819 ab

311 1868 447 1946 vtroqnc
463 1861 621 1930 dictorum
648 1864 892 1950 Communium,
924 1865 958 1930 in
985 1865 1145 1931 territorio
1162 1869 1194 1929 et
1206 1862 1437 1949 jurisdiccione

313 1967 456 2052 ipsorum
474 1971 695 2040 Communium
723 1974 764 2039 ab
781 1977 882 2042 altero
902 1976 1046 2057 ipsorum
1077 1975 1241 2056 vicissim;
1260 1993 1299 2038 ex
1326 1971 1438 2054 quibus

314 2078 421 2158 pactis
438 2087 470 2146 ct
486 2081 762 2150 conuencionibns
790 2083 899 2164 alique
916 2082 1131 2149 obscuritates
1157 2082 1228 2148 sine
1254 2079 1354 2146 dubio
1371 2098 1439 2163 pro·

310 2185 478 2271 cedebant,
496 2207 535 2252 ac
552 2189 655 2254 eciam
672 2192 774 2257 multa
791 2189 927 2256 deerant
943 2209 1000 2257 seu
1018 2188 1222 2273 deficiebant,
1239 2207 1303 2270 que
1321 2187 1365 2253 ad
1382 2187 1440 2252 vti-

309 2293 434 2360 litatem
451 2293 594 2378 ipsorum
611 2297 833 2364 Communium
854 2297 1064 2382 spectabant,
1085 2315 1223 2361 necnon
1241 2303 1273 2361 et
1302 2295 1441 2379 singula-

308 2421 379 2466 rum
397 2420 626 2485 personarum:
644 2403 766 2472 idcirco
777 2425 834 2490 pro
845 2403 1091 2470 euidentissima
1107 2401 1249 2468 utilitate
1268 2400 1443 2468 cuiuslibet

311 2505 532 2574 Communium
548 2509 747 2594 prefatorum
759 2564 769 2598 ,
795 2532 836 2577 ne
852 2513 964 2594 aliqua
990 2509 1133 2578 scintilla
1162 2507 1309 2576 scandali
1334 2529 1374 2574 cx
1393 2509 1442 2573 ob-

311 2617 467 2684 scuritate
483 2618 596 2703 aliqua
622 2619 778 2688 dictorum
795 2628 961 2706 pactorum
995 2620 1079 2686 inter
1104 2619 1234 2702 prefata
1251 2617 1441 2683 Communia

303 2723 459 2813 oriretur,
476 2735 508 2792 et
523 2735 557 2792 vt
573 2728 613 2795 de
629 2749 714 2796 nouo
745 2729 941 2796 adueniutur
957 2727 1112 2793 viantilir
1124 2725 1353 2792 Conrmunibus
1364 2743 1438 2810 prc-

311 2829 408 2899 dictis
419 2839 451 2898 et
467 2834 687 2918 singularibus
703 2835 907 2920 eorumdem;
935 2843 1106 2922 propterea
1121 2833 1241 2900 nobilis
1267 2832 1317 2898 vir
1342 2831 1444 2898 domi·
1545 2885 1546 2892 ,

311 2959 371 3006 nus
389 2941 557 3009 Crubessa
574 2943 720 3029 Badigne
738 2945 819 3011 ciuis
835 2945 1041 3032 Ragusimus‚
1057 2942 1209 3009 uindices
1230 2947 1262 3008 ct
1288 2960 1438 3026 procura·

310 3056 398 3114 rator
428 3051 547 3116 nobilis
572 3051 634 3116 viri
660 3051 783 3121 domini
810 3051 938 3119 Andree
974 3050 1146 3130 Dandalo,
1180 3049 1248 3114 nati
1276 3047 1439 3130 quondam
1545 3035 1546 3044 ’

312 3158 398 3222 clare
410 3157 563 3224 memorie
587 3158 708 3226 domini
729 3159 890 3227 Jobannis
906 3158 1051 3226 Dandali
1068 3156 1209 3223 Illustris
1226 3155 1327 3221 Ducis
1339 3154 1444 3220 Vene·

310 3272 426 3350 torum,
444 3265 576 3334 Comitis
592 3267 740 3334 Ciuitatis
756 3269 905 3353 Ragnsii,
917 3275 949 3334 ct
964 3267 1115 3334 Judinum
1134 3273 1165 3332 et
1177 3263 1443 3332 Consiliariorunn

312 3371 461 3439 Ciuitatis
478 3372 633 3459 ciusdem,
653 3383 684 3442 et
700 3376 802 3460 ipsius
814 3372 970 3463 Ciuitatis,
987 3376 1029 3440 ad
1046 3374 1250 3441 tractandum
1267 3379 1300 3438 et
1315 3391 1443 3454 compo·
1545 3389 1546 3396 ¹

312 3479 453 3544 nerrdum
465 3489 496 3547 et
507 3481 698 3548 firmandum
709 3490 808 3568 pacta
818 3490 849 3550 et
860 3483 1094 3552 conuenciones
1106 3503 1178 3547 cum
1191 3480 1361 3548 Communi
1377 3482 1443 3544 An-

312 3606 391 3652 cone
415 3589 600 3672 specialiter
616 3591 810 3658 constitutus
822 3613 862 3658 ex
888 3597 1073 3675 vuapartc3
1090 3597 1122 3655 et
1138 3588 1257 3656 nobilis
1273 3589 1323 3653 vir
1339 3587 1442 3653 domi-

312 3716 372 3761 nus
388 3696 576 3764 Dominicns
602 3698 722 3765 Prandi
748 3699 898 3766 Sindicus
926 3707 958 3766 et
984 3705 1176 3783 procurator
1193 3696 1312 3764 nobilis
1329 3694 1445 3759 militis

314 3803 436 3869 domini
452 3805 620 3890 Thomasij
639 3806 680 3874 de
696 3808 842 3874 Hennola
857 3806 1035 3873 Potestntis
1053 3807 1187 3871 Ancone
1207 3811 1237 3869 ct
1253 3801 1444 3868 Communis

313 3911 416 3994 tursius
434 3911 597 3996 Ciuitatis,
615 3913 658 3977 ad
675 3911 762 3979 dicta
779 3921 876 3997 pacta
902 3913 1074 3979 tractanda
1105 3911 1329 3997 componenda
1345 3915 1378 3974 et
1395 3909 1445 3974 sn·-

317 4017 437 4086 mandu
447 4021 650 4106 constitutus,
660 4041 700 4086 ex
716 4020 833 4104 altera,
851 4019 891 4086 ad
905 4020 1220 4104 infrascriptapacta
1237 4025 1269 4086 et
1285 4016 1446 4084 condicio-

312 4149 370 4194 ncs
386 4135 418 4194 et
435 4129 558 4212 modos,
585 4128 723 4194 inuicem
741 4135 773 4195 et
789 4135 903 4212 sponte
928 4134 959 4194 ct
975 4129 1113 4194 scienter
1139 4132 1377 4211 peruenerunt3
1396 4127 1440 4192 ui-

312 4235 443 4304 delicet.

427 4340 1013 4428 (Azanconaialnrdszerbl.)

422 4449 541 4536 Primo,
559 4449 645 4536 quod
660 4473 771 4518 omncs
798 4459 829 4519 ct
846 4451 969 4535 singuli
986 4451 1157 4537 Ragrrstni,
1174 4451 1245 4519 sani
1263 4457 1296 4518 ct
1312 4453 1445 4520 naufra-

320 4581 375 4648 gy,
392 4559 477 4642 qnod
495 4561 585 4626 Deus
615 4567 753 4644 auertat,
777 4558 902 4644 possint
928 4565 960 4626 ct
977 4559 1107 4628 ualeant
1125 4561 1244 4643 venire,
1262 4567 1357 4646 stare,
1377 4581 1445 4627 mo·
