3132 5162
758 256 926 340 'rs

341 467 502 536 communi
517 487 678 536 consensu
694 465 883 536 decemimus
898 485 956 532 nos
982 469 1015 532 et
1033 464 1097 550 ipsi
1114 463 1229 531 fratres
1259 463 1460 550 superiusno·
1547 475 1549 554 ῗ

346 573 468 661 minati,
483 577 587 644 tocius
606 576 791 643 Gouueutus
818 571 1037 660 predictarum
1064 571 1295 655 religiosarum
1324 591 1457 640 sororum

343 691 583 770 procuratores,
601 681 718 750 sindioi
733 703 791 750 seu
807 679 1009 748 defensores:
1033 679 1120 764 quod
1137 678 1267 746 nomine
1278 685 1309 746 et
1320 679 1389 747 uice
1404 702 1453 746 no·

344 793 538 858 minutorum
554 791 714 876 Prepesiti
730 797 763 856 et
788 788 931 874 Capituli
958 787 1069 854 Sancti
1099 785 1222 855 Thoure
1249 787 1354 872 ipsam
1380 786 1458 852 dimi-

341 898 429 965 diam
445 905 570 984 partem
585 897 697 964 tributi
714 896 777 964 fori
793 895 834 963 de
849 895 960 962 Ueteri
976 897 1055 962 Pest
1070 894 1204 981 prefatis
1222 893 1456 960 sororibuscum
1548 961 1549 994 ἶ

344 1004 415 1070 iure
430 1004 639 1089 proprietatis
655 1009 687 1069 et
703 1002 849 1089 perpetui
869 1000 1004 1086 domimij
1025 1001 1213 1084 reliquimus
1241 999 1456 1086 possidendam
1548 1003 1549 1022 ¹

342 1113 577 1196 perpetualiter
593 1117 625 1177 et
641 1109 834 1194 habendam,
865 1108 1045 1192 assignatis
1070 1110 1104 1174 in
1130 1127 1245 1174 mamus
1270 1107 1453 1192 prelatorum

343 1217 491 1284 Fratrum
517 1221 757 1304 procuratorum
783 1210 939 1300 sepedicti
971 1213 1158 1282 Conuentus
1184 1215 1333 1280 omuibus
1357 1214 1461 1279 instru-

345 1325 472 1410 mentis‚
490 1345 551 1408 que
567 1344 663 1410 super
679 1323 749 1390 iure
766 1321 967 1408 percipiendi
983 1329 1108 1408 partem
1135 1320 1302 1388 dimidiam
1330 1319 1458 1386 eiusdem

343 1431 454 1498 tributi
472 1430 613 1499 habebat
630 1429 780 1497 Ecclesia
797 1429 908 1496 Sancti
924 1431 1057 1515 Thomu,
1075 1428 1223 1495 omnibus
1249 1429 1326 1511 alijs
1352 1427 1457 1492 instru-

319 1596 324 1605 ,
345 1537 461 1604 mentis
478 1556 669 1621 quocunque
685 1536 815 1621 ingenio
839 1536 910 1604 siue
935 1555 1036 1604 causa
1059 1554 1145 1601 nune
1170 1556 1235 1603 non
1261 1533 1458 1620 aparentibus

344 1645 491 1712 omnibus
506 1647 636 1714 omuino
652 1643 774 1712 viribus
791 1643 949 1710 carituris.
967 1643 1005 1708 Im
1023 1643 1113 1710 cuins
1131 1643 1242 1709 tributi
1253 1641 1454 1728 permutacio

345 1773 419 1820 nem
435 1752 505 1820 siue
521 1753 744 1821 concambium
760 1751 898 1837 sepefati
914 1753 1047 1818 Fratres
1072 1751 1176 1837 ipsius
1203 1751 1388 1817 Conuentus
1412 1767 1458 1814 ex·
1548 1799 1549 1806 ,

342 1881 456 1946 presso
473 1860 638 1927 mediante
655 1879 817 1928 consensu
844 1859 1057 1946 contulerunt,
1084 1857 1297 1944 tradiderunt,
1321 1855 1458 1939 assigna·

344 1976 462 2035 uerunt
477 1975 510 2035 et
524 1967 681 2036 dederuut
696 1967 859 2051 quandam
875 1966 989 2032 uillam
1007 1966 1063 2032 Isa
1077 1972 1237 2052 uocatam,
1254 1965 1351 2031 sitam
1377 1965 1460 2029 iuxta

345 2075 528 2142 Danobium
559 2073 593 2140 in
623 2073 786 2140 Comitatu
819 2072 859 2137 de
891 2073 1050 2138 Cumarum
1081 2073 1290 2158 penominate
1322 2070 1460 2137 Ecclesia

345 2181 456 2248 Sancti
471 2180 594 2246 Thome
608 2199 681 2248 eum
699 2178 847 2245 omnibus
873 2178 1066 2245 utilitatibus
1092 2185 1124 2245 et
1151 2177 1361 2263 pertinencijs
1385 2177 1457 2258 suis,

346 2286 499 2355 uidelicet
514 2284 713 2372 pissoaturis‚
740 2285 863 2370 insulis,
889 2285 991 2369 siluis,
1016 2285 1142 2368 tenetis,
1169 2286 1264 2352 terris
1290 2281 1460 2352 arabilibus
1497 2365 1500 2378 Ι

346 2393 444 2460 cultis
475 2413 532 2459 sev
563 2391 702 2476 incultis,
728 2397 759 2458 et
783 2393 943 2458 uniuersis
968 2393 1044 2478 alijs
1069 2393 1353 2460 communitatibus
1395 2389 1459 2475 (lgy

348 2496 666 2590 „commoditatibus“
687 2495 826 2586 helyett)
842 2517 1034 2583 quoeunque
1048 2501 1178 2568 nomine
1194 2505 1396 2584 censeantur,
1405 2497 1458 2564 sub

346 2609 469 2677 eisdem
484 2607 577 2674 metis
593 2613 626 2674 et
640 2607 795 2692 terminis,
814 2605 937 2689 quibus
949 2606 1150 2674 honorabilis
1167 2615 1199 2672 et
1224 2607 1396 2692 religiosus
1422 2605 1463 2688 ip·

346 2733 455 2784 sarum
471 2712 675 2781 dominarum
691 2713 877 2780 Sonuentus
894 2711 1056 2798 prefatam
1082 2713 1196 2780 villam
1212 2714 1268 2780 Isa
1293 2713 1388 2779 titulo
1416 2711 1466 2775 do·

343 2821 489 2889 nacionis
502 2841 559 2888 seu
574 2820 765 2888 collacionis
781 2820 887 2888 felicis
916 2819 1156 2887 recordacionis
1183 2821 1344 2904 quondam
1371 2820 1467 2900 Regis

344 2928 510 3014 Hungarie
526 2929 605 2996 Bele
622 2929 727 3012 quarti
742 2927 933 3013 possederat
948 2927 992 2993 ad
1008 2928 1069 2996 heo
1081 2935 1237 3013 tempora,
1253 2949 1343 3015 pure,
1363 2928 1469 3012 quiete

344 3039 442 3124 plene
457 3043 489 3103 et
505 3036 651 3122 pacifice,
667 3037 762 3122 pleno
782 3037 851 3102 iure
876 3036 1043 3120 assignato
1068 3035 1159 3104 dic'te
1184 3035 1329 3104 Ecclesia
1356 3033 1467 3102 Sancti

346 3143 479 3230 Thone,
497 3142 615 3230 prelati
632 3143 711 3208 Bele
725 3144 824 3226 Regis
849 3143 1025 3228 priuilegio
1051 3143 1266 3209 collacionem
1290 3163 1347 3209 seu
1375 3141 1471 3207 dona-

345 3253 470 3319 cionem
487 3249 631 3318 einsdem
649 3249 729 3314 ville
744 3249 799 3314 Isa
815 3249 943 3332 plenius
960 3256 993 3314 et
1010 3251 1195 3335 expressius
1221 3248 1418 3317 continente.
1436 3247 1470 3310 In

345 3359 436 3426 cuius
452 3357 499 3424 rei
517 3355 702 3422 memoriam
718 3362 885 3441 presentes
902 3356 972 3423 dari
987 3355 1123 3423 fecimus
1140 3357 1266 3424 litteras
1284 3377 1356 3423 cum
1375 3375 1473 3441 apen-

344 3466 437 3533 sione
453 3465 555 3530 nostri
571 3462 674 3547 sigilli
691 3463 845 3530 autentici
861 3463 1038 3529 munimine
1049 3465 1231 3531 roboratas.
1251 3465 1372 3530 Datum
1384 3462 1471 3550 apud

345 3573 470 3640 Budam
487 3589 571 3636 anno
588 3570 717 3636 Domini
732 3569 851 3636 Mrocr
866 3572 1075 3656 nonagesimo
1091 3571 1205 3658 primo,
1222 3569 1392 3638 dominica
1403 3591 1474 3655 pro·

346 3680 434 3746 xima
447 3686 521 3762 post
536 3678 765 3746 Ascensionem
780 3679 923 3747 Domini.

345 3877 483 3942 (Eradstie
496 3871 668 3942 bdrlulrtyrlm
682 3874 794 3942 melyrdl
807 3874 927 3943 apacsdt
949 3873 1096 3943 labb-strue
1118 3877 1247 3930 usindrou
1259 3879 1335 3943 ltigg,
1357 3893 1377 3928 a
1391 3878 1476 3928 budai
1547 3883 1548 3908 ³

698 3967 749 4016 kir.
774 3967 896 4019 kannensi
918 3962 1109 4033 lsvdltlrbau.)

796 4253 812 4262 n.
829 4256 843 4262 -
855 4251 1007 4264 ..μ-.ᾓ.α
