3170 5166
570 405 574 414 ,
622 317 781 422 aa„

134 511 337 600 presencium
357 513 508 582 volumus
531 516 720 602 peruenire,
746 513 834 600 quod
863 513 1019 582 Ladizlac
1044 513 1110 582 filio
1134 515 1263 585 Andree

136 622 196 708 filij
214 621 340 712 Bedek,
357 628 390 688 et
414 625 512 691 Petro
542 645 583 692 ac
599 625 765 712 Stephano
782 625 859 710 filijs
888 625 1012 692 Thome
1028 626 1084 712 filij
1118 626 1262 694 eiusdem

134 731 249 798 Bedek
265 729 307 798 de
322 731 597 820 Harnadnempty
628 753 668 800 ex
684 755 748 800 vna
764 738 875 820 parte,
908 734 949 800 ab
968 734 1071 800 altera
1086 754 1164 801 vero
1180 732 1263 799 Lau·

133 839 243 906 reneio
259 844 291 905 et
306 837 536 908 Bartholomeo
561 841 639 926 filijs
664 839 812 907 Ladinlai
832 862 891 927 pro
917 861 953 908 se
962 894 972 930 ,
989 847 1037 906 ·et
1053 862 1112 927 pro
1128 841 1262 908 Nicolao

136 947 238 1015 tratre
255 949 400 1032 ipsorum
417 967 525 1014 coram
542 949 636 1017 nobis
653 949 869 1034 personaliter
888 949 1080 1034 constitutis,
1097 970 1157 1036 per
1173 949 1260 1035 ipsos

135 1053 327 1122 Ladizlanm
343 1057 444 1122 tilium
467 1056 597 1123 Andree
625 1064 657 1124 et
687 1057 771 1125 filios
783 1058 911 1140 ,Thone
927 1059 1128 1145 propositam
1143 1055 1262 1141 extitit,

136 1160 222 1245 quod
236 1163 400 1246 quandam
416 1163 618 1248 particulam
636 1171 720 1231 terre
733 1164 875 1231 dedicta
890 1171 977 1232 terra
994 1183 1102 1231 eorum
1117 1161 1263 1230 Harnad-

135 1274 281 1357 nempty,
298 1270 423 1338 scilicet
440 1270 481 1337 de
497 1273 650 1357 porcione
661 1291 770 1338 eorum
782 1275 857 1359 jure
874 1271 1070 1340 hereditario
1086 1271 1175 1358 ipsos
1192 1290 1263 1336 con-

135 1380 301 1462 tingente,
319 1377 362 1444 ad
377 1399 475 1448 vnum
495 1385 638 1446 aratrum
670 1379 905 1463 sufficientem,
937 1401 1034 1464 quam
1066 1380 1156 1467 prius
1173 1379 1265 1445 iuxta

136 1485 273 1552 formam
289 1488 471 1553 litterarum
491 1495 673 1555 nostrarum
703 1488 940 1556 memorialium
973 1487 1094 1556 eisdem
1110 1486 1186 1571 filij·
1203 1487 1265 1552 La-

136 1595 234 1660 dixlai
254 1616 315 1680 pro
325 1603 450 1681 septem
461 1601 578 1664 marcis
590 1595 797 1664 denariorum
808 1597 933 1683 pignori
951 1601 1180 1683 exposuerant,
1191 1615 1264 1660 oum

136 1702 296 1769 rnincrsis
311 1702 504 1770 utilitatibus
526 1704 603 1786 suis,
619 1704 714 1772 metis
734 1703 950 1791 infrascriptis
968 1704 1010 1770 ab
1026 1703 1103 1788 alijs
1120 1702 1265 1789 partibus

137 1808 282 1876 eiusdem
300 1811 466 1897 porcionis
482 1811 626 1896 ipsorum
636 1818 833 1900 separatam,
851 1817 882 1878 et
898 1811 1084 1895 specialiter
1100 1830 1172 1877 cum
1189 1827 1265 1892 qna·

138 1915 214 1982 dam
230 1917 378 1984 sessione
394 1918 494 1985 iuxta
513 1938 666 2001 magnum
696 1925 825 2005 portum
850 1919 939 2003 fluuij
967 1918 1104 1984 Harnad
1129 1921 1264 2002 aparte

137 2025 289 2092 orientali
307 2026 508 2112 existentem,
525 2045 582 2109 pro
600 2025 713 2092 cadem
738 2045 863 2092 summa
888 2027 1023 2111 pecunie
1041 2024 1266 2092 vendidissent

139 2138 170 2198 et
185 2131 400 2200 tradidissent
417 2133 511 2201 dictis
527 2133 605 2219 filijs
621 2133 768 2200 Ladizlai
793 2134 857 2201 sibi
874 2140 906 2201 et
921 2135 988 2200 suis
1015 2133 1191 2200 heredibus
1207 2131 1265 2197 he·

140 2240 317 2324 redumque
333 2262 462 2309 suorum
479 2243 717 2310 successoribus
743 2248 898 2327 perpetuo
915 2239 1148 2326 possidendam
1163 2247 1195 2307 et
1210 2240 1267 2304 ha-

138 2346 289 2416 bendam.
306 2351 443 2434 Insuper
459 2350 644 2434 obligarunt
667 2370 703 2416 se
729 2350 833 2416 dictus
850 2349 1024 2418 Ladizlaus
1040 2349 1124 2418 filius
1139 2348 1268 2414 Andree

141 2463 172 2522 et
187 2455 248 2542 filij
266 2457 388 2525 Thome
413 2458 594 2544 supradicti
621 2464 653 2524 et
668 2458 805 2528 heredes
831 2460 975 2543 ipsorum
1001 2457 1164 2545 predictos
1182 2455 1268 2522 illios

139 2563 288 2631 Ladizlai
315 2574 347 2633 et
362 2567 499 2634 heredes
523 2566 698 2633 eorundem
722 2567 890 2635 uniuersos
916 2571 959 2635 ab
975 2567 1122 2634 omnibns
1137 2565 1268 2632 racione

141 2672 288 2739 ciusdem
304 2673 466 2758 particule
481 2680 567 2740 terre
583 2673 730 2759 inpetere
745 2675 925 2742 nitentibus
935 2675 1112 2743 defendere
1124 2679 1156 2742 et
1172 2691 1269 2757 expe·

142 2777 210 2846 dire
237 2781 379 2867 proprijs
402 2779 568 2847 laboribus
585 2787 616 2846 et
632 2782 792 2868 expensis.
809 2782 894 2849 Mete
910 2789 1020 2848 autem
1036 2779 1178 2851 eiusdem
1194 2797 1267 2864 par·

139 2887 237 2954 ticnle
254 2893 351 2975 terre,
368 2893 463 2974 prout
478 2894 590 2974 partes
611 2885 719 2956 coram
735 2890 829 2973 nobis
854 2889 1052 2978 recitarunt,
1078 2891 1138 2955 hoc
1154 2885 1267 2953 ordine

138 2996 413 3078 exprimerentur:
432 2996 520 3078 quod
546 2997 652 3082 prima
678 3003 764 3062 meta
793 2996 908 3082 incipit
932 3017 1029 3082 super
1045 2995 1187 3080 quadam
1204 3013 1269 3062 ses·

138 3103 233 3172 sione
249 3105 313 3170 sita
330 3125 351 3170 a
366 3111 464 3188 parte
482 3103 635 3170 orientali
652 3105 744 3170 iuxta
760 3105 893 3171 fluuium
912 3103 1067 3190 Harnad3
1085 3101 1163 3168 inde
1179 3118 1268 3186 egre·

136 3211 226 3278 ditur
236 3208 279 3276 ad
288 3211 424 3277 eandem
435 3211 581 3297 plagam,
594 3217 625 3278 et
636 3211 741 3278 eundo
753 3212 896 3296 iungitur
905 3212 1068 3298 quoddam
1079 3209 1269 3297 pomerium,

139 3317 182 3386 de
197 3339 261 3402 quo
277 3318 477 3386 transeundo
493 3339 551 3404 per
566 3325 661 3404 prata
677 3319 767 3386 venit
782 3319 827 3386 ad
843 3319 1007 3405 quoddam
1022 3318 1133 3406 berch,
1150 3316 1190 3383 de
1206 3334 1269 3399 qno

137 3426 247 3494 eundo
262 3426 369 3511 iungit
385 3426 550 3512 quandam
569 3427 716 3494 arborem
733 3429 797 3514 piri
813 3448 871 3512 pro
886 3435 976 3495 meta
1000 3432 1223 3513 assignatam,
1238 3429 1273 3493 et

142 3535 252 3601 eundo
268 3535 309 3602 de
326 3533 442 3602 eadem
459 3535 549 3602 venit
566 3536 608 3603 ad
624 3543 729 3603 metas
745 3537 873 3625 finales,
895 3543 928 3604 et
942 3536 1090 3624 predicte
1105 3541 1272 3601 meteean-

139 3641 217 3709 dem
234 3641 428 3727 particulam
454 3649 539 3709 terre
569 3651 761 3729 separarent
793 3665 815 3709 a
831 3649 926 3731 parte
941 3643 1110 3728 orientali3
1142 3648 1272 3728 aparte

138 3758 249 3818 autem
266 3748 473 3816 meridionali
489 3771 551 3834 que
568 3759 732 3836 separant,
745 3758 857 3819 essent
873 3751 951 3818 hee:
969 3749 1169 3836 quodprima
1184 3755 1273 3816 meta

137 3857 258 3944 incipit
273 3877 372 3943 super
387 3862 506 3924 metam
532 3859 756 3943 terminalem
788 3858 866 3926 inde
881 3859 1045 3942 egreditur
1061 3859 1106 3924 ad
1121 3857 1272 3924 occiden-

137 3974 217 4053 tem,
234 3971 268 4032 et
284 3966 392 4033 eundo
408 3967 532 4034 directe
548 3967 653 4051 iungit
669 3968 802 4034 fluuium
823 3967 959 4032 Harnad
975 3964 1177 4051 predictum3
1196 3965 1272 4031 etin

137 4074 283 4158 quodam
299 4073 372 4140 loco
386 4095 446 4160 per
461 4081 606 4142 meatum
632 4095 735 4163 aque,
754 4075 810 4159 qui
827 4073 883 4142 lok
900 4071 1022 4139 dicitnr
1030 4122 1040 4160 ,
1073 4072 1161 4139 cadit
1176 4073 1209 4138 in
1226 4074 1272 4158 ip·

136 4203 212 4248 snm
227 4181 361 4250 fluuium
377 4183 523 4273 Harnad,
541 4191 574 4251 et
590 4191 703 4251 contra
726 4190 846 4251 metam
874 4180 1014 4248 eandem
1045 4181 1152 4246 cundo
1168 4180 1274 4264 iungit

136 4291 258 4355 iterato
275 4287 439 4374 prefatam
470 4291 659 4372 sessionem,
692 4297 725 4358 et
740 4291 786 4359 ibi
802 4289 1004 4359 terminatur.
1037 4287 1076 4352 In
1108 4285 1200 4354 cuius
1215 4307 1273 4373 ray

138 4397 364 4464 testimonium
380 4398 422 4464 ad
442 4398 636 4465 instanciam
662 4399 809 4485 parcium
834 4401 1003 4482 presentes
1024 4393 1216 4461 contulimus
1231 4392 1272 4460 si·

138 4503 213 4589 gilli
229 4504 334 4572 nostri
351 4505 530 4574 munimine
546 4507 735 4593 roboratas,
768 4503 972 4591 presentibus
991 4507 1100 4569 tamen
1117 4501 1273 4585 Magistro

136 4613 289 4686 Johanne
306 4614 455 4701 Lectore,
470 4614 596 4706 Mykou
613 4615 754 4690 Custode
763 4666 774 4706 ,
795 4613 949 4701 Magistro
975 4611 1127 4682 Johanne
1152 4609 1194 4678 de
1210 4609 1273 4688 Hc·
