3170 5166
652 983 729 1050 256.

143 1182 253 1246 Istuda
281 1203 382 1248 comcs
413 1182 699 1268 ulorazctpbc‘rdaolc
731 1159 1030 1268 bizonysdyleoelc,
1048 1186 1129 1268 bopy
1159 1185 1274 1266 Jduos,

143 1289 262 1354 Irdazld
277 1291 450 1354 mesteraclc
457 1291 519 1374 fia,
535 1289 690 1376 cayjdvcl
706 1315 727 1354 a
743 1291 853 1358 kdztdlc
881 1291 1010 1355 Olmera
1026 1292 1168 1356 birtolcru
1183 1297 1275 1358 naboe

143 1393 273 1462 tdmadt
297 1399 565 1485 eppenetleaadpelc
590 1399 790 1464 restaurabat
816 1398 1049 1484 bordtsctpoaca
1073 1399 1275 1484 cypeakadctt.

660 1506 758 1572 1300.

252 1701 322 1767 Nos
339 1700 452 1768 Comes
484 1699 668 1786 Stephanus
702 1702 878 1787 Vicejudex
908 1702 1006 1770 Curia
1026 1701 1149 1770 domini
1174 1705 1273 1788 Regis

143 1807 300 1876 memorie
316 1807 580 1875 commendantes
611 1807 831 1893 significamus
862 1810 980 1894 quibus
1012 1811 1146 1895 expedit
1164 1816 1275 1878 tenore

142 1913 350 2005 presencium
367 1913 546 1982 uniuersis:
563 1915 649 1997 quod
670 1935 741 1982 cum
761 1917 930 1984 lohannes
946 1917 1031 1986 filius
1046 1917 1198 2002 Magistri
1214 1918 1275 1984 La-

143 2023 244 2092 dizlai
259 2021 318 2108 filij
336 2020 480 2090 Thekws
489 2073 499 2107 ,
517 2023 573 2107 qui
589 2023 806 2108 personaliter
822 2024 945 2111 astitit,
977 2029 1010 2090 et
1026 2021 1157 2092 domina
1172 2032 1275 2092 mater

145 2132 291 2200 ciusdem
307 2131 423 2199 relicta
439 2132 543 2217 ipsius
574 2133 722 2216 Magistri
756 2131 925 2217 Ladiulai,
958 2152 1017 2217 pro
1048 2151 1113 2214 qua
1128 2132 1276 2201 Andreas

144 2241 229 2310 filius
245 2241 343 2308 Kana
373 2258 445 2306 cum
475 2239 708 2325 procuratorijs
739 2239 855 2310 litteris
886 2241 1071 2308 Conuentus
1097 2241 1138 2308 de
1163 2241 1276 2312 Jauow

144 2349 344 2436 comparuit,
375 2349 568 2433 Magistrum
588 2348 791 2435 Stephanum
828 2348 869 2415 de
885 2348 1024 2435 Bogath,
1056 2349 1112 2431 qui
1127 2349 1276 2416 similiter

143 2455 362 2544 personaliter
378 2455 500 2541 aderat,
520 2456 698 2523 traxissent
730 2457 764 2522 in
782 2475 935 2545 causam,
968 2457 1205 2541 possessionem
1222 2457 1276 2525 Ol·

144 2583 235 2632 mera
250 2569 398 2631 vocatam
416 2564 451 2629 in
469 2562 631 2632 Comitatu
647 2563 688 2630 dc
712 2563 911 2650 Abawywar
927 2565 1129 2650 existentem,
1145 2566 1276 2631 nomine

137 2673 227 2758 juris
243 2671 349 2757 ipsius
365 2669 494 2738 dominc
510 2692 570 2756 pro
595 2671 671 2738 dote
688 2677 721 2739 et
735 2673 834 2738 rebus
850 2671 1113 2759 paratarualibus
1129 2673 1197 2740 suis
1217 2693 1276 2757 per

144 2781 336 2864 Magistrum
351 2777 541 2845 Ladizlaum
552 2777 657 2844 eidem
674 2779 868 2845 traditamet
889 2779 1103 2867 assignatam,
1120 2781 1154 2846 in
1171 2781 1277 2864 figura

146 2887 266 2972 ludicij
285 2889 321 2954 in
347 2886 449 2952 nostri
466 2886 637 2971 presencia
654 2893 848 2972 repetentes
865 2887 907 2952 ab
925 2886 1056 2964 codem;
1089 2906 1185 2968 quarn
1204 2909 1276 2955 cum

145 2995 265 3062 litteris
282 2992 424 3079 Capituli
439 2994 607 3078 agriensis
624 2994 665 3061 ab
681 2995 753 3080 ipsu
769 2993 928 3078 Magistro
946 2993 1114 3078 Stephano
1130 2993 1277 3077 legitime

148 3100 400 3187 reinpediuerat‚
420 3108 452 3167 et
467 3101 554 3168 idem
569 3103 728 3187 Magister
748 3100 933 3188 Stephanus
964 3101 1072 3186 ipsam
1103 3101 1278 3186 possessio·
1362 3104 1375 3128 ‘

146 3209 370 3277 uem01mera
394 3207 562 3297 legitimis,
590 3208 710 3277 validis
741 3217 775 3276 et
798 3208 984 3276 efficacibus
1008 3208 1276 3277 iustrumentibus

147 3316 236 3407 (igy)
252 3317 470 3386 mediantibus
481 3338 539 3403 per
550 3319 657 3406 ipsum
673 3319 865 3405 Magistrum
876 3315 1067 3385 Ladizlaum
1082 3317 1181 3384 filium
1192 3318 1277 3386 The·

146 3429 220 3496 kws
235 3427 299 3496 sibi
315 3449 372 3513 pro
388 3427 564 3511 maritorijs
580 3427 726 3511 seruicijs
742 3427 810 3496 suis
826 3425 979 3496 collatam
995 3427 1114 3494 asserit
1131 3431 1164 3492 ct
1180 3426 1278 3495 dona·

147 3543 236 3618 tam3
254 3541 288 3602 et
313 3555 508 3619 quamquam
534 3535 608 3622 ipsa
633 3555 733 3603 causa
749 3536 783 3602 in
815 3535 986 3620 presencia
1008 3533 1131 3601 domini
1148 3534 1279 3601 Andrec

147 3643 295 3711 illustris
325 3645 423 3729 Regis
450 3643 619 3728 Hungarie
650 3643 773 3710 domini
804 3644 906 3710 nostri
938 3650 970 3709 et
985 3649 1098 3710 nostra
1114 3647 1278 3726 tamquam

148 3750 349 3838 Vicejodicis
366 3751 462 3818 Curio
487 3751 587 3835 Regia
604 3751 730 3818 diucius
757 3748 873 3820 fuisset
900 3751 1076 3818 uentilata:
1093 3753 1201 3814 tamen
1221 3769 1280 3834 per

148 3859 320 3925 arbitrium
337 3861 501 3926 Baronum
519 3857 641 3926 domini
656 3861 757 3943 Regis
784 3865 817 3924 et
831 3857 995 3924 Nobilium
1021 3857 1055 3922 in
1082 3854 1168 3922 facto
1193 3856 1279 3923 dicte

148 3965 365 4053 possessionis
384 3965 518 4034 Olmera
534 3989 576 4034 ex
591 3972 704 4035 nostra
719 3968 931 4053 permissione
939 4018 949 4053 ,
981 3968 1078 4051 prout
1092 3963 1112 4030 J
1116 3963 1229 4052 udicis,
1245 3966 1280 4031 in

149 4077 251 4146 talem
267 4077 358 4164 pacis
375 4083 406 4144 et
423 4075 596 4144 concordie
612 4077 751 4145 formam
767 4095 803 4142 se
819 4077 971 4142 dixerunt
988 4071 1177 4140 deuenisse:
1194 4072 1281 4155 quod

148 4197 286 4271 utraque
302 4205 381 4271 pars
397 4187 485 4252 omni
499 4185 567 4271 liti,
600 4185 763 4269 questioni
789 4192 821 4252 et
836 4183 964 4251 accioni
994 4180 1162 4248 hincinde
1178 4201 1281 4266 usque

148 4295 246 4362 modo
263 4294 440 4377 emergenti
456 4301 589 4379 propter
604 4294 724 4360 bonum
740 4294 833 4379 pacis
849 4299 961 4360 mutua
976 4288 1207 4358 renunciarent
1225 4307 1280 4355 uo·

147 4404 278 4471 luntate
296 4423 335 4468 eo
350 4401 457 4490 modo,
475 4400 563 4487 qnod
574 4400 662 4469 idem
678 4401 843 4469 lohannes
855 4398 1068 4487 personaliter
1084 4396 1211 4464 nomine
1222 4418 1281 4467 suo

149 4532 190 4577 ac
205 4510 337 4578 nomine
354 4509 483 4576 dominc
499 4511 612 4578 matris
630 4530 687 4578 sue
704 4509 858 4597 predicte,
876 4517 908 4576 et
923 4507 1073 4574 Andreas
1087 4502 1171 4572 filius
1186 4507 1283 4573 Kana

149 4639 223 4688 cum
239 4620 322 4710 ipsis
338 4619 572 4708 procuratorijs
591 4617 720 4706 litteris,
738 4625 774 4684 ut
789 4591 1001 4706 prediximus,
1016 4634 1077 4704 pro
1092 4613 1209 4684 eadem
1227 4612 1281 4682 do·
