3170 5166
680 935 760 1003 827.

140 1137 190 1202 Aa
205 1137 293 1203 Ebed
310 1137 376 1221 fiai
392 1138 424 1201 e
440 1135 560 1202 Ponitb
584 1133 667 1305 kippta'
691 1132 812 1221 paracl:
842 1131 1069 1216 tbroeaykezoat'
1099 1135 1269 1203 eliattatoe.

641 1240 792 1306 ouelkitl.
845 1295 852 1308 .

248 1439 368 1518 Datum
385 1455 444 1523 pro
460 1434 624 1522 memoria,
640 1433 727 1520 quod
742 1435 877 1521 Reman,
892 1431 1059 1502 Renoldus
1075 1441 1108 1500 et
1124 1425 1192 1500 Jak
1209 1433 1269 1516 tilii

141 1543 670 1630 eoed,1eepnlius1eep‚Kenez
695 1540 783 1608 filius
807 1540 942 1623 Vrbani,
977 1539 1154 1626 Gregorius
1185 1540 1272 1609 filius

142 1651 291 1740 Gregorij
310 1651 351 1717 de
368 1649 453 1736 Onu,
470 1655 538 1716 tam
555 1669 614 1734 pro
629 1669 665 1716 se
681 1668 778 1733 quam
795 1669 854 1734 pro
884 1649 1025 1715 Martino
1042 1657 1182 1732 cognato
1212 1669 1273 1718 suo

141 1757 358 1844 personaliter
373 1754 603 1842 comparando,
618 1757 653 1822 in
669 1757 774 1839 ligura
789 1753 908 1840 ludicii
927 1775 1035 1822 coram
1051 1757 1145 1823 uobis
1178 1757 1271 1824 exhi-

142 1867 283 1933 buerunt
298 1864 427 1931 litteras
443 1882 502 1930 sex
517 1860 660 1930 iudicum
676 1863 754 1929 olim
771 1882 811 1928 ox
827 1868 921 1946 parte
945 1868 1057 1929 nostra
1086 1871 1119 1931 et
1149 1864 1273 1932 domini

140 1973 242 2057 Regis
266 1970 433 2040 karissimi
448 1969 555 2057 patris
581 1969 684 2036 nostri
715 1969 822 2036 felicis
851 1971 1003 2037 memorie
1035 1969 1272 2056 deputatorum,

141 2100 182 2148 ae
197 2077 300 2144 eciam
316 2077 522 2163 priuilegium
538 2075 683 2144 eiusdem
698 2075 863 2142 karissimi
888 2075 993 2160 patris
1017 2079 1118 2144 nostri
1131 2102 1138 2162 ;
1164 2083 1275 2162 poten·

141 2195 194 2254 tes
209 2191 246 2253 ut
261 2185 354 2252 iuxta
385 2185 615 2272 premissorum
647 2182 883 2250 continenciam
914 2183 1202 2252 instrumentorum
1232 2205 1275 2252 ex

141 2299 239 2378 parte
253 2291 377 2358 Ponich
393 2290 529 2358 Comitis
544 2291 625 2376 ipsis
656 2289 820 2358 iusticiam
852 2288 1043 2375 faceremus,
1076 2297 1143 2358 tam
1175 2293 1274 2378 super'

141 2398 406 2488 possessionibus
421 2396 455 2462 in
469 2397 589 2464 litteris
605 2403 637 2460 ot
654 2395 828 2482 priuilegio
844 2393 965 2464 eisdem
982 2398 1157 2486 expressis,
1175 2419 1274 2484 quam

143 2506 249 2574 eciam
266 2523 361 2590 super
377 2509 481 2570 morte
496 2501 643 2570 eiusdem
660 2503 811 2588 Gregorij
829 2503 870 2569 (le
887 2502 971 2589 Oud,
989 2511 1022 2570 et
1038 2504 1111 2571 Oud
1134 2505 1192 2592 filij
1211 2509 1274 2594 sui,

142 2633 184 2682 ac
200 2615 325 2682 Joanoe
340 2611 471 2694 cognati
486 2610 627 2676 filiorum
643 2610 789 2678 eiusdem
805 2611 907 2696 llbed,
927 2632 1007 2696 quos
1023 2612 1122 2697 ijdem
1139 2634 1196 2701 per
1227 2617 1274 2700 ip·

143 2741 218 2788 snm
234 2717 358 2786 Ponich
375 2717 537 2785 Comitem
555 2725 587 2784 et
611 2718 769 2786 Jooobum
799 2718 902 2786 filiurn
934 2719 1003 2786 eius
1033 2739 1132 2806 super
1164 2722 1278 2790 domos

143 2847 222 2896 suas
235 2846 337 2893 manu
353 2832 480 2892 armata
496 2831 528 2892 et
543 2824 688 2892 uiolenta
703 2824 864 2892 ueniendo
880 2825 1142 2894 dicebautmorte
1161 2829 1277 2913 turpis·

143 2935 231 3004 sima
245 2932 442 3001 interfect-re.
460 2931 582 3018 Contra
598 2949 679 3014 quos
704 2929 869 3016 predictus
896 2929 1012 2998 (lomes
1044 2933 1139 2999 Ponit
1169 2955 1279 3020 perso-

142 3040 268 3108 naliter
289 3048 355 3106 tam
370 3060 429 3125 pro
446 3058 483 3106 se
499 3057 596 3122 quam
612 3058 672 3123 pro
688 3037 756 3104 filio
772 3057 832 3105 suo
856 3037 1035 3124 respondit,
1067 3039 1154 3124 quod
1185 3042 1278 3110 iuxta

142 3147 366 3234 predictorum
381 3146 667 3214 instrumentorum
684 3145 924 3212 continenciam
939 3147 1074 3232 procedi
1090 3169 1156 3214 non
1181 3149 1278 3218 debet

143 3257 181 3322 in
197 3255 335 3339 negocio
352 3275 403 3340 eo,
419 3253 507 3338 quod
523 3253 638 3322 eadem
653 3253 868 3321 instrumenta
877 3274 937 3340 per
947 3253 1054 3321 odium
1065 3260 1097 3323 et
1111 3275 1279 3324 rancorem

145 3363 222 3450 ipso
238 3361 335 3428 Ponit
351 3361 477 3428 Comite
493 3362 631 3430 absente
647 3367 680 3430 et
695 3360 856 3430 existente
872 3367 951 3446 aput
976 3381 1047 3450 nos,
1079 3381 1177 3450 super
1208 3383 1281 3450 pos·

145 3469 352 3538 sessionibus
368 3474 400 3535 et
416 3469 492 3556 alijs
507 3467 603 3536 lactis
618 3471 653 3536 in
668 3469 785 3537 litteris
811 3491 876 3538 nou
908 3467 1057 3538 deductis
1088 3469 1188 3556 ijdem
1220 3472 1278 3558 filij

144 3577 242 3644 Ebed
272 3583 303 3644 et
335 3576 414 3660 sooij
447 3596 557 3644 eorum
588 3576 706 3662 prefati
737 3575 822 3646 false
855 3577 897 3644 'et
930 3577 1071 3647 ueritate
1103 3599 1282 3666 suppressa

145 3681 315 3751 maliciose
329 3683 579 3770 impetrassent;
595 3684 714 3754 adiecit
745 3686 849 3752 eciam
879 3685 965 3756 idem
993 3687 1118 3754 Poniolr
1150 3687 1278 3774 (lomes,

146 3791 236 3878 quod
251 3797 461 3858 memoratum
478 3789 670 3876 Gregoruim
687 3797 719 3856 et
733 3791 898 3878 predictos
914 3794 999 3870 alios
1015 3794 1099 3861 duos
1132 3795 1280 3862 hominos

145 3900 193 3967 ad
209 3899 317 3985 ipsum
334 3897 543 3982 pertinentes,
561 3899 595 3964 in
609 3899 665 3965 nia
680 3899 815 3984 publiea
830 3909 989 3985 tanquam
1004 3899 1095 3970 fures
1119 3909 1151 3969 st
1181 3901 1280 3970 latro·

147 4026 210 4074 nes
242 4025 298 4072 eos
314 4004 472 4070 inuadere
488 4005 633 4072 uolentes
650 4004 855 4090 occidissent,
882 4007 1088 4093 exigentibus
1105 4010 1210 4096 culpis
1226 4031 1280 4078 eo-

146 4112 296 4199 rundem,
314 4113 348 4177 in
365 4113 469 4198 ipsius
483 4112 541 4197 filij
560 4113 610 4179 sui
634 4115 789 4181 absencia
805 4113 969 4183 antedicti.
987 4119 1056 4184 Nos
1081 4137 1157 4186 uero
1191 4118 1282 4186 audi·

145 4222 193 4287 tis
208 4220 358 4306 parcium
374 4219 656 4305 propositionibus
672 4242 738 4288 uua
753 4241 825 4288 oum
856 4222 1038 4292 Batonibus
1071 4227 1190 4294 nostris
1226 4247 1270 4310 qu

147 4324 321 4415 adherant,
354 4328 597 4395 sentencialiter
612 4330 824 4416 decrenimus,
842 4331 928 4415 quod
952 4351 1030 4418 pars
1061 4337 1199 4416 utraque
1231 4331 1281 4400 de·
1326 4409 1327 4412 Ἴ

148 4435 251 4502 bearn
265 4433 445 4520 producere
461 4435 603 4522 pugilem
619 4457 866 4522 congressurum
882 4459 977 4524 quem
991 4460 1052 4525 pro
1061 4459 1123 4507 sua
1133 4446 1227 4525 perte
1236 4441 1284 4507 in·

148 4542 266 4610 ueniue
281 4549 433 4628 poterunt
449 4541 625 4632 meliorem,
643 4545 698 4630 qui
715 4546 749 4614 in
766 4547 891 4615 octenis
907 4547 1016 4616 Sancti
1034 4545 1223 4636 ,mychaelis
1250 4549 1283 4612 in

197 4675 262 4718 uon.
278 4675 361 4716 nors.
377 4677 448 4715 urar.
464 4687 509 4700 --
524 4679 597 4714 nure.
632 4675 670 4718 ts.
1133 4659 1176 4724 30
