3098 5172
610 297 773 396 Q

126 491 295 560 vicarium
311 497 458 559 nostrum
477 487 627 556 duximus
644 486 865 574 statuendum,
889 487 949 554 tibi
976 489 1009 554 in
1035 486 1260 572 spiritualibus
1297 566 1301 572 ,

125 597 259 672 casibus
275 595 442 682 visitandi,
461 595 646 680 corrigendi
661 602 693 663 et
713 593 911 664 reformandi
936 594 1112 682 Ecclesias,
1139 599 1171 663 et
1197 615 1256 662 eas

122 725 161 776 ec
171 705 340 776 ¹cimiteria
356 704 601 790 reconciliandi,
619 703 831 772 consecrandi
847 703 979 791 altaria,
997 725 1058 772 nec
1073 725 1137 772 non
1154 705 1258 772 bene—

124 812 257 880 dicendi
277 821 310 878 et
320 811 508 898 edomandi,
519 831 559 878 ac
570 811 668 878 etiam
678 809 864 880 conferendi
874 811 1005 880 ordines
1018 811 1166 896 personis
1176 811 1256 897 ydo-

123 920 195 987 neis
212 919 255 987 dc
270 921 371 1008 Urbe,
382 939 463 1004 quas
474 919 535 987 tibi
546 919 719 1004 contigerit
729 919 886 985 canonice
895 917 1086 1004 presentari,
1097 919 1254 986 audiendi

123 1045 253 1111 quoque
272 1025 503 1112 confessiones,
520 1033 553 1094 et
568 1025 759 1112 imponendi
775 1026 954 1094 salutarem
970 1027 1183 1111 penitentiam
1195 1044 1255 1112 pro

122 1132 317 1217 commissis,
333 1139 528 1218 potestatem
545 1132 727 1216 plenariam
744 1130 964 1200 concedentes.
974 1133 1024 1198 'Pu
1036 1131 1156 1218 itaque,
1170 1131 1258 1200 sieut

123 1239 210 1307 lilius
220 1238 459 1308 benedictionis
472 1247 505 1307 et
517 1239 818 1324 gratie,huiusmodi
827 1237 971 1307 officium
980 1239 1147 1306 humiliter
1158 1247 1189 1307 et
1201 1239 1257 1306 de-

124 1355 198 1415 uote
215 1346 387 1433 suscipias,
405 1353 437 1414 et
453 1346 535 1414 illud
552 1346 955 1434 seeundumprudentism,
965 1365 1065 1429 quem
1077 1347 1136 1414 tibi
1146 1346 1257 1413 Domi·

124 1474 167 1522 nu
176 1453 522 1540 ministrabit,studeas
535 1455 745 1539 exercere,ila
756 1453 948 1538 quodaDeo
959 1454 1076 1523 exinde
1086 1456 1255 1541 premium,

124 1569 270 1628 nostram
288 1567 320 1626 et
336 1560 531 1645 Apostolice
548 1561 642 1628 Sedis
659 1562 808 1650 gratiam,
826 1569 858 1628 et
873 1563 915 1628 ab
931 1561 1114 1630 bominibus
1136 1565 1252 1630 bonam

125 1665 247 1734 lamam
279 1667 394 1735 merito
420 1669 638 1750 consequaris.
664 1671 784 1736 Datum
809 1669 960 1753 Anagnie
985 1667 1062 1734 XII.
1089 1667 1257 1736 kalendae

125 1773 274 1862 Augusti,
290 1772 501 1862 Pontificatus
517 1776 619 1844 nostri
635 1796 720 1843 enno
738 1774 888 1844 secundo.

124 1967 268 2038 (rhomen,
282 1971 383 2024 vetere
395 1971 571 2025 Monumenta
580 1972 722 2025 Slarcrum
732 1973 952 2024 Meridionalium
962 1973 1106 2026 historiam
1116 1972 1256 2026 illustren-
1352 2024 1359 2038 ,

556 2064 597 2114 ora
608 2063 631 2113 1.
645 2063 701 2114 nee.
717 2064 776 2113 rrr.
791 2057 823 2129 r.)

589 2326 800 2351 ...af-'—

654 2770 731 2838 146.

121 2971 279 3036 Lcdomdr
295 2971 483 3057 eszteryame'
498 2969 584 3036 drsek
593 2991 632 3035 oz
642 2973 823 3057 eze-rpem
838 2972 1064 3059 heptalonauk
1079 2975 1253 3044 cirszoittle'

121 3100 143 3141 a
156 3075 279 3142 Miletos
294 3077 480 3161 esaterpome'
492 3076 615 3162 polyer·
633 3077 715 3142 oleat
740 3076 818 3142 eddi
817 3101 839 3163 9
863 3079 1093 3145 baezonberbcn
1109 3081 1175 3148 hire
1182 3082 1253 3169 fill·

600 3184 661 3248 det.
680 3183 779 3250 1296.
891 3241 904 3258 ,

157 3439 167 3462 ,
229 3379 354 3444 Damus
370 3397 428 3463 prc
445 3376 610 3455 memoria,
627 3376 714 3462 quod
730 3397 803 3445 cum
813 3379 904 3446 iuxta
914 3381 1152 3451 continenciam
1163 3385 1248 3472 prio-

118 3505 191 3556 rum
205 3484 390 3554 litterarum
404 3490 589 3552 nostrerum
604 3485 852 3573 memorialium,
866 3488 966 3556 tercio
982 3487 1035 3556 die
1063 3499 1264 3564 octauarum.

118 3590 380 3680 Epiphaniamm
396 3591 530 3659 Domini
544 3593 658 3659 Petrus
675 3594 836 3682 Decanus,
853 3597 906 3662 uel
922 3595 1090 3667 Jobannes
1107 3597 1248 3670 Ourialis

119 3701 248 3786 Comes,
265 3705 322 3766 aut
337 3718 420 3766 unus
437 3699 535 3765 trium
551 3699 800 3766 Procuratcrum
817 3701 963 3770 Ecclesia
988 3712 1099 3773 nostre
1128 3709 1249 3795 Strigc-

118 3805 255 3890 niensis,
271 3813 384 3874 eontra
408 3805 582 3872 Nicolaum
608 3805 817 3895 aurifabrum,
845 3809 956 3876 Ciuem
982 3811 1248 3906 strigoniensem,

118 3913 278 3998 Strigonij
298 3911 332 3978 in
349 3911 486 3995 Capella
511 3917 625 3979 nostra
650 3912 814 3982 debuisset
839 3915 1055 3986 iuramentum
1085 3921 1249 4008 deponere

116 4039 217 4104 super
232 4038 282 4106 eo,
298 4025 334 4086 ut
348 4018 435 4085 idem
452 4019 609 4087 Nicolaus
624 4021 788 4092 aurifaber
812 4026 998 4110 pensionem
1025 4036 1110 4097 terre
1134 4051 1247 4099 eoruu·

117 4126 192 4193 dem
209 4126 348 4193 fratrum
364 4133 546 4194 nostrorum
562 4129 646 4196 inter
662 4129 846 4197 clausuram
863 4152 947 4218 aque
957 4135 1117 4219 Toplicha
1127 4143 1247 4208 consti·

115 4239 196 4320 tute,
224 4231 347 4299 eisdem
373 4233 528 4303 fratribus
554 4237 675 4304 nostris
700 4259 722 4304 a
746 4238 961 4322 quadriennio
985 4245 1187 4328 negligenter
1217 4254 1249 4315 et
1346 4277 1352 4290 ·

116 4340 354 4408 contumaciter
369 4361 434 4408 non
451 4342 606 4428 dedisset,
622 4342 773 4412 videlicet
789 4347 915 4414 unciam
933 4351 1092 4434 regalium
1109 4359 1142 4418 et
1152 4373 1246 4422 usura·

113 4449 197 4516 lium
212 4449 526 4536 monetarum31pso
543 4451 597 4518 die
612 4452 785 4520 iuramenti
811 4453 1018 4546 adueniente,
1046 4479 1108 4543 que
1131 4459 1247 4530 incidit

112 4553 149 4619 in
166 4553 223 4619 die
238 4555 424 4642 Dominioa,
442 4557 520 4626 licet
535 4557 621 4626 idem
639 4557 754 4630 Comes
769 4561 945 4652 lohannes,
963 4569 1168 4653 presentibus
1178 4571 1246 4638 Ma·
