<?xml version="1.0" encoding="UTF-8"?>
<!DOCTYPE html PUBLIC "-//W3C//DTD XHTML 1.0 Transitional//EN"
    "http://www.w3.org/TR/xhtml1/DTD/xhtml1-transitional.dtd">
<html xmlns="http://www.w3.org/1999/xhtml" xml:lang="en" lang="en">
 <head>
  <title>
</title>
<meta http-equiv="Content-Type" content="text/html;charset=utf-8" />
  <meta name='ocr-system' content='tesseract 3.04.00' />
  <meta name='ocr-capabilities' content='ocr_page ocr_carea ocr_par ocr_line ocrx_word'/>
</head>
<body>
  <div class='ocr_page' id='page_1' title='image "./codexdiplomatic19wenzgoog_0138.png"; bbox 0 0 3112 5158; ppageno 0'>
   <div class='ocr_carea' id='block_1_1' title="bbox 850 205 894 273">
    <p class='ocr_par' dir='ltr' id='par_1_1' title="bbox 850 205 894 273">
     <span class='ocr_line' id='line_1_1' title="bbox 850 205 894 273; baseline 0.068 -3"><span class='ocrx_word' id='word_1_1' title='bbox 850 205 894 273; x_wconf 82' lang='lat'>98</span> 
     </span>
    </p>
   </div>
   <div class='ocr_carea' id='block_1_2' title="bbox 803 293 961 307">
    <p class='ocr_par' dir='ltr' id='par_1_2' title="bbox 803 293 961 307">
     <span class='ocr_line' id='line_1_2' title="bbox 803 293 961 307; baseline -0.006 -2"><span class='ocrx_word' id='word_1_2' title='bbox 803 293 961 307; x_wconf 50' lang='lat'>*-</span> 
     </span>
    </p>
   </div>
   <div class='ocr_carea' id='block_1_3' title="bbox 228 395 1438 4601">
    <p class='ocr_par' dir='ltr' id='par_1_3' title="bbox 228 395 1438 4601">
     <span class='ocr_line' id='line_1_3' title="bbox 320 395 1438 485; baseline -0.007 -19"><span class='ocrx_word' id='word_1_3' title='bbox 320 399 398 466; x_wconf 88' lang='lat' dir='ltr'>mini</span> <span class='ocrx_word' id='word_1_4' title='bbox 415 399 516 464; x_wconf 88' lang='lat' dir='ltr'>Dueis</span> <span class='ocrx_word' id='word_1_5' title='bbox 533 397 710 466; x_wconf 80' lang='lat' dir='ltr'>existentes</span> <span class='ocrx_word' id='word_1_6' title='bbox 727 398 761 464; x_wconf 95' lang='lat' dir='ltr'>in</span> <span class='ocrx_word' id='word_1_7' title='bbox 779 399 878 485; x_wconf 91' lang='lat' dir='ltr'>ligno,</span> <span class='ocrx_word' id='word_1_8' title='bbox 910 399 964 463; x_wconf 88' lang='lat' dir='ltr'>vel</span> <span class='ocrx_word' id='word_1_9' title='bbox 980 397 1078 480; x_wconf 84' lang='lat' dir='ltr'>lignis</span> <span class='ocrx_word' id='word_1_10' title='bbox 1093 395 1346 472; x_wconf 83' lang='lat' dir='ltr'>forinseeorum‚</span> <span class='ocrx_word' id='word_1_11' title='bbox 1374 413 1438 458; x_wconf 89' lang='lat' dir='ltr'>eum</span> 
     </span>
     <span class='ocr_line' id='line_1_4' title="bbox 319 499 1435 592; baseline -0.005 -20"><span class='ocrx_word' id='word_1_12' title='bbox 319 507 465 592; x_wconf 87' lang='lat' dir='ltr'>personis</span> <span class='ocrx_word' id='word_1_13' title='bbox 483 509 534 574; x_wconf 91' lang='lat' dir='ltr'>vel</span> <span class='ocrx_word' id='word_1_14' title='bbox 550 508 645 572; x_wconf 91' lang='lat' dir='ltr'>rebus</span> <span class='ocrx_word' id='word_1_15' title='bbox 662 526 727 573; x_wconf 89' lang='lat' dir='ltr'>non</span> <span class='ocrx_word' id='word_1_16' title='bbox 742 507 916 588; x_wconf 85' lang='lat' dir='ltr'>offendent,</span> <span class='ocrx_word' id='word_1_17' title='bbox 935 525 995 572; x_wconf 89' lang='lat' dir='ltr'>nee</span> <span class='ocrx_word' id='word_1_18' title='bbox 1011 505 1058 571; x_wconf 87' lang='lat' dir='ltr'>eis</span> <span class='ocrx_word' id='word_1_19' title='bbox 1076 505 1216 570; x_wconf 83' lang='lat' dir='ltr'>inferent</span> <span class='ocrx_word' id='word_1_20' title='bbox 1233 523 1293 572; x_wconf 86' lang='lat' dir='ltr'>nee</span> <span class='ocrx_word' id='word_1_21' title='bbox 1319 499 1435 566; x_wconf 85' lang='lat' dir='ltr'>laeient</span> 
     </span>
     <span class='ocr_line' id='line_1_5' title="bbox 316 611 1436 701; baseline -0.004 -22"><span class='ocrx_word' id='word_1_22' title='bbox 316 615 478 700; x_wconf 84' lang='lat' dir='ltr'>injurium,</span> <span class='ocrx_word' id='word_1_23' title='bbox 496 614 689 701; x_wconf 80' lang='lat' dir='ltr'>molestiam,</span> <span class='ocrx_word' id='word_1_24' title='bbox 707 615 869 698; x_wconf 85' lang='lat' dir='ltr'>damnum,</span> <span class='ocrx_word' id='word_1_25' title='bbox 886 613 1105 700; x_wconf 87' lang='lat' dir='ltr'>offensionem,</span> <span class='ocrx_word' id='word_1_26' title='bbox 1123 615 1174 678; x_wconf 88' lang='lat' dir='ltr'>vel</span> <span class='ocrx_word' id='word_1_27' title='bbox 1201 631 1381 695; x_wconf 81' lang='lat' dir='ltr'>gravamen</span> <span class='ocrx_word' id='word_1_28' title='bbox 1407 611 1436 674; x_wconf 92' lang='lat' dir='ltr'>in</span> 
     </span>
     <span class='ocr_line' id='line_1_6' title="bbox 315 721 1434 809; baseline -0.004 -22"><span class='ocrx_word' id='word_1_29' title='bbox 315 724 464 808; x_wconf 88' lang='lat' dir='ltr'>personis</span> <span class='ocrx_word' id='word_1_30' title='bbox 481 725 534 791; x_wconf 83' lang='lat' dir='ltr'>vel</span> <span class='ocrx_word' id='word_1_31' title='bbox 551 725 646 792; x_wconf 87' lang='lat' dir='ltr'>rebus</span> <span class='ocrx_word' id='word_1_32' title='bbox 664 745 794 806; x_wconf 78' lang='lat' dir='ltr'>eorum3</span> <span class='ocrx_word' id='word_1_33' title='bbox 813 725 870 792; x_wconf 88' lang='lat' dir='ltr'>sed</span> <span class='ocrx_word' id='word_1_34' title='bbox 887 745 943 790; x_wconf 90' lang='lat' dir='ltr'>eos</span> <span class='ocrx_word' id='word_1_35' title='bbox 959 742 1082 809; x_wconf 86' lang='lat' dir='ltr'>omnes,</span> <span class='ocrx_word' id='word_1_36' title='bbox 1099 731 1132 788; x_wconf 90' lang='lat' dir='ltr'>et</span> <span class='ocrx_word' id='word_1_37' title='bbox 1148 721 1297 804; x_wconf 89' lang='lat' dir='ltr'>singulos</span> <span class='ocrx_word' id='word_1_38' title='bbox 1319 739 1434 802; x_wconf 88' lang='lat' dir='ltr'>eorum,</span> 
     </span>
     <span class='ocr_line' id='line_1_7' title="bbox 315 827 1434 919; baseline -0.003 -25"><span class='ocrx_word' id='word_1_39' title='bbox 315 850 386 896; x_wconf 94' lang='lat' dir='ltr'>eum</span> <span class='ocrx_word' id='word_1_40' title='bbox 411 833 568 919; x_wconf 86' lang='lat' dir='ltr'>personis,</span> <span class='ocrx_word' id='word_1_41' title='bbox 593 833 685 899; x_wconf 88' lang='lat' dir='ltr'>bonis</span> <span class='ocrx_word' id='word_1_42' title='bbox 711 835 869 918; x_wconf 90' lang='lat' dir='ltr'>omnibus,</span> <span class='ocrx_word' id='word_1_43' title='bbox 896 838 927 899; x_wconf 88' lang='lat' dir='ltr'>et</span> <span class='ocrx_word' id='word_1_44' title='bbox 952 833 1047 899; x_wconf 89' lang='lat' dir='ltr'>rebus</span> <span class='ocrx_word' id='word_1_45' title='bbox 1074 851 1185 897; x_wconf 90' lang='lat' dir='ltr'>eorum</span> <span class='ocrx_word' id='word_1_46' title='bbox 1209 837 1277 895; x_wconf 82' lang='lat' dir='ltr'>tem</span> <span class='ocrx_word' id='word_1_47' title='bbox 1302 829 1335 892; x_wconf 92' lang='lat' dir='ltr'>in</span> <span class='ocrx_word' id='word_1_48' title='bbox 1361 827 1434 912; x_wconf 86' lang='lat' dir='ltr'>suis,</span> 
     </span>
     <span class='ocr_line' id='line_1_8' title="bbox 314 936 1436 1024; baseline -0.004 -21"><span class='ocrx_word' id='word_1_49' title='bbox 314 959 410 1020; x_wconf 82' lang='lat' dir='ltr'>quam</span> <span class='ocrx_word' id='word_1_50' title='bbox 427 940 460 1004; x_wconf 90' lang='lat' dir='ltr'>in</span> <span class='ocrx_word' id='word_1_51' title='bbox 486 939 718 1008; x_wconf 79' lang='lat' dir='ltr'>forinsecorum</span> <span class='ocrx_word' id='word_1_52' title='bbox 735 940 844 1024; x_wconf 92' lang='lat' dir='ltr'>ligno,</span> <span class='ocrx_word' id='word_1_53' title='bbox 875 942 927 1006; x_wconf 88' lang='lat' dir='ltr'>vel</span> <span class='ocrx_word' id='word_1_54' title='bbox 954 939 1060 1024; x_wconf 80' lang='lat' dir='ltr'>ligole,</span> <span class='ocrx_word' id='word_1_55' title='bbox 1080 937 1244 1004; x_wconf 83' lang='lat' dir='ltr'>habebunt</span> <span class='ocrx_word' id='word_1_56' title='bbox 1271 936 1383 1003; x_wconf 84' lang='lat' dir='ltr'>salvos</span> <span class='ocrx_word' id='word_1_57' title='bbox 1410 943 1436 998; x_wconf 90' lang='lat' dir='ltr'>et</span> 
     </span>
     <span class='ocr_line' id='line_1_9' title="bbox 312 1044 1435 1134; baseline -0.004 -23"><span class='ocrx_word' id='word_1_58' title='bbox 312 1065 451 1134; x_wconf 82' lang='lat' dir='ltr'>securos,</span> <span class='ocrx_word' id='word_1_59' title='bbox 467 1068 527 1114; x_wconf 88' lang='lat' dir='ltr'>nee</span> <span class='ocrx_word' id='word_1_60' title='bbox 543 1049 675 1114; x_wconf 87' lang='lat' dir='ltr'>venient</span> <span class='ocrx_word' id='word_1_61' title='bbox 691 1049 733 1114; x_wconf 84' lang='lat' dir='ltr'>ab</span> <span class='ocrx_word' id='word_1_62' title='bbox 749 1048 887 1114; x_wconf 81' lang='lat' dir='ltr'>Ancona</span> <span class='ocrx_word' id='word_1_63' title='bbox 903 1051 990 1114; x_wconf 81' lang='lat' dir='ltr'>ultra</span> <span class='ocrx_word' id='word_1_64' title='bbox 1004 1067 1118 1114; x_wconf 83' lang='lat' dir='ltr'>uersus</span> <span class='ocrx_word' id='word_1_65' title='bbox 1136 1044 1305 1127; x_wconf 82' lang='lat' dir='ltr'>Veneeias,</span> <span class='ocrx_word' id='word_1_66' title='bbox 1332 1063 1394 1108; x_wconf 90' lang='lat' dir='ltr'>nee</span> <span class='ocrx_word' id='word_1_67' title='bbox 1417 1064 1435 1107; x_wconf 82' lang='lat' dir='ltr'>e</span> 
     </span>
     <span class='ocr_line' id='line_1_10' title="bbox 311 1151 1433 1240; baseline 0 -25"><span class='ocrx_word' id='word_1_68' title='bbox 311 1152 386 1235; x_wconf 85' lang='lat' dir='ltr'>Hya</span> <span class='ocrx_word' id='word_1_69' title='bbox 401 1173 514 1221; x_wconf 85' lang='lat' dir='ltr'>versus</span> <span class='ocrx_word' id='word_1_70' title='bbox 531 1154 700 1240; x_wconf 75' lang='lat' dir='ltr'>venecias,</span> <span class='ocrx_word' id='word_1_71' title='bbox 717 1156 782 1222; x_wconf 88' lang='lat' dir='ltr'>nisi</span> <span class='ocrx_word' id='word_1_72' title='bbox 799 1163 887 1222; x_wconf 88' lang='lat' dir='ltr'>esset</span> <span class='ocrx_word' id='word_1_73' title='bbox 902 1163 1033 1240; x_wconf 90' lang='lat' dir='ltr'>propter</span> <span class='ocrx_word' id='word_1_74' title='bbox 1050 1153 1211 1219; x_wconf 84' lang='lat' dir='ltr'>fortunam</span> <span class='ocrx_word' id='word_1_75' title='bbox 1228 1173 1285 1219; x_wconf 92' lang='lat' dir='ltr'>seu</span> <span class='ocrx_word' id='word_1_76' title='bbox 1302 1151 1433 1219; x_wconf 83' lang='lat' dir='ltr'>austeri·</span> 
     </span>
     <span class='ocr_line' id='line_1_11' title="bbox 310 1261 1434 1348; baseline 0.002 -26"><span class='ocrx_word' id='word_1_77' title='bbox 310 1265 410 1324; x_wconf 82' lang='lat' dir='ltr'>tatem</span> <span class='ocrx_word' id='word_1_78' title='bbox 426 1262 590 1347; x_wconf 79' lang='lat' dir='ltr'>temporie,</span> <span class='ocrx_word' id='word_1_79' title='bbox 606 1264 640 1329; x_wconf 94' lang='lat' dir='ltr'>in</span> <span class='ocrx_word' id='word_1_80' title='bbox 657 1284 719 1348; x_wconf 92' lang='lat' dir='ltr'>quo</span> <span class='ocrx_word' id='word_1_81' title='bbox 737 1265 864 1348; x_wconf 91' lang='lat' dir='ltr'>quidem</span> <span class='ocrx_word' id='word_1_82' title='bbox 882 1263 1044 1331; x_wconf 89' lang='lat' dir='ltr'>neminem</span> <span class='ocrx_word' id='word_1_83' title='bbox 1061 1261 1236 1345; x_wconf 80' lang='lat' dir='ltr'>offendent,</span> <span class='ocrx_word' id='word_1_84' title='bbox 1252 1267 1320 1326; x_wconf 82' lang='lat' dir='ltr'>tam</span> <span class='ocrx_word' id='word_1_85' title='bbox 1336 1261 1434 1325; x_wconf 87' lang='lat' dir='ltr'>Vene-</span> 
     </span>
     <span class='ocr_line' id='line_1_12' title="bbox 310 1368 1434 1456; baseline 0 -26"><span class='ocrx_word' id='word_1_86' title='bbox 310 1372 377 1432; x_wconf 93' lang='lat' dir='ltr'>tum</span> <span class='ocrx_word' id='word_1_87' title='bbox 393 1388 490 1451; x_wconf 81' lang='lat' dir='ltr'>quam</span> <span class='ocrx_word' id='word_1_88' title='bbox 506 1368 681 1456; x_wconf 88' lang='lat' dir='ltr'>forensem,</span> <span class='ocrx_word' id='word_1_89' title='bbox 699 1373 758 1438; x_wconf 88' lang='lat' dir='ltr'>sed</span> <span class='ocrx_word' id='word_1_90' title='bbox 773 1373 928 1439; x_wconf 87' lang='lat' dir='ltr'>redibunt</span> <span class='ocrx_word' id='word_1_91' title='bbox 944 1373 1033 1438; x_wconf 84' lang='lat' dir='ltr'>iufra</span> <span class='ocrx_word' id='word_1_92' title='bbox 1049 1370 1152 1436; x_wconf 90' lang='lat' dir='ltr'>dietos</span> <span class='ocrx_word' id='word_1_93' title='bbox 1179 1369 1321 1435; x_wconf 80' lang='lat' dir='ltr'>contines</span> <span class='ocrx_word' id='word_1_94' title='bbox 1343 1387 1434 1450; x_wconf 81' lang='lat' dir='ltr'>quum</span> 
     </span>
     <span class='ocr_line' id='line_1_13' title="bbox 310 1475 1434 1564; baseline 0.001 -25"><span class='ocrx_word' id='word_1_95' title='bbox 310 1475 410 1541; x_wconf 83' lang='lat' dir='ltr'>eteius</span> <span class='ocrx_word' id='word_1_96' title='bbox 427 1484 585 1564; x_wconf 90' lang='lat' dir='ltr'>poterunt.</span> <span class='ocrx_word' id='word_1_97' title='bbox 603 1480 752 1547; x_wconf 79' lang='lat' dir='ltr'>Ceterum</span> <span class='ocrx_word' id='word_1_98' title='bbox 769 1482 797 1546; x_wconf 88' lang='lat' dir='ltr'>si</span> <span class='ocrx_word' id='word_1_99' title='bbox 814 1479 1017 1563; x_wconf 79' lang='lat' dir='ltr'>contingeret</span> <span class='ocrx_word' id='word_1_100' title='bbox 1034 1477 1142 1560; x_wconf 88' lang='lat' dir='ltr'>aliquo</span> <span class='ocrx_word' id='word_1_101' title='bbox 1160 1495 1249 1561; x_wconf 84' lang='lat' dir='ltr'>essu,</span> <span class='ocrx_word' id='word_1_102' title='bbox 1267 1475 1356 1558; x_wconf 91' lang='lat' dir='ltr'>quod</span> <span class='ocrx_word' id='word_1_103' title='bbox 1381 1497 1434 1560; x_wconf 87' lang='lat' dir='ltr'>per</span> 
     </span>
     <span class='ocr_line' id='line_1_14' title="bbox 309 1581 1432 1670; baseline 0.004 -23"><span class='ocrx_word' id='word_1_104' title='bbox 309 1581 429 1648; x_wconf 87' lang='lat' dir='ltr'>dietum</span> <span class='ocrx_word' id='word_1_105' title='bbox 447 1585 610 1652; x_wconf 92' lang='lat' dir='ltr'>dominum</span> <span class='ocrx_word' id='word_1_106' title='bbox 628 1585 782 1653; x_wconf 82' lang='lat' dir='ltr'>Comitem</span> <span class='ocrx_word' id='word_1_107' title='bbox 800 1587 987 1670; x_wconf 78' lang='lat' dir='ltr'>Georgium,</span> <span class='ocrx_word' id='word_1_108' title='bbox 1014 1587 1067 1651; x_wconf 90' lang='lat' dir='ltr'>vel</span> <span class='ocrx_word' id='word_1_109' title='bbox 1084 1605 1142 1669; x_wconf 89' lang='lat' dir='ltr'>per</span> <span class='ocrx_word' id='word_1_110' title='bbox 1168 1585 1310 1666; x_wconf 82' lang='lat' dir='ltr'>aliquem</span> <span class='ocrx_word' id='word_1_111' title='bbox 1337 1588 1432 1652; x_wconf 90' lang='lat' dir='ltr'>homi-</span> 
     </span>
     <span class='ocr_line' id='line_1_15' title="bbox 308 1692 1433 1781; baseline 0.004 -27"><span class='ocrx_word' id='word_1_112' title='bbox 308 1710 380 1757; x_wconf 90' lang='lat' dir='ltr'>nem</span> <span class='ocrx_word' id='word_1_113' title='bbox 396 1692 536 1781; x_wconf 86' lang='lat' dir='ltr'>Almisii,</span> <span class='ocrx_word' id='word_1_114' title='bbox 552 1715 609 1762; x_wconf 89' lang='lat' dir='ltr'>seu</span> <span class='ocrx_word' id='word_1_115' title='bbox 626 1696 843 1762; x_wconf 85' lang='lat' dir='ltr'>subiectorum</span> <span class='ocrx_word' id='word_1_116' title='bbox 860 1715 1001 1779; x_wconf 88' lang='lat' dir='ltr'>suorum,</span> <span class='ocrx_word' id='word_1_117' title='bbox 1019 1694 1149 1758; x_wconf 82' lang='lat' dir='ltr'>deretur</span> <span class='ocrx_word' id='word_1_118' title='bbox 1165 1692 1319 1758; x_wconf 83' lang='lat' dir='ltr'>domnum</span> <span class='ocrx_word' id='word_1_119' title='bbox 1338 1697 1433 1762; x_wconf 80' lang='lat' dir='ltr'>alicui</span> 
     </span>
     <span class='ocr_line' id='line_1_16' title="bbox 307 1797 1432 1887; baseline 0.009 -27"><span class='ocrx_word' id='word_1_120' title='bbox 307 1797 440 1883; x_wconf 89' lang='lat' dir='ltr'>Veneto,</span> <span class='ocrx_word' id='word_1_121' title='bbox 457 1802 611 1887; x_wconf 74' lang='lat' dir='ltr'>subjecto,</span> <span class='ocrx_word' id='word_1_122' title='bbox 629 1802 716 1869; x_wconf 91' lang='lat' dir='ltr'>fideli</span> <span class='ocrx_word' id='word_1_123' title='bbox 732 1821 791 1868; x_wconf 87' lang='lat' dir='ltr'>seu</span> <span class='ocrx_word' id='word_1_124' title='bbox 807 1803 1001 1870; x_wconf 80' lang='lat' dir='ltr'>districtuali</span> <span class='ocrx_word' id='word_1_125' title='bbox 1017 1802 1096 1866; x_wconf 88' lang='lat' dir='ltr'>dieti</span> <span class='ocrx_word' id='word_1_126' title='bbox 1123 1801 1247 1866; x_wconf 89' lang='lat' dir='ltr'>demini</span> <span class='ocrx_word' id='word_1_127' title='bbox 1274 1803 1377 1868; x_wconf 90' lang='lat' dir='ltr'>Dueis</span> <span class='ocrx_word' id='word_1_128' title='bbox 1404 1815 1432 1869; x_wconf 88' lang='lat' dir='ltr'>et</span> 
     </span>
     <span class='ocr_line' id='line_1_17' title="bbox 307 1902 1432 1994; baseline 0.005 -25"><span class='ocrx_word' id='word_1_129' title='bbox 307 1902 489 1972; x_wconf 86' lang='lat' dir='ltr'>Communis</span> <span class='ocrx_word' id='word_1_130' title='bbox 508 1909 740 1994; x_wconf 80' lang='lat' dir='ltr'>Veneeiarum3</span> <span class='ocrx_word' id='word_1_131' title='bbox 759 1911 845 1994; x_wconf 91' lang='lat' dir='ltr'>quod</span> <span class='ocrx_word' id='word_1_132' title='bbox 872 1912 941 1994; x_wconf 88' lang='lat' dir='ltr'>ipse</span> <span class='ocrx_word' id='word_1_133' title='bbox 957 1908 1105 1975; x_wconf 90' lang='lat' dir='ltr'>dominus</span> <span class='ocrx_word' id='word_1_134' title='bbox 1133 1908 1247 1974; x_wconf 81' lang='lat' dir='ltr'>(lomes</span> <span class='ocrx_word' id='word_1_135' title='bbox 1274 1907 1432 1992; x_wconf 83' lang='lat' dir='ltr'>Georgius</span> 
     </span>
     <span class='ocr_line' id='line_1_18' title="bbox 306 2015 1432 2102; baseline 0.005 -26"><span class='ocrx_word' id='word_1_136' title='bbox 306 2017 454 2080; x_wconf 85' lang='lat' dir='ltr'>teneatur</span> <span class='ocrx_word' id='word_1_137' title='bbox 470 2022 574 2081; x_wconf 91' lang='lat' dir='ltr'>totum</span> <span class='ocrx_word' id='word_1_138' title='bbox 591 2017 745 2082; x_wconf 86' lang='lat' dir='ltr'>damnum</span> <span class='ocrx_word' id='word_1_139' title='bbox 762 2018 946 2102; x_wconf 86' lang='lat' dir='ltr'>emendare,</span> <span class='ocrx_word' id='word_1_140' title='bbox 964 2017 1016 2082; x_wconf 87' lang='lat' dir='ltr'>vel</span> <span class='ocrx_word' id='word_1_141' title='bbox 1042 2016 1122 2081; x_wconf 85' lang='lat' dir='ltr'>dare</span> <span class='ocrx_word' id='word_1_142' title='bbox 1148 2015 1235 2099; x_wconf 90' lang='lat' dir='ltr'>illos,</span> <span class='ocrx_word' id='word_1_143' title='bbox 1262 2016 1318 2096; x_wconf 87' lang='lat' dir='ltr'>qui</span> <span class='ocrx_word' id='word_1_144' title='bbox 1345 2017 1432 2082; x_wconf 87' lang='lat' dir='ltr'>dum-</span> 
     </span>
     <span class='ocr_line' id='line_1_19' title="bbox 305 2121 1432 2211; baseline 0.005 -29"><span class='ocrx_word' id='word_1_145' title='bbox 305 2122 565 2208; x_wconf 89' lang='lat' dir='ltr'>numdederunt,</span> <span class='ocrx_word' id='word_1_146' title='bbox 584 2125 782 2190; x_wconf 82' lang='lat' dir='ltr'>inmunibus</span> <span class='ocrx_word' id='word_1_147' title='bbox 808 2125 887 2191; x_wconf 90' lang='lat' dir='ltr'>dieti</span> <span class='ocrx_word' id='word_1_148' title='bbox 919 2123 1040 2189; x_wconf 91' lang='lat' dir='ltr'>domini</span> <span class='ocrx_word' id='word_1_149' title='bbox 1073 2122 1172 2189; x_wconf 88' lang='lat' dir='ltr'>Dueis</span> <span class='ocrx_word' id='word_1_150' title='bbox 1207 2121 1432 2211; x_wconf 86' lang='lat' dir='ltr'>Veneeisrum,</span> 
     </span>
     <span class='ocr_line' id='line_1_20' title="bbox 305 2227 1432 2320; baseline 0.004 -28"><span class='ocrx_word' id='word_1_151' title='bbox 305 2227 391 2294; x_wconf 83' lang='lat' dir='ltr'>iutra</span> <span class='ocrx_word' id='word_1_152' title='bbox 409 2229 508 2295; x_wconf 89' lang='lat' dir='ltr'>XXX</span> <span class='ocrx_word' id='word_1_153' title='bbox 533 2231 603 2296; x_wconf 87' lang='lat' dir='ltr'>dies</span> <span class='ocrx_word' id='word_1_154' title='bbox 628 2233 801 2320; x_wconf 84' lang='lat' dir='ltr'>proximos,</span> <span class='ocrx_word' id='word_1_155' title='bbox 828 2240 998 2317; x_wconf 80' lang='lat' dir='ltr'>postquam</span> <span class='ocrx_word' id='word_1_156' title='bbox 1016 2239 1048 2296; x_wconf 89' lang='lat' dir='ltr'>et</span> <span class='ocrx_word' id='word_1_157' title='bbox 1074 2233 1158 2296; x_wconf 85' lang='lat' dir='ltr'>siout</span> <span class='ocrx_word' id='word_1_158' title='bbox 1183 2249 1241 2315; x_wconf 88' lang='lat' dir='ltr'>per</span> <span class='ocrx_word' id='word_1_159' title='bbox 1267 2230 1432 2297; x_wconf 91' lang='lat' dir='ltr'>domiuum</span> 
     </span>
     <span class='ocr_line' id='line_1_21' title="bbox 306 2337 1432 2427; baseline 0.005 -28"><span class='ocrx_word' id='word_1_160' title='bbox 306 2337 427 2402; x_wconf 82' lang='lat' dir='ltr'>Ducem</span> <span class='ocrx_word' id='word_1_161' title='bbox 460 2338 674 2405; x_wconf 86' lang='lat' dir='ltr'>Veneeiarum</span> <span class='ocrx_word' id='word_1_162' title='bbox 704 2341 887 2427; x_wconf 86' lang='lat' dir='ltr'>predictum</span> <span class='ocrx_word' id='word_1_163' title='bbox 919 2340 1018 2405; x_wconf 84' lang='lat' dir='ltr'>fuerit</span> <span class='ocrx_word' id='word_1_164' title='bbox 1052 2338 1243 2422; x_wconf 84' lang='lat' dir='ltr'>requisitus;</span> <span class='ocrx_word' id='word_1_165' title='bbox 1276 2339 1432 2406; x_wconf 87' lang='lat' dir='ltr'>redeunte</span> 
     </span>
     <span class='ocr_line' id='line_1_22' title="bbox 302 2443 1431 2532; baseline 0.002 -24"><span class='ocrx_word' id='word_1_166' title='bbox 302 2443 392 2526; x_wconf 89' lang='lat' dir='ltr'>ligno</span> <span class='ocrx_word' id='word_1_167' title='bbox 409 2445 494 2528; x_wconf 92' lang='lat' dir='ltr'>quod</span> <span class='ocrx_word' id='word_1_168' title='bbox 511 2445 636 2513; x_wconf 87' lang='lat' dir='ltr'>dederit</span> <span class='ocrx_word' id='word_1_169' title='bbox 652 2449 814 2532; x_wconf 84' lang='lat' dir='ltr'>damnum,</span> <span class='ocrx_word' id='word_1_170' title='bbox 830 2449 863 2512; x_wconf 93' lang='lat' dir='ltr'>in</span> <span class='ocrx_word' id='word_1_171' title='bbox 889 2447 1072 2530; x_wconf 86' lang='lat' dir='ltr'>Almisium,</span> <span class='ocrx_word' id='word_1_172' title='bbox 1100 2447 1151 2512; x_wconf 86' lang='lat' dir='ltr'>vel</span> <span class='ocrx_word' id='word_1_173' title='bbox 1177 2446 1358 2512; x_wconf 90' lang='lat' dir='ltr'>hominibus</span> <span class='ocrx_word' id='word_1_174' title='bbox 1385 2449 1431 2532; x_wconf 91' lang='lat' dir='ltr'>ip-</span> 
     </span>
     <span class='ocr_line' id='line_1_23' title="bbox 304 2553 1429 2644; baseline 0.005 -26"><span class='ocrx_word' id='word_1_175' title='bbox 304 2553 380 2639; x_wconf 89' lang='lat' dir='ltr'>sius,</span> <span class='ocrx_word' id='word_1_176' title='bbox 397 2563 455 2620; x_wconf 86' lang='lat' dir='ltr'>aut</span> <span class='ocrx_word' id='word_1_177' title='bbox 472 2557 683 2643; x_wconf 77' lang='lat' dir='ltr'>disterieotis,</span> <span class='ocrx_word' id='word_1_178' title='bbox 708 2565 760 2626; x_wconf 90' lang='lat' dir='ltr'>vel</span> <span class='ocrx_word' id='word_1_179' title='bbox 778 2561 885 2626; x_wconf 87' lang='lat' dir='ltr'>missis</span> <span class='ocrx_word' id='word_1_180' title='bbox 903 2561 998 2625; x_wconf 86' lang='lat' dir='ltr'>rebus</span> <span class='ocrx_word' id='word_1_181' title='bbox 1016 2560 1159 2642; x_wconf 87' lang='lat' dir='ltr'>aeeeptis</span> <span class='ocrx_word' id='word_1_182' title='bbox 1187 2559 1221 2622; x_wconf 93' lang='lat' dir='ltr'>in</span> <span class='ocrx_word' id='word_1_183' title='bbox 1248 2557 1429 2644; x_wconf 89' lang='lat' dir='ltr'>Almisium,</span> 
     </span>
     <span class='ocr_line' id='line_1_24' title="bbox 228 2662 1432 2752; baseline 0.004 -27"><span class='ocrx_word' id='word_1_184' title='bbox 228 2688 229 2692; x_wconf 43' lang='lat'>¹</span> <span class='ocrx_word' id='word_1_185' title='bbox 303 2662 356 2726; x_wconf 88' lang='lat' dir='ltr'>vel</span> <span class='ocrx_word' id='word_1_186' title='bbox 375 2663 519 2731; x_wconf 81' lang='lat' dir='ltr'>interris</span> <span class='ocrx_word' id='word_1_187' title='bbox 537 2667 760 2752; x_wconf 85' lang='lat' dir='ltr'>fidejussorum</span> <span class='ocrx_word' id='word_1_188' title='bbox 787 2669 838 2732; x_wconf 83' lang='lat' dir='ltr'>rel</span> <span class='ocrx_word' id='word_1_189' title='bbox 866 2667 1089 2731; x_wconf 80' lang='lat' dir='ltr'>Communium</span> <span class='ocrx_word' id='word_1_190' title='bbox 1117 2664 1202 2730; x_wconf 83' lang='lat' dir='ltr'>infru</span> <span class='ocrx_word' id='word_1_191' title='bbox 1226 2665 1432 2751; x_wconf 89' lang='lat' dir='ltr'>seriptorum,</span> 
     </span>
     <span class='ocr_line' id='line_1_25' title="bbox 301 2771 1430 2859; baseline 0.005 -25"><span class='ocrx_word' id='word_1_192' title='bbox 301 2771 354 2834; x_wconf 86' lang='lat' dir='ltr'>vel</span> <span class='ocrx_word' id='word_1_193' title='bbox 385 2771 419 2833; x_wconf 89' lang='lat' dir='ltr'>in</span> <span class='ocrx_word' id='word_1_194' title='bbox 452 2775 544 2839; x_wconf 87' lang='lat' dir='ltr'>terris</span> <span class='ocrx_word' id='word_1_195' title='bbox 573 2775 647 2841; x_wconf 84' lang='lat' dir='ltr'>aliis</span> <span class='ocrx_word' id='word_1_196' title='bbox 675 2775 829 2859; x_wconf 81' lang='lat' dir='ltr'>subjectis</span> <span class='ocrx_word' id='word_1_197' title='bbox 857 2773 999 2858; x_wconf 85' lang='lat' dir='ltr'>predicto</span> <span class='ocrx_word' id='word_1_198' title='bbox 1027 2773 1143 2838; x_wconf 85' lang='lat' dir='ltr'>Gomiti</span> <span class='ocrx_word' id='word_1_199' title='bbox 1183 2773 1323 2856; x_wconf 84' lang='lat' dir='ltr'>Georgio</span> <span class='ocrx_word' id='word_1_200' title='bbox 1350 2795 1430 2857; x_wconf 88' lang='lat' dir='ltr'>qno·</span> 
     </span>
     <span class='ocr_line' id='line_1_26' title="bbox 301 2880 1432 2966; baseline 0.004 -24"><span class='ocrx_word' id='word_1_201' title='bbox 301 2897 435 2961; x_wconf 89' lang='lat' dir='ltr'>eumque</span> <span class='ocrx_word' id='word_1_202' title='bbox 452 2883 546 2946; x_wconf 92' lang='lat' dir='ltr'>modo</span> <span class='ocrx_word' id='word_1_203' title='bbox 561 2907 568 2966; x_wconf 86' lang='lat'>;</span> <span class='ocrx_word' id='word_1_204' title='bbox 586 2883 731 2965; x_wconf 86' lang='lat' dir='ltr'>alioquin</span> <span class='ocrx_word' id='word_1_205' title='bbox 748 2885 789 2949; x_wconf 84' lang='lat' dir='ltr'>ab</span> <span class='ocrx_word' id='word_1_206' title='bbox 806 2883 916 2947; x_wconf 92' lang='lat' dir='ltr'>ultimo</span> <span class='ocrx_word' id='word_1_207' title='bbox 937 2883 988 2947; x_wconf 91' lang='lat' dir='ltr'>die</span> <span class='ocrx_word' id='word_1_208' title='bbox 1014 2883 1156 2964; x_wconf 88' lang='lat' dir='ltr'>ipsorum</span> <span class='ocrx_word' id='word_1_209' title='bbox 1182 2880 1277 2945; x_wconf 87' lang='lat' dir='ltr'>XXX</span> <span class='ocrx_word' id='word_1_210' title='bbox 1305 2881 1432 2948; x_wconf 89' lang='lat' dir='ltr'>dierum</span> 
     </span>
     <span class='ocr_line' id='line_1_27' title="bbox 301 2988 1432 3076; baseline 0.004 -26"><span class='ocrx_word' id='word_1_211' title='bbox 301 2988 334 3050; x_wconf 94' lang='lat' dir='ltr'>in</span> <span class='ocrx_word' id='word_1_212' title='bbox 352 2996 447 3056; x_wconf 82' lang='lat' dir='ltr'>antea</span> <span class='ocrx_word' id='word_1_213' title='bbox 463 2989 560 3056; x_wconf 84' lang='lat' dir='ltr'>eadat</span> <span class='ocrx_word' id='word_1_214' title='bbox 576 2990 619 3055; x_wconf 84' lang='lat' dir='ltr'>ad</span> <span class='ocrx_word' id='word_1_215' title='bbox 635 3011 753 3076; x_wconf 86' lang='lat' dir='ltr'>penam</span> <span class='ocrx_word' id='word_1_216' title='bbox 771 2989 1022 3074; x_wconf 80' lang='lat' dir='ltr'>infrascriptam,</span> <span class='ocrx_word' id='word_1_217' title='bbox 1041 2997 1072 3054; x_wconf 90' lang='lat' dir='ltr'>et</span> <span class='ocrx_word' id='word_1_218' title='bbox 1082 2989 1310 3054; x_wconf 82' lang='lat' dir='ltr'>nichilominus</span> <span class='ocrx_word' id='word_1_219' title='bbox 1321 2997 1432 3054; x_wconf 86' lang='lat' dir='ltr'>tenea-</span> 
     </span>
     <span class='ocr_line' id='line_1_28' title="bbox 300 3096 1431 3183; baseline -0.001 -22"><span class='ocrx_word' id='word_1_220' title='bbox 300 3103 350 3162; x_wconf 90' lang='lat' dir='ltr'>tur</span> <span class='ocrx_word' id='word_1_221' title='bbox 366 3096 519 3165; x_wconf 84' lang='lat' dir='ltr'>damnum</span> <span class='ocrx_word' id='word_1_222' title='bbox 536 3101 661 3183; x_wconf 84' lang='lat' dir='ltr'>integre</span> <span class='ocrx_word' id='word_1_223' title='bbox 688 3098 861 3165; x_wconf 84' lang='lat' dir='ltr'>emendare</span> <span class='ocrx_word' id='word_1_224' title='bbox 878 3107 909 3164; x_wconf 92' lang='lat' dir='ltr'>et</span> <span class='ocrx_word' id='word_1_225' title='bbox 934 3099 1122 3178; x_wconf 74' lang='lat' dir='ltr'>restituere,</span> <span class='ocrx_word' id='word_1_226' title='bbox 1152 3104 1183 3160; x_wconf 88' lang='lat' dir='ltr'>et</span> <span class='ocrx_word' id='word_1_227' title='bbox 1208 3097 1235 3161; x_wconf 88' lang='lat' dir='ltr'>si</span> <span class='ocrx_word' id='word_1_228' title='bbox 1262 3099 1431 3162; x_wconf 78' lang='lat' dir='ltr'>accideret</span> 
     </span>
     <span class='ocr_line' id='line_1_29' title="bbox 298 3204 1432 3293; baseline -0.002 -23"><span class='ocrx_word' id='word_1_229' title='bbox 298 3205 384 3288; x_wconf 85' lang='lat' dir='ltr'>quod</span> <span class='ocrx_word' id='word_1_230' title='bbox 401 3205 462 3293; x_wconf 94' lang='lat' dir='ltr'>illi,</span> <span class='ocrx_word' id='word_1_231' title='bbox 477 3206 534 3288; x_wconf 86' lang='lat' dir='ltr'>qni</span> <span class='ocrx_word' id='word_1_232' title='bbox 550 3207 766 3273; x_wconf 82' lang='lat' dir='ltr'>commiserint</span> <span class='ocrx_word' id='word_1_233' title='bbox 790 3207 843 3274; x_wconf 90' lang='lat' dir='ltr'>vel</span> <span class='ocrx_word' id='word_1_234' title='bbox 869 3206 1019 3272; x_wconf 88' lang='lat' dir='ltr'>dederint</span> <span class='ocrx_word' id='word_1_235' title='bbox 1036 3204 1188 3270; x_wconf 82' lang='lat' dir='ltr'>damnum</span> <span class='ocrx_word' id='word_1_236' title='bbox 1205 3225 1268 3270; x_wconf 92' lang='lat' dir='ltr'>non</span> <span class='ocrx_word' id='word_1_237' title='bbox 1295 3215 1432 3287; x_wconf 87' lang='lat' dir='ltr'>possent</span> 
     </span>
     <span class='ocr_line' id='line_1_30' title="bbox 297 3307 1431 3397; baseline 0.001 -21"><span class='ocrx_word' id='word_1_238' title='bbox 297 3312 424 3380; x_wconf 84' lang='lat' dir='ltr'>soluere</span> <span class='ocrx_word' id='word_1_239' title='bbox 438 3313 492 3378; x_wconf 87' lang='lat' dir='ltr'>vel</span> <span class='ocrx_word' id='word_1_240' title='bbox 510 3312 689 3396; x_wconf 90' lang='lat' dir='ltr'>restituere,</span> <span class='ocrx_word' id='word_1_241' title='bbox 707 3314 792 3395; x_wconf 91' lang='lat' dir='ltr'>quod</span> <span class='ocrx_word' id='word_1_242' title='bbox 811 3317 1015 3397; x_wconf 78' lang='lat' dir='ltr'>aeceperunt,</span> <span class='ocrx_word' id='word_1_243' title='bbox 1032 3307 1118 3376; x_wconf 86' lang='lat' dir='ltr'>datis</span> <span class='ocrx_word' id='word_1_244' title='bbox 1135 3309 1216 3392; x_wconf 85' lang='lat' dir='ltr'>ipsis</span> <span class='ocrx_word' id='word_1_245' title='bbox 1241 3311 1431 3377; x_wconf 86' lang='lat' dir='ltr'>hominibus</span> 
     </span>
     <span class='ocr_line' id='line_1_31' title="bbox 296 3417 1430 3508; baseline 0.001 -27"><span class='ocrx_word' id='word_1_246' title='bbox 296 3419 328 3482; x_wconf 94' lang='lat' dir='ltr'>iu</span> <span class='ocrx_word' id='word_1_247' title='bbox 345 3439 458 3488; x_wconf 82' lang='lat' dir='ltr'>manus</span> <span class='ocrx_word' id='word_1_248' title='bbox 475 3421 551 3489; x_wconf 88' lang='lat' dir='ltr'>dieti</span> <span class='ocrx_word' id='word_1_249' title='bbox 569 3423 690 3490; x_wconf 90' lang='lat' dir='ltr'>domini</span> <span class='ocrx_word' id='word_1_250' title='bbox 706 3424 817 3508; x_wconf 83' lang='lat' dir='ltr'>Ducis,</span> <span class='ocrx_word' id='word_1_251' title='bbox 836 3422 990 3488; x_wconf 90' lang='lat' dir='ltr'>liberetur</span> <span class='ocrx_word' id='word_1_252' title='bbox 1007 3419 1171 3504; x_wconf 76' lang='lat' dir='ltr'>predictus</span> <span class='ocrx_word' id='word_1_253' title='bbox 1188 3417 1337 3485; x_wconf 87' lang='lat' dir='ltr'>domiuus</span> <span class='ocrx_word' id='word_1_254' title='bbox 1369 3420 1430 3484; x_wconf 82' lang='lat' dir='ltr'>Co-</span> 
     </span>
     <span class='ocr_line' id='line_1_32' title="bbox 296 3527 1417 3616; baseline -0.001 -25"><span class='ocrx_word' id='word_1_255' title='bbox 296 3547 363 3594; x_wconf 88' lang='lat' dir='ltr'>mes</span> <span class='ocrx_word' id='word_1_256' title='bbox 381 3529 539 3616; x_wconf 80' lang='lat' dir='ltr'>Georgius</span> <span class='ocrx_word' id='word_1_257' title='bbox 556 3553 576 3597; x_wconf 85' lang='lat' dir='ltr'><strong>a</strong></span> <span class='ocrx_word' id='word_1_258' title='bbox 593 3532 713 3598; x_wconf 85' lang='lat' dir='ltr'>damno</span> <span class='ocrx_word' id='word_1_259' title='bbox 730 3530 810 3596; x_wconf 82' lang='lat' dir='ltr'>dato</span> <span class='ocrx_word' id='word_1_260' title='bbox 838 3539 869 3596; x_wconf 91' lang='lat' dir='ltr'>et</span> <span class='ocrx_word' id='word_1_261' title='bbox 895 3550 991 3615; x_wconf 89' lang='lat' dir='ltr'>pena.</span> <span class='ocrx_word' id='word_1_262' title='bbox 1018 3531 1155 3614; x_wconf 89' lang='lat' dir='ltr'>Insuper</span> <span class='ocrx_word' id='word_1_263' title='bbox 1181 3527 1345 3613; x_wconf 81' lang='lat' dir='ltr'>predictus</span> <span class='ocrx_word' id='word_1_264' title='bbox 1374 3529 1417 3592; x_wconf 93' lang='lat' dir='ltr'>do</span> 
     </span>
     <span class='ocr_line' id='line_1_33' title="bbox 296 3636 1430 3727; baseline -0.001 -26"><span class='ocrx_word' id='word_1_265' title='bbox 296 3639 402 3705; x_wconf 85' lang='lat' dir='ltr'>minus</span> <span class='ocrx_word' id='word_1_266' title='bbox 420 3640 580 3725; x_wconf 87' lang='lat' dir='ltr'>Georgius</span> <span class='ocrx_word' id='word_1_267' title='bbox 598 3642 712 3708; x_wconf 83' lang='lat' dir='ltr'>Comes</span> <span class='ocrx_word' id='word_1_268' title='bbox 729 3659 847 3727; x_wconf 87' lang='lat' dir='ltr'>perse,</span> <span class='ocrx_word' id='word_1_269' title='bbox 865 3645 897 3706; x_wconf 90' lang='lat' dir='ltr'>et</span> <span class='ocrx_word' id='word_1_270' title='bbox 914 3659 998 3724; x_wconf 86' lang='lat' dir='ltr'>suos,</span> <span class='ocrx_word' id='word_1_271' title='bbox 1016 3647 1047 3703; x_wconf 91' lang='lat' dir='ltr'>et</span> <span class='ocrx_word' id='word_1_272' title='bbox 1063 3637 1199 3704; x_wconf 86' lang='lat' dir='ltr'>nomine</span> <span class='ocrx_word' id='word_1_273' title='bbox 1210 3636 1377 3705; x_wconf 91' lang='lat' dir='ltr'>hominum</span> <span class='ocrx_word' id='word_1_274' title='bbox 1397 3647 1430 3702; x_wconf 89' lang='lat' dir='ltr'>et</span> 
     </span>
     <span class='ocr_line' id='line_1_34' title="bbox 296 3745 1430 3835; baseline -0.004 -22"><span class='ocrx_word' id='word_1_275' title='bbox 296 3747 449 3814; x_wconf 85' lang='lat' dir='ltr'>Gomunis</span> <span class='ocrx_word' id='word_1_276' title='bbox 466 3749 603 3834; x_wconf 89' lang='lat' dir='ltr'>Almisij,</span> <span class='ocrx_word' id='word_1_277' title='bbox 614 3759 650 3815; x_wconf 90' lang='lat' dir='ltr'>ut</span> <span class='ocrx_word' id='word_1_278' title='bbox 659 3749 838 3835; x_wconf 88' lang='lat' dir='ltr'>prodietum</span> <span class='ocrx_word' id='word_1_279' title='bbox 851 3757 909 3834; x_wconf 88' lang='lat' dir='ltr'>est,</span> <span class='ocrx_word' id='word_1_280' title='bbox 916 3747 1042 3831; x_wconf 82' lang='lat' dir='ltr'>juravit</span> <span class='ocrx_word' id='word_1_281' title='bbox 1052 3747 1095 3812; x_wconf 85' lang='lat' dir='ltr'>ad</span> <span class='ocrx_word' id='word_1_282' title='bbox 1107 3747 1226 3813; x_wconf 80' lang='lat' dir='ltr'>Sourta</span> <span class='ocrx_word' id='word_1_283' title='bbox 1238 3745 1304 3810; x_wconf 89' lang='lat' dir='ltr'>Dei</span> <span class='ocrx_word' id='word_1_284' title='bbox 1320 3745 1430 3811; x_wconf 79' lang='lat' dir='ltr'>Euan·</span> 
     </span>
     <span class='ocr_line' id='line_1_35' title="bbox 300 3857 1430 3942; baseline -0.004 -21"><span class='ocrx_word' id='word_1_285' title='bbox 300 3857 388 3938; x_wconf 83' lang='lat' dir='ltr'>golia</span> <span class='ocrx_word' id='word_1_286' title='bbox 405 3857 615 3942; x_wconf 78' lang='lat' dir='ltr'>corporaliter</span> <span class='ocrx_word' id='word_1_287' title='bbox 631 3864 718 3922; x_wconf 79' lang='lat' dir='ltr'>teoto</span> <span class='ocrx_word' id='word_1_288' title='bbox 745 3858 826 3923; x_wconf 90' lang='lat' dir='ltr'>libro</span> <span class='ocrx_word' id='word_1_289' title='bbox 842 3859 874 3922; x_wconf 92' lang='lat' dir='ltr'>in</span> <span class='ocrx_word' id='word_1_290' title='bbox 893 3858 1034 3922; x_wconf 84' lang='lat' dir='ltr'>unimam</span> <span class='ocrx_word' id='word_1_291' title='bbox 1061 3859 1201 3921; x_wconf 75' lang='lat' dir='ltr'>meamet</span> <span class='ocrx_word' id='word_1_292' title='bbox 1225 3871 1366 3934; x_wconf 91' lang='lat' dir='ltr'>suorum,</span> <span class='ocrx_word' id='word_1_293' title='bbox 1396 3861 1430 3917; x_wconf 85' lang='lat' dir='ltr'>et</span> 
     </span>
     <span class='ocr_line' id='line_1_36' title="bbox 301 3959 1429 4050; baseline -0.001 -24"><span class='ocrx_word' id='word_1_294' title='bbox 301 3962 465 4030; x_wconf 90' lang='lat' dir='ltr'>hominum</span> <span class='ocrx_word' id='word_1_295' title='bbox 483 3965 700 4050; x_wconf 83' lang='lat' dir='ltr'>predictorum</span> <span class='ocrx_word' id='word_1_296' title='bbox 712 3964 855 4050; x_wconf 87' lang='lat' dir='ltr'>Almisij,</span> <span class='ocrx_word' id='word_1_297' title='bbox 874 3963 1052 4044; x_wconf 85' lang='lat' dir='ltr'>attendere,</span> <span class='ocrx_word' id='word_1_298' title='bbox 1080 3965 1257 4028; x_wconf 87' lang='lat' dir='ltr'>obseruare</span> <span class='ocrx_word' id='word_1_299' title='bbox 1272 3967 1306 4024; x_wconf 91' lang='lat' dir='ltr'>et</span> <span class='ocrx_word' id='word_1_300' title='bbox 1322 3959 1429 4025; x_wconf 85' lang='lat' dir='ltr'>adinr-</span> 
     </span>
     <span class='ocr_line' id='line_1_37' title="bbox 296 4068 1429 4156; baseline -0.004 -18"><span class='ocrx_word' id='word_1_301' title='bbox 296 4075 395 4156; x_wconf 87' lang='lat' dir='ltr'>plere,</span> <span class='ocrx_word' id='word_1_302' title='bbox 416 4095 454 4141; x_wconf 85' lang='lat' dir='ltr'>ae</span> <span class='ocrx_word' id='word_1_303' title='bbox 471 4075 597 4142; x_wconf 82' lang='lat' dir='ltr'>attendi</span> <span class='ocrx_word' id='word_1_304' title='bbox 613 4081 645 4141; x_wconf 90' lang='lat' dir='ltr'>et</span> <span class='ocrx_word' id='word_1_305' title='bbox 671 4075 841 4140; x_wconf 86' lang='lat' dir='ltr'>obseruari</span> <span class='ocrx_word' id='word_1_306' title='bbox 868 4079 900 4138; x_wconf 89' lang='lat' dir='ltr'>et</span> <span class='ocrx_word' id='word_1_307' title='bbox 916 4070 1087 4156; x_wconf 87' lang='lat' dir='ltr'>adimpleri</span> <span class='ocrx_word' id='word_1_308' title='bbox 1121 4069 1228 4135; x_wconf 83' lang='lat' dir='ltr'>faeere</span> <span class='ocrx_word' id='word_1_309' title='bbox 1254 4068 1365 4135; x_wconf 86' lang='lat' dir='ltr'>omnia</span> <span class='ocrx_word' id='word_1_310' title='bbox 1394 4077 1429 4133; x_wconf 87' lang='lat' dir='ltr'>et</span> 
     </span>
     <span class='ocr_line' id='line_1_38' title="bbox 293 4177 1430 4269; baseline -0.004 -24"><span class='ocrx_word' id='word_1_311' title='bbox 293 4181 423 4266; x_wconf 81' lang='lat' dir='ltr'>singula</span> <span class='ocrx_word' id='word_1_312' title='bbox 440 4185 671 4269; x_wconf 78' lang='lat' dir='ltr'>suprascript-a,</span> <span class='ocrx_word' id='word_1_313' title='bbox 683 4189 715 4247; x_wconf 88' lang='lat' dir='ltr'>et</span> <span class='ocrx_word' id='word_1_314' title='bbox 727 4203 793 4249; x_wconf 92' lang='lat' dir='ltr'>non</span> <span class='ocrx_word' id='word_1_315' title='bbox 810 4179 1043 4264; x_wconf 82' lang='lat' dir='ltr'>eontrafeeere,</span> <span class='ocrx_word' id='word_1_316' title='bbox 1056 4179 1107 4244; x_wconf 85' lang='lat' dir='ltr'>vel</span> <span class='ocrx_word' id='word_1_317' title='bbox 1120 4179 1230 4246; x_wconf 86' lang='lat' dir='ltr'>venire</span> <span class='ocrx_word' id='word_1_318' title='bbox 1241 4197 1299 4260; x_wconf 90' lang='lat' dir='ltr'>per</span> <span class='ocrx_word' id='word_1_319' title='bbox 1314 4195 1360 4260; x_wconf 88' lang='lat' dir='ltr'>se,</span> <span class='ocrx_word' id='word_1_320' title='bbox 1372 4177 1430 4242; x_wconf 84' lang='lat' dir='ltr'>vel</span> 
     </span>
     <span class='ocr_line' id='line_1_39' title="bbox 291 4283 1430 4378; baseline -0.007 -22"><span class='ocrx_word' id='word_1_321' title='bbox 291 4311 349 4375; x_wconf 89' lang='lat' dir='ltr'>por</span> <span class='ocrx_word' id='word_1_322' title='bbox 365 4291 458 4378; x_wconf 86' lang='lat' dir='ltr'>alios,</span> <span class='ocrx_word' id='word_1_323' title='bbox 476 4291 589 4376; x_wconf 82' lang='lat' dir='ltr'>aliqua</span> <span class='ocrx_word' id='word_1_324' title='bbox 604 4291 746 4372; x_wconf 80' lang='lat' dir='ltr'>rarione,</span> <span class='ocrx_word' id='word_1_325' title='bbox 773 4290 915 4375; x_wconf 88' lang='lat' dir='ltr'>ingenio,</span> <span class='ocrx_word' id='word_1_326' title='bbox 943 4289 1013 4354; x_wconf 85' lang='lat' dir='ltr'>sive</span> <span class='ocrx_word' id='word_1_327' title='bbox 1039 4309 1138 4356; x_wconf 82' lang='lat' dir='ltr'>eausa</span> <span class='ocrx_word' id='word_1_328' title='bbox 1164 4289 1225 4353; x_wconf 90' lang='lat' dir='ltr'>sub</span> <span class='ocrx_word' id='word_1_329' title='bbox 1251 4304 1339 4369; x_wconf 81' lang='lat' dir='ltr'>pena</span> <span class='ocrx_word' id='word_1_330' title='bbox 1363 4283 1430 4348; x_wconf 87' lang='lat' dir='ltr'>lib.</span> 
     </span>
     <span class='ocr_line' id='line_1_40' title="bbox 290 4391 1430 4480; baseline -0.012 -10"><span class='ocrx_word' id='word_1_331' title='bbox 290 4403 351 4470; x_wconf 90' lang='lat' dir='ltr'>XV</span> <span class='ocrx_word' id='word_1_332' title='bbox 378 4399 516 4467; x_wconf 88' lang='lat' dir='ltr'>millium</span> <span class='ocrx_word' id='word_1_333' title='bbox 552 4401 759 4466; x_wconf 84' lang='lat' dir='ltr'>denariorum</span> <span class='ocrx_word' id='word_1_334' title='bbox 785 4397 979 4462; x_wconf 86' lang='lat' dir='ltr'>Venetorum</span> <span class='ocrx_word' id='word_1_335' title='bbox 1009 4415 1193 4480; x_wconf 84' lang='lat' dir='ltr'>parvorum,</span> <span class='ocrx_word' id='word_1_336' title='bbox 1221 4411 1286 4476; x_wconf 83' lang='lat' dir='ltr'>qua</span> <span class='ocrx_word' id='word_1_337' title='bbox 1314 4391 1430 4458; x_wconf 82' lang='lat' dir='ltr'>soluta</span> 
     </span>
     <span class='ocr_line' id='line_1_41' title="bbox 247 4504 1427 4601; baseline -0.008 -24"><span class='ocrx_word' id='word_1_338' title='bbox 247 4599 249 4601; x_wconf 20' lang='grc'><strong>,</strong></span> <span class='ocrx_word' id='word_1_339' title='bbox 290 4510 495 4596; x_wconf 88' lang='lat' dir='ltr'>fidejussores</span> <span class='ocrx_word' id='word_1_340' title='bbox 514 4509 713 4596; x_wconf 83' lang='lat' dir='ltr'>infrascripti</span> <span class='ocrx_word' id='word_1_341' title='bbox 728 4509 793 4576; x_wconf 88' lang='lat' dir='ltr'>sint</span> <span class='ocrx_word' id='word_1_342' title='bbox 813 4505 965 4574; x_wconf 83' lang='lat' dir='ltr'>absoluti.</span> <span class='ocrx_word' id='word_1_343' title='bbox 984 4507 1025 4572; x_wconf 83' lang='lat' dir='ltr'>Et</span> <span class='ocrx_word' id='word_1_344' title='bbox 1041 4506 1101 4572; x_wconf 89' lang='lat' dir='ltr'>lroe</span> <span class='ocrx_word' id='word_1_345' title='bbox 1129 4504 1204 4571; x_wconf 90' lang='lat' dir='ltr'>dum</span> <span class='ocrx_word' id='word_1_346' title='bbox 1233 4511 1320 4568; x_wconf 84' lang='lat' dir='ltr'>terre</span> <span class='ocrx_word' id='word_1_347' title='bbox 1347 4523 1427 4586; x_wconf 88' lang='lat' dir='ltr'>pre-</span> 
     </span>
    </p>
   </div>
   <div class='ocr_carea' id='block_1_4' title="bbox 0 0 1560 5158">
    <p class='ocr_par' dir='ltr' id='par_1_4' title="bbox 0 0 1560 5158">
     <span class='ocr_line' id='line_1_42' title="bbox 0 0 1560 5158; baseline 0 6"><span class='ocrx_word' id='word_1_348' title='bbox 0 0 1560 5158; x_wconf 95' lang='lat' dir='ltr'> </span> 
     </span>
    </p>
   </div>
  </div>
 </body>
</html>
