3112 5158
584 332 743 426 Qu*

102 517 195 584 nostri
213 519 390 585 munimine
420 521 599 588 roboratas.
620 524 740 588 Datum
765 529 876 606 quarto
900 544 1004 592 nonas
1030 527 1222 596 Nouembris

102 647 179 690 auno
198 625 332 692 Domini
358 626 478 694 ΜῦΟΟο
504 632 713 713 nonagesimo
739 632 852 698 ternio.
878 633 1034 719 Magistro
1061 631 1221 703 Farkasio

102 733 227 799 Leetore
246 733 394 800 Eoelesie
410 741 519 802 nostre
536 736 703 804 existente.
1156 741 1158 746 '

105 943 237 1014 (Eredatie
252 944 431 1015 bo'rhtrtyin,
443 946 690 1018 ningo-violarint
700 952 930 1018 selyamnsinliron
942 952 1027 1021 fflggll
1040 951 1134 1022 pessit
1143 954 1220 1020 slatt3

405 1053 422 1088 a
434 1039 519 1090 budai
532 1041 583 1092 kir.
598 1041 725 1092 kamarai
737 1039 926 1111 leveltalrbau.)

554 1325 768 1340 m

637 1878 690 1945 86.

107 2093 135 2152 A
151 2093 269 2177 azepnesi
286 2091 450 2178 ladptalaa
465 2095 505 2178 ιι]
524 2096 660 2180 paeanitis
676 2095 759 2159 alatt
784 2095 902 2180 kiadjo
926 2095 996 2160 Vno
1011 2098 1115 2162 Jonas
1126 2117 1225 2161 comeo

105 2197 162 2258 nelo
181 2195 318 2262 Tiorkw
325 2197 433 2283 faidel
449 2203 602 2284 tdnyyaoui
632 2201 828 2287 dteoqedeset
843 2205 907 2286 vaje
934 2201 1046 2270 Simon
1060 2206 1221 2268 eadmero.

646 2308 744 2372 1293.

380 2465 410 2530 n
647 2467 674 2531 u
703 2450 707 2459 '
934 2467 959 2534 o

210 2659 394 2744 Capitulum
410 2660 554 2727 Eeolesie
570 2660 663 2726 Beati
688 2661 819 2728 Martini
850 2662 892 2728 de
922 2663 1046 2749 Soepus
1078 2664 1226 2730 omnibus

105 2763 222 2832 Christi
237 2766 388 2834 fidelibus
413 2768 617 2855 presentibus
643 2774 676 2834 et
699 2769 817 2836 futuris
841 2769 1044 2854 presencium
1070 2771 1223 2836 noticiam

106 2873 261 2940 habituris
286 2877 422 2942 salutem
447 2875 481 2942 in
512 2875 652 2941 omnium
684 2877 854 2942 saluatone.
885 2874 1044 2953 Quoniam
1074 2878 1227 2944 memorie

104 2991 292 3048 uouereatur
309 2982 442 3070 obliuio,
459 2979 593 3068 dignum
608 2989 667 3070 est,
684 2989 721 3049 ut
736 2981 825 3049 dieta
841 2985 1066 3066 temporaliter
1093 2986 1228 3070 seriptu-

105 3107 211 3155 rarum
226 3090 408 3174 patrooinio
424 3089 606 3157 fiuloiantur.
623 3091 763 3158 Proinde
779 3090 822 3157 ad
838 3089 1058 3158 uniuersorum
1074 3091 1228 3158 noticiam

105 3195 217 3262 harum
229 3197 313 3265 serie
328 3199 476 3265 uolumus
494 3199 684 3282 peruenire:
702 3197 788 3281 quod
804 3217 875 3262 oum
892 3196 926 3261 in
952 3196 1152 3282 spoliaoione
1178 3216 1230 3264 eo·

106 3303 201 3370 elesie
216 3309 324 3372 nostre
340 3309 516 3371 memorate
540 3323 598 3389 per
628 3303 873 3370 serenissimum
905 3303 1028 3386 Regem
1059 3303 1227 3386 Huugarie

104 3411 292 3479 Ladinlaum
309 3419 342 3479 et
357 3433 432 3480 suos
449 3412 617 3497 Neugares
632 3411 728 3478 illata
744 3413 826 3478 inter
838 3411 980 3497 dampna
991 3411 1228 3496 quamplurima

104 3517 246 3599 sigillum
261 3525 408 3586 nostrum
424 3517 627 3604 deperditum
652 3517 767 3584 luisset
792 3525 824 3585 et
849 3518 1003 3605 ablatum,
1030 3524 1063 3584 et
1087 3538 1146 3585 nos
1170 3517 1228 3584 iui-

102 3643 233 3709 quorum
248 3625 474 3694 fraudulentas
490 3625 791 3714 oalnmpniositates
808 3625 961 3711 equitatis
976 3625 1106 3694 tramite
1122 3630 1226 3692 retun-

104 3731 183 3799 dere
198 3737 373 3820 oupientes,
390 3735 530 3801 omnium
546 3753 703 3819 generum
718 3735 846 3802 litteras
861 3735 921 3802 sub
937 3735 1009 3821 ipso
1035 3731 1146 3816 sigillo
1172 3753 1227 3798 uo·

103 3843 173 3905 stro
186 3839 354 3927 deperdito
371 3841 582 3928 conseriptas,
607 3861 670 3926 que
685 3840 761 3907 noui
785 3841 888 3908 nostri
913 3840 1015 3924 sigilli
1048 3837 1229 3906 testimonio

105 3956 259 4014 renouato
274 3969 341 4016 non
355 3947 503 4036 fuissent,
518 3951 679 4033 premissa
689 3949 950 4036 proolamaoione
960 3950 1090 4034 publiea
1099 3946 1230 4014 viribus

105 4062 260 4124 naenatas
275 4055 479 4124 reuocandas
496 4055 753 4126 decreuissemos
770 4058 814 4124 ad
830 4058 1011 4141 oautelam3
1047 4054 1165 4121 nobilis
1180 4053 1231 4119 vin

104 4163 229 4248 Symou
247 4183 348 4248 gener
364 4163 499 4233 Comitis
514 4167 577 4233 Jan
594 4163 637 4232 od
662 4169 807 4234 nostram
832 4165 1045 4251 personaliter
1071 4164 1230 4229 aooedens

103 4275 308 4356 presenciam
325 4273 474 4341 exhibuit
499 4273 595 4342 nobis
609 4274 735 4341 litteras
761 4280 891 4341 nostras
916 4271 1143 4360 priuilegiales
1169 4269 1229 4337 sub

102 4381 237 4465 antiquo
254 4387 285 4448 et
300 4381 468 4468 deperdito
485 4389 593 4450 nostro
610 4381 717 4466 sigillo
734 4387 911 4448 memorato
928 4381 1017 4466 prius
1028 4383 1229 4463 emanantes,

102 4487 267 4558 humililer
281 4492 374 4559 nobis
391 4491 606 4577 supplicando
631 4497 664 4559 et
688 4491 815 4577 deuote,
846 4495 881 4556 ut
906 4489 1038 4558 eosdem
1063 4487 1123 4555 sub
1153 4486 1232 4554 noui

98 4597 203 4664 nostri
220 4598 318 4685 sigilli
335 4599 521 4668 testimonio
538 4599 716 4668 resoribere
731 4599 921 4684 lateremus,
940 4595 1115 4683 eodemque
1139 4615 1232 4664 reno·
