3120 5172
104 1095 166 1160 Sar
183 1119 282 1161 eomes
299 1095 436 1161 Kobolto'
451 1099 598 1178 radruapy
624 1093 670 1156 M.
696 1103 802 1156 mester
818 1091 939 1178 Soprou
965 1092 1021 1157 aab.
1040 1091 1231 1181 fbiupciujri-

102 1202 167 1266 aab
189 1216 240 1268 azt
248 1205 371 1289 jeieuti,
386 1205 467 1288 kopp
489 1199 643 1266 To‘tbtelelr
657 1211 737 1264 neoti
752 1201 933 1288 helysepbeo
948 1199 1149 1287 hardry'drcist
1165 1211 1231 1266 tor·

511 1317 575 1374 tott.
600 1306 826 1374 1290-1299.

210 1506 406 1572 Reuerendo
423 1503 555 1570 domino
572 1523 631 1571 suo
649 1512 681 1570 et
697 1501 892 1569 benefactori
918 1502 1077 1586 Magistro
1102 1507 1143 1572 bi.
1170 1505 1229 1572 Co·

105 1613 177 1678 miti
194 1613 419 1700 supruniensi,
446 1611 648 1680 Musuniensi
674 1619 706 1676 et
731 1609 772 1675 de
798 1613 889 1677 Bana
916 1607 1032 1677 Oomes
1058 1613 1121 1679 Sur
1146 1615 1232 1682 filius

106 1722 192 1788 Petri
208 1741 286 1788 auus
302 1721 334 1786 in
353 1721 501 1788 omuibus
518 1729 549 1786 et
560 1739 619 1805 per
637 1720 746 1784 omnia
762 1716 846 1784 fidus
862 1719 1067 1786 Casteilanus
1094 1721 1136 1788 de
1160 1723 1226 1788 Ko-

105 1829 173 1894 bolt
199 1835 310 1894 eterne
335 1827 500 1894 fidelitatis
526 1827 697 1892 soruieium
724 1824 932 1892 indefessum.
958 1825 1078 1894 Vestra
1103 1829 1229 1895 nouerit

93 1935 269 2024 nobilitas,
286 1935 373 2018 qnod
389 1936 432 2000 ad
449 1935 592 2003 edietum
619 1941 727 2001 vestre
752 1933 988 2001 dominacionis
1016 1938 1152 2020 receptis
1179 1957 1232 2004 ue·

107 2044 183 2110 stris
199 2043 318 2110 litteris
334 2043 550 2127 personaliter
565 2041 762 2128 aoeedendo,
780 2048 876 2128 prout
893 2041 1090 2124 tenebamur,
1109 2053 1230 2111 terram

104 2149 302 2216 ThoutteIuk
318 2155 468 2215 uocatam
485 2170 557 2215 oum
575 2149 684 2215 insula
700 2155 733 2214 et
757 2146 889 2231 pisoinis
914 2149 1102 2232 pariterque
1131 2150 1244 2235 perti·'

104 2257 230 2343 nenoijs
246 2258 325 2345 suis,
342 2258 374 2322 in
393 2257 565 2340 territorijs
582 2256 732 2322 villarum
749 2256 834 2321 Zaar
851 2261 883 2319 et
900 2255 1063 2322 Wezeken
1082 2259 1230 2325 udiaeen·

106 2374 182 2452 tem,
193 2365 379 2430 oonuooatis
396 2363 515 2430 uioinis
532 2371 563 2428 et
580 2363 810 2429 commetaneis
828 2361 1075 2451 circumpositis,
1094 2365 1232 2450 pariter-

105 2492 166 2555 que
182 2491 254 2537 oum
271 2470 455 2556 Prouinoie,
473 2473 528 2554 qui
545 2472 590 2537 ibi
607 2471 779 2556 adherant,
796 2490 905 2537 eoram
922 2470 1127 2540 euidentibus
1147 2476 1233 2540 testi-

108 2581 164 2645 bus
180 2579 449 2662 rebambulando,
467 2577 584 2646 Oomiti
601 2577 757 2644 Maurioio
783 2576 850 2643 filio
876 2578 1023 2663 Maurioij
1053 2579 1092 2647 tie
1117 2601 1234 2664 genere

107 2685 189 2753 Oslu
208 2683 416 2754 restatuimus
432 2689 548 2754 iterato
564 2687 698 2775 paoifioe
715 2685 759 2751 ad
776 2685 974 2772 habendum,
1002 2707 1060 2752 neo
1077 2708 1135 2772 per·
1162 2709 1233 2774 pre-

107 2795 193 2862 fatos
211 2796 335 2862 uicinos
347 2803 379 2862 et
389 2804 626 2864 commetaneos
637 2816 676 2861 ao
687 2795 834 2860 hominer
843 2795 947 2861 tooius
958 2795 1126 2862 Prouinoie
1137 2816 1235 2882 super

106 2903 317 2969 restatueione
333 2903 436 2989 ipsius
451 2911 535 2970 terre
550 2904 671 2968 fuimus
689 2900 900 2967 contradicti:
917 2902 1021 2987 ipsam
1038 2911 1146 2967 autern
1171 2912 1233 2968 ter-

105 3028 176 3074 ram
192 3011 251 3075 sub
268 3009 391 3076 eisdem
408 3011 505 3076 metis
521 3010 641 3076 ueteris
660 3005 744 3094 (igy)
762 3015 793 3073 et
810 3007 962 3090 antiquis,
988 3015 1084 3093 prout
1109 3011 1151 3074 ab
1177 3029 1233 3074 an·

105 3117 198 3201 tiquo
216 3115 370 3184 distinete
383 3123 416 3184 et
431 3125 584 3201 separata
610 3116 773 3200 extiterat,
799 3113 1001 3200 temporibus
1025 3119 1127 3202 patris
1154 3117 1235 3184 eius·

105 3225 183 3289 dem
200 3225 335 3292 Comitis
351 3225 498 3291 Maurioii
515 3227 555 3290 ab
572 3223 733 3290 uniuersis
759 3223 875 3290 uioinis
902 3225 969 3290 suis
997 3223 1235 3309 oireumpositis

104 3331 261 3398 duximus
277 3332 501 3416 reliquendam
527 3334 623 3418 pleno
648 3331 728 3398 iure.
754 3331 873 3400 Datum
901 3331 1055 3418 Suprunij
1082 3333 1115 3398 in
1141 3331 1236 3397 Para·

104 3459 206 3506 soene
221 3439 364 3506 Domini.
380 3439 553 3506 Preaeutes
569 3460 647 3506 uero
663 3447 797 3523 propter
814 3440 1000 3506 absenciam
1017 3439 1120 3524 sigilli
1135 3443 1236 3508 nostri

101 3542 279 3612 anitentioi
297 3545 357 3611 sub
375 3544 484 3629 sigillo
499 3546 612 3613 fratris
628 3547 728 3612 nostri
746 3545 896 3614 duximus
914 3548 1191 3616 transmittendas.

217 3653 244 3716 K
256 3651 371 3719 irbi:
399 3651 556 3736 Magistro
582 3651 624 3719 Μ.
650 3651 766 3720 Comiti
789 3655 1012 3741 Supruuienai,
1036 3655 1237 3723 Musunieusi

100 3767 136 3826 et
154 3759 199 3825 de
214 3760 306 3827 Bana
321 3761 451 3827 domino
468 3782 536 3828 suo.

104 3957 257 4022 (Bredatia
270 3956 446 4025 bbrhartybm
461 3961 576 4026 melyrbl
589 3977 606 4012 a
619 3957 696 4013 hiatui
710 3961 846 4014 oidalvast
860 3962 911 4012 orla
924 3967 1047 4026 nyomott
1069 3957 1161 4026 peret
1182 3957 1239 4012 mir

258 4048 404 4113 tomtliotr,
418 4067 435 4102 a
448 4055 563 4102 namneti
576 4067 698 4104 mazeum
713 4051 827 4104 karitati
840 4052 951 4118 gybjtm
965 4049 1105 4118 bnyiben.)

572 4352 653 4362 μ.
702 4358 710 4361 .
735 4355 783 4363 .-.-
