3170 5166
669 995 746 1064 257.

145 1188 258 1252 latoria
274 1211 374 1254 commo
389 1193 670 1280 alorszo'pbiuduolo
685 1197 861 1266 itotettccete
885 1203 1021 1268 Baatelti
1046 1205 1159 1270 Eudae
1176 1183 1273 1273 comes

190 1305 324 1382 dzoeyye
340 1299 373 1360 e's
389 1300 466 1382 flod,
482 1324 497 1364 a
515 1301 623 1366 Zocud
636 1316 747 1370 mester
770 1305 860 1372 Wect
876 1313 1022 1398 uaokdja
1037 1315 1115 1380 loct.
1131 1313 1228 1381 1300.

252 1494 322 1560 Nos
338 1495 455 1562 Comes
486 1498 670 1583 Stephanus
695 1501 876 1587 Vioejudex
907 1503 1003 1572 Ourie
1034 1509 1156 1576 domini
1172 1513 1271 1595 Regis

143 1599 299 1667 memorie
315 1602 579 1672 commendantes
595 1607 815 1692 significamus
835 1613 984 1680 omnibns
1004 1615 1120 1696 quibus
1138 1619 1273 1702 expedit

144 1709 350 1792 presencium
368 1729 427 1795 per
443 1717 606 1779 tenorem:
637 1713 809 1798 quodcum
835 1718 1001 1802 Nycolaus
1026 1722 1114 1790 filius
1139 1722 1272 1790 Comitis

143 1815 276 1884 Andree
291 1815 333 1883 de
347 1819 471 1886 Bazteh
488 1819 521 1884 in
537 1822 814 1908 nouemjudieijs;
828 1824 904 1892 item
921 1827 1077 1906 Andreas,
1094 1827 1270 1914 lohannes,

145 1931 176 1990 et
191 1925 282 1992 Beex
298 1927 356 2012 lilij
375 1928 444 1995 eius
462 1927 597 1995 Comitis
613 1931 755 2020 Andree,
767 1939 798 1998 et
815 1933 947 2000 domina
961 1943 1067 2003 mater
1082 1937 1269 2024 eorundem,

143 2053 201 2130 pro
234 2055 279 2117 so,
297 2041 434 2122 excepto
464 2037 600 2106 Nicolao
627 2040 826 2128 supradicto,
843 2044 877 2108 in
909 2043 988 2127 alijs
1004 2065 1121 2112 nouem
1132 2043 1271 2130 judioijs

145 2141 238 2210 iuxta
254 2143 392 2209 formam
407 2144 587 2212 litterarum
611 2148 847 2214 memorialinm
863 2151 1084 2235 Vicejudicum
1099 2151 1195 2220 Ourie
1210 2155 1271 2218 Re·

144 2250 197 2333 gie
214 2260 248 2316 et
264 2258 446 2319 nostrarum
465 2259 576 2320 contra
586 2253 775 2338 Magistrum
784 2257 891 2322 Zoard
901 2265 1053 2343 nepotem
1068 2261 1170 2327 Weeh
1180 2261 1273 2326 iuxta

144 2360 357 2428 diuersitates
373 2364 544 2430 aooionnm
562 2361 708 2430 eiusdem
724 2365 837 2432 ordine
853 2365 1024 2437 iudiciario
1040 2370 1179 2436 conuicti
1198 2369 1273 2436 fois

143 2473 222 2547 sent,
240 2473 274 2532 et
290 2469 422 2534 racione
438 2471 581 2554 ipsorum
599 2470 810 2559 iudiciorum,
844 2479 876 2538 et
892 2494 950 2558 pro
976 2473 1072 2543 factis
1089 2475 1272 2561 principali·

143 2576 214 2660 bus,
232 2572 384 2642 videlicet
400 2577 562 2664 dampnis,
583 2579 786 2646 nocumentis
811 2588 844 2645 et
869 2581 996 2666 iniuriJs
1011 2603 1070 2668 per
1085 2581 1190 2668 ipsum
1207 2584 1272 2668 Ny-

143 2682 270 2749 colaum
286 2681 387 2750 filium
406 2685 538 2751 Comitis
571 2686 701 2752 Andrce
727 2688 771 2754 ad
797 2689 939 2754 valorem
956 2689 1175 2773 quadraginta
1190 2709 1272 2756 mor-

142 2811 267 2876 carum,
287 2790 514 2875 iobagionibus
540 2791 619 2859 dicti
635 2793 784 2878 Magistri
810 2795 917 2860 Zoard
943 2803 976 2862 et
991 2797 1118 2883 populis
1134 2797 1272 2866 aliarum

143 2899 295 2966 uillarum
312 2899 494 2966 defensioni
510 2921 567 2968 seu
577 2899 778 2987 ploteccioni
794 2922 851 2969 sue
861 2903 1041 2970 commissis
1058 2904 1091 2969 in
1102 2903 1273 2970 ablacione

141 3007 259 3072 bouum
276 3013 308 3072 et
324 3007 462 3075 aliorum
478 3008 679 3095 animalium,
699 3009 770 3075 siue
795 3029 902 3075 rernm
919 3010 1094 3076 eorundem
1111 3009 1271 3093 usquead

141 3133 277 3199 presens
294 3115 497 3200 posmodum
513 3115 672 3202 latrocinij
691 3116 852 3200 irrogatis,
871 3121 904 3182 et
926 3116 1029 3182 eciam
1046 3116 1177 3184 racione
1192 3135 1271 3200 qua·

143 3229 215 3288 tuor
231 3220 352 3288 bouum
368 3222 403 3286 in
419 3221 498 3288 uilla
514 3223 659 3292 eiusdem
685 3222 833 3307 Magistri
850 3221 956 3289 Zoard
971 3221 1203 3288 Zenthalberth
1219 3243 1273 3290 vo·

141 3335 216 3395 cata
233 3348 292 3413 per
309 3329 446 3396 eundem
478 3331 648 3398 Nicolaum
679 3330 841 3418 pendente
866 3332 922 3399 lite
938 3332 1142 3414 ablatorum,
1172 3349 1273 3413 super

143 3438 260 3520 quibus
278 3440 427 3506 omnibus
438 3439 523 3507 idem
538 3441 694 3527 Magister
703 3441 811 3510 Zoard
821 3447 931 3508 oontm
947 3439 1083 3507 eundem
1099 3439 1272 3506 Nicolaum

142 3567 201 3631 per
217 3566 252 3614 se
269 3546 401 3614 dicebat
416 3547 539 3618 habere
555 3550 731 3636 accionem,
749 3557 782 3617 ot
797 3550 928 3617 racione
944 3547 1180 3638 hospitalitatis
1200 3566 1273 3613 oon-

142 3659 194 3722 tra
208 3655 404 3743 lohannem,
429 3655 595 3724 Andrean
615 3659 753 3744 etBeex,
771 3680 811 3725 ao
827 3658 993 3728 dominam
1009 3662 1145 3724 matrem
1162 3675 1272 3722 eorun-

143 3760 216 3829 dem
232 3782 383 3831 asserens
400 3765 471 3850 ipse
488 3765 646 3850 Magister
663 3766 781 3852 Zoard,
800 3765 887 3850 quod
903 3765 1001 3849 ijdem
1017 3764 1195 3847 lohannes,
1208 3763 1273 3827 An·

145 3869 241 3937 dreas
258 3875 291 3935 et
306 3871 406 3956 Bcex,
418 3891 457 3937 ac
473 3871 606 3939 domina
622 3878 726 3940 mater
742 3874 885 3960 ipsorum
901 3872 989 3940 dicto
1004 3870 1150 3959 Nyoolao
1166 3875 1197 3934 et
1207 3867 1274 3935 suis
1379 3915 1384 3926 .

143 3978 361 4064 complicibus
378 3982 411 4046 in
427 3981 577 4048 omnibus
593 3981 761 4066 premissis
777 3981 916 4050 fuissent
939 3977 1115 4064 hospitati,
1132 3984 1165 4044 et
1189 3974 1275 4059 quod

142 4087 232 4154 idem
250 4089 419 4174 Nycolaus
436 4090 477 4156 de
495 4091 577 4177 ipsis
594 4091 768 4178 ueniendo,
780 4099 813 4158 et
829 4091 945 4157 iterato
956 4087 1061 4155 eundo
1072 4085 1116 4154 ad
1131 4083 1273 4167 eosdem,

142 4201 266 4262 etcum
284 4196 408 4263 eisdem
432 4196 639 4265 distrahendo
665 4217 723 4266 seu
741 4195 956 4283 expendendo
973 4193 1015 4260 de
1032 4192 1116 4259 lacto
1132 4193 1275 4278 ipsorum

142 4305 255 4372 omnia
270 4306 431 4391 premissa
446 4326 504 4391 per
535 4307 664 4374 modum
681 4307 889 4392 prehabitum
920 4305 1117 4387 irrogasset,
1149 4305 1182 4366 et
1197 4295 1276 4367 licet

144 4411 233 4478 idem
250 4413 406 4498 Magister
421 4415 527 4482 Zoard
543 4436 603 4502 pro
618 4414 701 4501 ipsis
725 4415 823 4483 factis
839 4409 1076 4500 principalibus
1094 4415 1125 4475 et
1136 4405 1275 4493 judicijs

143 4524 245 4588 semel
263 4528 296 4590 et
313 4523 455 4590 secundo
471 4523 506 4590 in
524 4524 762 4609 possessionem
780 4523 878 4589 Saras
894 4527 1044 4588 uocatam
1062 4517 1096 4583 in
1113 4515 1275 4583 (lumitate

144 4629 365 4717 strigoniensi
380 4631 510 4700 nomine
525 4629 742 4719 possessionis
768 4629 944 4699 eorundem
961 4626 1110 4712 Nicolay,
1136 4622 1276 4690 Andreer
