3120 5172
633 491 789 587 Q

132 691 204 752 rato
220 700 335 751 versus
350 681 560 767 aquilonem
575 689 608 751 et
623 682 716 752 iuxta
730 691 836 752 metas
853 688 938 752 terre
955 646 1044 770 Bury
1069 682 1176 751 eundo
1202 684 1272 752 iun-

134 793 184 876 git
199 795 305 859 metas
322 796 409 859 terre
426 789 604 860 Chenobou
619 798 753 876 voeate;
771 790 892 860 abhiue
918 790 1025 861 eundo
1051 791 1175 862 direpte
1200 793 1271 860 iun·

135 898 184 984 git
198 898 316 968 iterato
332 909 437 965 metas
453 896 603 984 prodiete
619 905 704 968 terre
719 901 845 980 Karou,
871 906 904 966 et
929 899 976 966 ibi
1003 901 1208 969 terminatur.
1234 901 1274 968 Iu

134 1005 230 1074 euius
245 1025 304 1092 roy
319 1005 543 1073 testimonium
558 1005 602 1072 ad
618 1005 816 1076 instanciam
832 1003 979 1084 eiusdem
1005 1014 1173 1092 presentes
1198 1028 1273 1076 oon·
1407 997 1411 1005 ’

136 1111 272 1181 tulimus
287 1113 393 1199 sigilli
408 1114 510 1182 nostri
526 1113 704 1196 munimine
719 1115 900 1182 roboratas.
926 1113 1136 1182 Prosentibus
1161 1122 1273 1182 tamen
1297 1159 1303 1173 ·

135 1218 261 1307 Mykou
277 1218 430 1305 Custode,
446 1218 564 1305 Egidio
579 1219 621 1288 de
637 1220 732 1306 Wug,
746 1221 903 1306 Magistro
918 1219 1068 1294 Johanne
1093 1221 1136 1292 de
1162 1221 1272 1290 Heues

135 1325 398 1411 Arebidiaoonis,
417 1334 449 1395 et
464 1328 540 1398 aliis
556 1329 677 1396 multis.
705 1330 801 1396 Anno
826 1329 960 1396 Domini
984 1329 1104 1398 ld⁰CC⁰
1129 1347 1272 1416 nonage-

138 1439 220 1504 simo
238 1441 368 1506 oetauo.
385 1437 557 1522 Regnaute
572 1437 706 1506 Andrea
731 1437 852 1532 illustri
876 1439 966 1523 Rege
991 1439 1170 1526 Hungarie,
1196 1437 1275 1506 Cre

138 1543 231 1627 gorio
264 1545 380 1613 Eleate
405 1544 631 1632 strigoniensi,
654 1545 805 1614 Jobarrne
827 1544 1080 1633 Arohiepisoopo
1105 1547 1274 1628 Colooensi

138 1654 170 1719 et
187 1651 319 1720 domiuo
334 1658 443 1720 nostro
459 1652 639 1721 venerabili
655 1660 748 1740 patre
763 1653 896 1721 Audrea
906 1655 968 1722 Dei
976 1654 1090 1738 grania
1109 1655 1273 1740 Episcopo

137 1755 291 1843 Agriensi
307 1759 530 1828 existentibus.

501 1886 532 1951 A
694 1887 721 1951 Β
884 1885 909 1951 C

140 2025 282 2092 (Eredetie
298 2023 477 2095 burhtrtytn,
498 2029 646 2097 melyrola
667 2026 759 2095 penset
776 2027 1021 2096 rbrds-sdrga-adld
1039 2029 1272 2096 selyemzsindron

403 2117 480 2186 legg,
494 2135 512 2170 a
524 2119 608 2171 budai
620 2120 673 2171 kir.
683 2117 1011 2186 kamarailevdlttrban.)

603 2367 814 2377 ...ι-,ψ

142 2992 192 3056 Aa
208 2992 281 3076 epra'
295 2989 521 3077 ledptolannab
536 2989 806 3076 bizonpadyleode,
820 2993 903 3077 bopy
927 2992 1174 3083 Bopadradoaa
1189 2984 1272 3056 roem·

142 3097 311 3183 aetatybala'
341 3097 480 3182 Mtaalp,
512 3097 696 3162 Ldaaldnak
721 3097 784 3182 fia,
811 3097 1026 3184 ledaynepyad
1043 3097 1170 3183 fejtbera
1187 3095 1273 3176 spos

172 3204 361 3291 adpropiat
376 3205 524 3290 bizonyos
539 3204 724 3270 birtoicrdoat
737 3204 876 3290 enqadett
892 3207 927 3268 dt
942 3203 1118 3268 nevarensis.
1134 3203 1233 3272 1298.

253 3361 412 3432 Omnibus
430 3363 553 3432 Christi
568 3363 719 3430 fidelibus
733 3370 800 3429 tam
817 3361 1022 3449 presentibus
1040 3381 1137 3446 quam
1153 3361 1273 3430 futuris

143 3490 283 3558 presens
309 3472 467 3558 seriptum
492 3472 687 3556 inspecturis
713 3471 901 3556 Capitulum
931 3471 1079 3539 Eoelesie
1103 3469 1275 3556 Agriensis

142 3579 285 3646 salutem
301 3577 335 3646 in
346 3581 488 3662 omnium
504 3579 681 3648 saluatore.
691 3577 743 3644 Ad
759 3580 984 3647 uniuersorum
993 3576 1147 3645 notioiam
1161 3583 1276 3645 tenore

142 3685 349 3773 presencium
365 3686 517 3753 volumus
532 3687 721 3772 peruenire:
742 3685 829 3770 quod
845 3685 1016 3772 Myohaele
1031 3685 1099 3752 lilio
1115 3683 1276 3772 Ladizlay

143 3794 205 3879 filij
223 3793 313 3881 bez
330 3795 371 3861 de
395 3813 517 3879 genere
542 3795 797 3882 Bogadraduan,
830 3815 896 3864 vna
920 3815 993 3862 eum
1018 3795 1159 3881 Symone
1184 3794 1275 3860 Bauo

142 3902 212 4002 filio
229 3900 380 3986 Gregorij
408 3907 548 3986 ooguato
564 3921 622 3968 suo
639 3921 679 3969 ex
694 3921 761 3968 vna
776 3910 880 3990 parte,
898 3902 941 3968 ab
952 3902 1056 3968 altera
1072 3920 1147 3968 vero
1163 3900 1275 3969 Blasio

143 4009 213 4077 filio
230 4008 342 4078 Cbueh
358 4028 481 4094 genero
498 4008 643 4079 eiusdem
659 4010 840 4098 Myehaelis
857 4030 969 4079 eoram
992 4009 1085 4076 nobis
1101 4010 1279 4096 personali·

143 4126 193 4185 ter
209 4117 407 4203 constitutis,
423 4137 482 4202 per
496 4115 658 4203 prelatum
674 4117 881 4205 Myobaelem
912 4116 1114 4202 propositum
1146 4117 1274 4184 extitit:

145 4223 234 4307 quod
251 4220 418 4306 quandam
434 4225 631 4311 partieuiam
647 4223 688 4290 de
713 4231 802 4294 terra
826 4245 887 4292 sua
902 4221 1101 4292 hereditaria
1117 4224 1210 4310 Synk
1225 4247 1277 4292 vo-

145 4339 223 4398 oeta
238 4330 407 4416 aboissm,
440 4331 537 4398 certis
566 4333 662 4400 metis
693 4331 914 4418 infrascriptis
944 4331 1118 4398 limitatam
1142 4353 1163 4399 a
1187 4339 1279 4419 parte

144 4435 369 4526 meridionali,
385 4437 420 4504 in
436 4437 599 4512 Comitatu
616 4439 658 4506 de
683 4439 843 4526 Zemlynb
870 4437 1073 4528 existentem,
1089 4459 1162 4506 eum
1179 4443 1279 4509 omni-

145 4548 209 4614 bus
224 4545 421 4614 utilitatibus
439 4546 507 4614 suis
532 4553 565 4614 et
579 4547 799 4632 pertineuoijs,
817 4546 963 4616 dedisset
978 4555 1010 4616 et
1026 4546 1229 4638 contulisset,
1247 4557 1278 4619 et

148 4673 259 4722 eoram
274 4654 369 4722 nobis
384 4652 477 4722 dedit
492 4674 532 4722 ao
549 4656 686 4722 tradidit
702 4656 832 4723 domine
858 4657 965 4726 sorori
989 4677 1046 4726 sue
1074 4658 1168 4724 uxori
1194 4657 1278 4724 eius·

148 4759 345 4849 dem-Blasij
362 4763 493 4833 racione
509 4771 626 4849 quarte
642 4764 786 4832 eiusdem
803 4763 951 4853 domiue,
984 4773 1017 4833 et
1041 4783 1100 4850 per
1125 4783 1197 4830 eam
1214 4765 1279 4850 ipsi
