3098 5172
323 504 385 570 stb.
411 505 531 604 Datum
565 500 654 569 Bude
684 499 932 586 quadragesimo
964 499 1018 566 die
1045 504 1236 565 oetanarum
1267 497 1343 563 festi
1360 497 1441 562 Bari

323 611 455 697 Georgij
479 609 619 677 martiris
650 630 736 678 anno
766 609 900 677 Domini
931 607 1105 674 millesimo
1131 604 1443 692 quadringentesimo

323 719 506 787 vndeaimo.

324 915 461 981 (Eredatie
474 910 648 980 bbrhlrtyrln,
661 928 678 964 a
690 910 840 979 kirtlynak
853 908 932 965 halal
946 911 1123 977 ndanyomon
1135 907 1259 977 peesbtje
1271 909 1359 972 alattr
1372 909 1439 962 abu·

634 993 698 1054 ‘dai
711 1004 763 1061 lrir.
776 1001 1105 1070 kamarnilevblttrbau.)

789 1292 984 1304 nunu—⁸¹⁸⁸·—

858 1827 934 1896 166.
954 1896 957 1904 .

327 2029 390 2093 Ill.
407 2029 519 2094 auare
533 2028 642 2115 lirdly
657 2026 864 2113 biaoayadyot
879 2037 941 2091 tera
951 2025 1049 2110 orro'l,
1063 2025 1150 2110 boyy
1165 2021 1257 2088 Erat
1270 2043 1368 2087 cornea
1383 2021 1446 2088 su-

327 2134 525 2218 racbnekfia,
544 2136 576 2202 ea
591 2135 695 2200 Danaa
709 2143 818 2199 mester
833 2131 1036 2198 Aroaebaak
1045 2129 1105 2214 fia,
1116 2131 1262 2214 bizooyoa
1272 2127 1323 2193 ket
1333 2129 1446 2194 Pala

327 2252 410 2306 neoti
426 2243 586 2327 helyseum
594 2239 767 2307 aonmlozo
769 2241 887 2328 periers
896 2240 1131 2324 baratadqosau
1141 2238 1349 2326 agyealredtek.
1358 2232 1445 2300 1297.
1533 2315 1534 2326 2

434 2435 502 2504 Nos
518 2437 666 2504 Andreas
681 2435 744 2504 Dei
769 2435 882 2520 grania
897 2435 968 2502 Rex
992 2433 1161 2518 Hungarie
1186 2433 1302 2501 damus
1318 2453 1378 2519 pro
1391 2450 1446 2496 me

328 2542 440 2631 moria,
457 2544 542 2630 quod
558 2545 674 2611 Comes
700 2542 807 2612 Erdeu
823 2543 906 2612 filius
931 2542 1073 2610 Sebreob
1099 2542 1142 2609 ab
1160 2561 1225 2609 vna
1255 2547 1362 2627 parte,
1379 2539 1448 2605 item

328 2651 484 2734 Magister
498 2653 678 2740 Dyonisius
699 2653 783 2720 filins
800 2650 929 2720 Arnaeb
953 2671 995 2717 ex
1010 2652 1116 2718 altera
1146 2655 1372 2734 comparentes
1387 2667 1448 2732 per·
1532 2735 1533 2740 ἵ

328 2759 483 2826 sonaliter
499 2779 606 2827 eoram
622 2759 717 2827 uobis
748 2766 1004 2847 proposuerunt;
1035 2756 1122 2841 quod
1155 2758 1188 2823 iu
1204 2776 1324 2841 eausa,
1360 2774 1447 2840 qnam

327 2865 414 2934 idem
431 2864 545 2935 Comes
562 2867 670 2935 Erdeu
696 2867 729 2933 in
745 2865 870 2934 notauis
901 2865 995 2933 Beati
1011 2863 1170 2934 lobannis
1193 2866 1345 2952 Baptiste
1361 2883 1448 2952 snper

328 2974 414 3042 lanto
429 2975 655 3060 requisieionis
678 2975 920 3062 possessionum
944 2971 1134 3060 Ketpeeben
1151 2979 1340 3040 vonatarum
1356 2972 1448 3038 habe·

327 3079 386 3147 bat
402 3101 510 3150 noram
526 3083 619 3151 nobis
635 3091 749 3152 eontra
764 3079 1155 3167 MagistrumDyonisium
1166 3078 1376 3165 nominatum,
1394 3098 1447 3164 per
1531 3089 1532 3130 i

328 3187 497 3256 arbitrium
514 3188 673 3257 Dominiei
683 3187 833 3273 Magistri
845 3185 1120 3254 Thauamieorum
1131 3193 1326 3275 nostrorum,
1341 3187 1449 3255 Ludiu-

328 3296 384 3381 lay
399 3293 491 3380 Bani,
506 3294 656 3378 Magistri
689 3295 799 3363 Kokos
808 3345 819 3383 ,
851 3293 985 3362 fratrum
1001 3293 1077 3362 dieti
1093 3293 1243 3378 Magistri
1274 3289 1449 3366 Domiuini;

327 3401 405 3469 item
421 3400 582 3470 Johanuis
596 3401 654 3488 filij
673 3401 789 3472 Ohaak
805 3401 953 3488 Magistri
969 3403 1158 3488 Agasounm
1170 3409 1370 3490 nostrorum3
1388 3403 1450 3468 Ma·

329 3508 420 3594 gistri
436 3509 592 3596 Demetrij
611 3509 744 3578 Comitis
774 3510 816 3579 de
831 3511 965 3595 Zolum;
996 3511 1179 3578 stallorum
1209 3513 1372 3580 Baronum
1394 3529 1450 3577 seu

328 3615 494 3704 nobilium,
511 3617 545 3684 in
565 3616 664 3684 talem
681 3615 819 3684 lormam
847 3617 939 3704 panis
967 3637 1025 3686 seu
1049 3615 1220 3686 eoneordie
1245 3619 1450 3687 deuenissent

329 3725 497 3792 unionem:
514 3723 600 3810 qnod
616 3723 702 3792 idem
713 3724 828 3792 Comes
843 3723 951 3792 Erdeu
962 3723 1096 3792 totalem
1107 3725 1449 3811 requisioionemsnam
1529 3789 1530 3796 ,

328 3851 428 3919 super
444 3829 530 3898 lanto
547 3831 723 3900 earundem
746 3832 988 3920 possessionum
1011 3833 1223 3920 Ketbpeehen
1253 3833 1403 3920 relinquit
1418 3839 1451 3898 et

328 3937 508 4023 resiguauit
525 3946 640 4006 eontra
671 3939 808 4009 eundem
827 3939 1022 4024 Magistrum
1052 3941 1266 4029 Dyoniaium,
1298 3941 1402 4008 dando
1419 3945 1451 4004 et

327 4045 547 4133 permittendo
564 4046 696 4114 easdem
721 4046 943 4132 possessiones
959 4049 1169 4136 Ketbpeahen
1199 4067 1272 4116 oum
1287 4048 1353 4117 suis
1368 4048 1449 4114 utili-

327 4154 452 4222 tatibus
469 4161 501 4220 et
516 4154 725 4241 pertiuenoijs
747 4153 918 4244 uniuersis,
948 4156 984 4223 in
1008 4163 1165 4242 quantum
1181 4155 1290 4242 ipsum
1307 4155 1449 4240 nontigit,
1528 4151 1529 4184 ³

327 4261 432 4331 eidem
447 4260 605 4348 Magistro
620 4262 779 4350 Dyonisio
795 4270 828 4330 et
843 4262 912 4332 suis
928 4263 1103 4334 heredibus
1118 4273 1274 4352 perpetuo
1289 4263 1450 4355 possiden-

328 4369 402 4456 das,
419 4369 580 4438 tenendas
596 4377 628 4439 et
643 4370 831 4457 habaudas3
863 4371 911 4439 ita
926 4379 1036 4441 tamen
1045 4425 1055 4462 ‚
1087 4372 1175 4460 quod
1199 4373 1286 4441 idem
1301 4373 1451 4457 Magister

328 4477 505 4562 Dynnisins
522 4477 558 4544 in
582 4479 839 4565 redempcionem
865 4479 1041 4548 earundem
1057 4481 1300 4568 possessionum
1316 4481 1451 4564 Kelbpe-

329 4583 411 4652 eheu
427 4584 606 4670 assumpsit
629 4584 710 4654 dara
734 4591 768 4654 et
796 4587 923 4657 soluere
939 4587 1094 4657 dunantas
1126 4594 1158 4656 at
1182 4588 1449 4676 vigintiquinque
