<?xml version="1.0" encoding="UTF-8"?>
<!DOCTYPE html PUBLIC "-//W3C//DTD XHTML 1.0 Transitional//EN"
    "http://www.w3.org/TR/xhtml1/DTD/xhtml1-transitional.dtd">
<html xmlns="http://www.w3.org/1999/xhtml" xml:lang="en" lang="en">
 <head>
  <title>
</title>
<meta http-equiv="Content-Type" content="text/html;charset=utf-8" />
  <meta name='ocr-system' content='tesseract 3.04.00' />
  <meta name='ocr-capabilities' content='ocr_page ocr_carea ocr_par ocr_line ocrx_word'/>
</head>
<body>
  <div class='ocr_page' id='page_1' title='image "./codexdiplomatic19wenzgoog_0092.png"; bbox 0 0 3132 5162; ppageno 0'>
   <div class='ocr_carea' id='block_1_1' title="bbox 315 1002 1437 1202">
    <p class='ocr_par' dir='ltr' id='par_1_1' title="bbox 315 1002 1553 1242">
     <span class='ocr_line' id='line_1_1' title="bbox 315 1002 1436 1096; baseline -0.007 -24"><span class='ocrx_word' id='word_1_1' title='bbox 315 1007 363 1072; x_wconf 81' lang='lat' dir='ltr'><strong>Aa</strong></span> <span class='ocrx_word' id='word_1_2' title='bbox 379 1010 449 1096; x_wconf 75' lang='lat' dir='ltr'><strong>apri</strong></span> <span class='ocrx_word' id='word_1_3' title='bbox 464 1005 970 1093; x_wconf 69' lang='lat' dir='ltr'><strong>teptaunaatttzonpsdqlevete,</strong></span> <span class='ocrx_word' id='word_1_4' title='bbox 983 1008 1066 1093; x_wconf 75' lang='lat' dir='ltr'><strong>hcpy</strong></span> <span class='ocrx_word' id='word_1_5' title='bbox 1077 1006 1181 1089; x_wconf 77' lang='lat' dir='ltr'><strong>Batyz</strong></span> <span class='ocrx_word' id='word_1_6' title='bbox 1194 1028 1299 1071; x_wconf 71' lang='lat' dir='ltr'><strong>nonme</strong></span> <span class='ocrx_word' id='word_1_7' title='bbox 1316 1002 1436 1068; x_wconf 73' lang='lat' dir='ltr'><strong>Gonadr</strong></span> 
     </span>
     <span class='ocr_line' id='line_1_2' title="bbox 316 1112 1437 1202; baseline -0.006 -22"><span class='ocrx_word' id='word_1_8' title='bbox 316 1117 441 1202; x_wconf 74' lang='lat' dir='ltr'><strong>helysdp</strong></span> <span class='ocrx_word' id='word_1_9' title='bbox 450 1115 613 1180; x_wconf 78' lang='lat' dir='ltr'><strong>birtokdda</strong></span> <span class='ocrx_word' id='word_1_10' title='bbox 628 1115 813 1194; x_wconf 77' lang='lat' dir='ltr'><strong>ittatratota,</strong></span> <span class='ocrx_word' id='word_1_11' title='bbox 827 1117 923 1180; x_wconf 78' lang='lat' dir='ltr'><strong>canet</strong></span> <span class='ocrx_word' id='word_1_12' title='bbox 934 1114 1201 1199; x_wconf 55' lang='lat' dir='ltr'><strong>temperassent</strong></span> <span class='ocrx_word' id='word_1_13' title='bbox 1210 1116 1326 1199; x_wconf 74' lang='lat' dir='ltr'><strong>epydtt.</strong></span> <span class='ocrx_word' id='word_1_14' title='bbox 1340 1112 1437 1175; x_wconf 81' lang='lat'><em>1291.</em></span> 
     </span>
    </p>
   </div>
   <div class='ocr_carea' id='block_1_2' title="bbox 293 1271 1555 4568">
    <p class='ocr_par' dir='ltr' id='par_1_2' title="bbox 315 1271 1555 2643">
     <span class='ocr_line' id='line_1_3' title="bbox 424 1271 1437 1360; baseline -0.008 -17"><span class='ocrx_word' id='word_1_15' title='bbox 424 1271 609 1360; x_wconf 83' lang='lat' dir='ltr'><strong>(0)mnibus</strong></span> <span class='ocrx_word' id='word_1_16' title='bbox 627 1272 745 1340; x_wconf 77' lang='lat' dir='ltr'>Christi</span> <span class='ocrx_word' id='word_1_17' title='bbox 768 1273 919 1340; x_wconf 85' lang='lat' dir='ltr'><strong>fidelibus</strong></span> <span class='ocrx_word' id='word_1_18' title='bbox 935 1279 1002 1340; x_wconf 91' lang='lat' dir='ltr'><strong>tam</strong></span> <span class='ocrx_word' id='word_1_19' title='bbox 1019 1273 1338 1359; x_wconf 84' lang='lat' dir='ltr'><strong>presentibusquam</strong></span> <span class='ocrx_word' id='word_1_20' title='bbox 1356 1271 1437 1338; x_wconf 88' lang='lat' dir='ltr'><strong>futu·</strong></span> 
     </span>
     <span class='ocr_line' id='line_1_4' title="bbox 318 1378 1438 1466; baseline -0.001 -21"><span class='ocrx_word' id='word_1_21' title='bbox 318 1381 363 1446; x_wconf 92' lang='lat' dir='ltr'><strong>ris</strong></span> <span class='ocrx_word' id='word_1_22' title='bbox 379 1387 560 1464; x_wconf 77' lang='lat' dir='ltr'><strong>presentem</strong></span> <span class='ocrx_word' id='word_1_23' title='bbox 571 1381 725 1464; x_wconf 79' lang='lat' dir='ltr'><strong>paginam</strong></span> <span class='ocrx_word' id='word_1_24' title='bbox 738 1381 931 1466; x_wconf 83' lang='lat' dir='ltr'><strong>inspecturis</strong></span> <span class='ocrx_word' id='word_1_25' title='bbox 941 1379 1127 1464; x_wconf 80' lang='lat' dir='ltr'><strong>Capitulum</strong></span> <span class='ocrx_word' id='word_1_26' title='bbox 1137 1378 1285 1448; x_wconf 81' lang='lat' dir='ltr'><strong>Ecclesia</strong></span> <span class='ocrx_word' id='word_1_27' title='bbox 1300 1378 1438 1461; x_wconf 83' lang='lat' dir='ltr'><strong>Agrien-</strong></span> 
     </span>
     <span class='ocr_line' id='line_1_5' title="bbox 317 1485 1437 1570; baseline -0.003 -18"><span class='ocrx_word' id='word_1_28' title='bbox 317 1487 363 1552; x_wconf 87' lang='lat' dir='ltr'><strong>sis</strong></span> <span class='ocrx_word' id='word_1_29' title='bbox 379 1486 515 1552; x_wconf 87' lang='lat' dir='ltr'><strong>salutem</strong></span> <span class='ocrx_word' id='word_1_30' title='bbox 532 1487 565 1551; x_wconf 91' lang='lat' dir='ltr'><strong>in</strong></span> <span class='ocrx_word' id='word_1_31' title='bbox 582 1485 722 1552; x_wconf 89' lang='lat' dir='ltr'><strong>omnium</strong></span> <span class='ocrx_word' id='word_1_32' title='bbox 755 1487 926 1556; x_wconf 81' lang='lat' dir='ltr'><strong>saltatore.</strong></span> <span class='ocrx_word' id='word_1_33' title='bbox 958 1487 1063 1564; x_wconf 82' lang='lat' dir='ltr'><strong>Quum</strong></span> <span class='ocrx_word' id='word_1_34' title='bbox 1097 1506 1137 1553; x_wconf 90' lang='lat' dir='ltr'><strong>ca</strong></span> <span class='ocrx_word' id='word_1_35' title='bbox 1153 1507 1215 1570; x_wconf 89' lang='lat' dir='ltr'><strong>qne</strong></span> <span class='ocrx_word' id='word_1_36' title='bbox 1247 1491 1390 1570; x_wconf 84' lang='lat' dir='ltr'><strong>aguntur</strong></span> <span class='ocrx_word' id='word_1_37' title='bbox 1405 1485 1437 1550; x_wconf 91' lang='lat' dir='ltr'><strong>in</strong></span> 
     </span>
     <span class='ocr_line' id='line_1_6' title="bbox 315 1591 1437 1680; baseline -0.002 -22"><span class='ocrx_word' id='word_1_38' title='bbox 315 1600 468 1678; x_wconf 88' lang='lat' dir='ltr'><strong>tempore,</strong></span> <span class='ocrx_word' id='word_1_39' title='bbox 483 1613 523 1658; x_wconf 91' lang='lat' dir='ltr'><strong>ne</strong></span> <span class='ocrx_word' id='word_1_40' title='bbox 540 1593 661 1677; x_wconf 89' lang='lat' dir='ltr'><strong>pariter</strong></span> <span class='ocrx_word' id='word_1_41' title='bbox 678 1593 849 1660; x_wconf 81' lang='lat' dir='ltr'><strong>elabantur</strong></span> <span class='ocrx_word' id='word_1_42' title='bbox 874 1612 946 1658; x_wconf 88' lang='lat' dir='ltr'><strong>cum</strong></span> <span class='ocrx_word' id='word_1_43' title='bbox 963 1600 1118 1680; x_wconf 88' lang='lat' dir='ltr'><strong>tempore,</strong></span> <span class='ocrx_word' id='word_1_44' title='bbox 1133 1593 1314 1660; x_wconf 89' lang='lat' dir='ltr'><strong>litterarum</strong></span> <span class='ocrx_word' id='word_1_45' title='bbox 1331 1591 1437 1660; x_wconf 80' lang='lat' dir='ltr'>solent</span> 
     </span>
     <span class='ocr_line' id='line_1_7' title="bbox 318 1699 1438 1798; baseline 0.004 -33"><span class='ocrx_word' id='word_1_46' title='bbox 318 1699 495 1784; x_wconf 89' lang='lat' dir='ltr'><strong>patrocinio</strong></span> <span class='ocrx_word' id='word_1_47' title='bbox 512 1699 664 1784; x_wconf 75' lang='lat' dir='ltr'><strong>solidari,</strong></span> <span class='ocrx_word' id='word_1_48' title='bbox 682 1701 821 1766; x_wconf 86' lang='lat' dir='ltr'><strong>maxime</strong></span> <span class='ocrx_word' id='word_1_49' title='bbox 837 1720 908 1798; x_wconf 82' lang='lat' dir='ltr'><strong>cum</strong></span> <span class='ocrx_word' id='word_1_50' title='bbox 935 1699 968 1765; x_wconf 94' lang='lat' dir='ltr'><strong>id</strong></span> <span class='ocrx_word' id='word_1_51' title='bbox 994 1701 1220 1768; x_wconf 90' lang='lat' dir='ltr'><strong>inconcussum</strong></span> <span class='ocrx_word' id='word_1_52' title='bbox 1237 1707 1438 1784; x_wconf 84' lang='lat' dir='ltr'><strong>perseueret,</strong></span> 
     </span>
     <span class='ocr_line' id='line_1_8' title="bbox 317 1803 1554 1894; baseline 0.001 -20"><span class='ocrx_word' id='word_1_53' title='bbox 317 1807 403 1891; x_wconf 83' lang='lat' dir='ltr'><strong>quod</strong></span> <span class='ocrx_word' id='word_1_54' title='bbox 419 1809 640 1875; x_wconf 80' lang='lat' dir='ltr'><strong>instrumentis</strong></span> <span class='ocrx_word' id='word_1_55' title='bbox 656 1808 796 1894; x_wconf 83' lang='lat' dir='ltr'><strong>publicis</strong></span> <span class='ocrx_word' id='word_1_56' title='bbox 831 1809 1014 1876; x_wconf 85' lang='lat' dir='ltr'><strong>roboratum</strong></span> <span class='ocrx_word' id='word_1_57' title='bbox 1041 1809 1109 1876; x_wconf 84' lang='lat' dir='ltr'><strong>fuit</strong></span> <span class='ocrx_word' id='word_1_58' title='bbox 1134 1807 1275 1875; x_wconf 84' lang='lat' dir='ltr'><strong>Proinde</strong></span> <span class='ocrx_word' id='word_1_59' title='bbox 1306 1807 1352 1871; x_wconf 88' lang='lat' dir='ltr'><strong>ad</strong></span> <span class='ocrx_word' id='word_1_60' title='bbox 1370 1803 1439 1871; x_wconf 88' lang='lat' dir='ltr'><strong>uni·</strong></span> <span class='ocrx_word' id='word_1_61' title='bbox 1553 1809 1554 1876; x_wconf 68' lang='lat' dir='ltr'>j</span> 
     </span>
     <span class='ocr_line' id='line_1_9' title="bbox 320 1911 1438 1999; baseline -0.004 -18"><span class='ocrx_word' id='word_1_62' title='bbox 320 1935 484 1982; x_wconf 87' lang='lat' dir='ltr'><strong>uersorum</strong></span> <span class='ocrx_word' id='word_1_63' title='bbox 502 1915 655 1982; x_wconf 81' lang='lat' dir='ltr'><strong>noticiam</strong></span> <span class='ocrx_word' id='word_1_64' title='bbox 672 1916 787 1982; x_wconf 88' lang='lat' dir='ltr'><strong>harum</strong></span> <span class='ocrx_word' id='word_1_65' title='bbox 813 1917 896 1982; x_wconf 90' lang='lat' dir='ltr'><strong>serie</strong></span> <span class='ocrx_word' id='word_1_66' title='bbox 914 1918 1061 1982; x_wconf 86' lang='lat' dir='ltr'><strong>uolumus</strong></span> <span class='ocrx_word' id='word_1_67' title='bbox 1078 1915 1257 1999; x_wconf 88' lang='lat' dir='ltr'><strong>peruenire,</strong></span> <span class='ocrx_word' id='word_1_68' title='bbox 1275 1913 1362 1996; x_wconf 88' lang='lat' dir='ltr'><strong>quod</strong></span> <span class='ocrx_word' id='word_1_69' title='bbox 1378 1911 1438 1978; x_wconf 81' lang='lat' dir='ltr'><strong>Go-</strong></span> 
     </span>
     <span class='ocr_line' id='line_1_10' title="bbox 318 2021 1440 2110; baseline -0.001 -24"><span class='ocrx_word' id='word_1_70' title='bbox 318 2042 385 2089; x_wconf 89' lang='lat' dir='ltr'><strong>mes</strong></span> <span class='ocrx_word' id='word_1_71' title='bbox 400 2023 502 2106; x_wconf 87' lang='lat' dir='ltr'><strong>Batyz</strong></span> <span class='ocrx_word' id='word_1_72' title='bbox 518 2023 666 2110; x_wconf 85' lang='lat' dir='ltr'><strong>Magnus,</strong></span> <span class='ocrx_word' id='word_1_73' title='bbox 682 2022 768 2091; x_wconf 87' lang='lat' dir='ltr'><strong>filius</strong></span> <span class='ocrx_word' id='word_1_74' title='bbox 786 2023 929 2106; x_wconf 78' lang='lat' dir='ltr'><strong>Marinus,</strong></span> <span class='ocrx_word' id='word_1_75' title='bbox 948 2023 1162 2106; x_wconf 78' lang='lat' dir='ltr'><strong>personaliter</strong></span> <span class='ocrx_word' id='word_1_76' title='bbox 1178 2023 1213 2088; x_wconf 91' lang='lat' dir='ltr'><strong>in</strong></span> <span class='ocrx_word' id='word_1_77' title='bbox 1227 2021 1331 2088; x_wconf 85' lang='lat' dir='ltr'><strong>nostri</strong></span> <span class='ocrx_word' id='word_1_78' title='bbox 1347 2039 1440 2087; x_wconf 84' lang='lat' dir='ltr'><strong>acce·</strong></span> 
     </span>
     <span class='ocr_line' id='line_1_11' title="bbox 322 2125 1555 2222; baseline 0 -28"><span class='ocrx_word' id='word_1_79' title='bbox 322 2129 402 2196; x_wconf 89' lang='lat' dir='ltr'><strong>dens</strong></span> <span class='ocrx_word' id='word_1_80' title='bbox 416 2129 628 2213; x_wconf 80' lang='lat' dir='ltr'><strong>presenciam,</strong></span> <span class='ocrx_word' id='word_1_81' title='bbox 640 2129 786 2196; x_wconf 83' lang='lat' dir='ltr'><strong>exhibuit</strong></span> <span class='ocrx_word' id='word_1_82' title='bbox 802 2127 894 2196; x_wconf 88' lang='lat' dir='ltr'><strong>nobis</strong></span> <span class='ocrx_word' id='word_1_83' title='bbox 910 2129 1036 2195; x_wconf 88' lang='lat' dir='ltr'><strong>litteras</strong></span> <span class='ocrx_word' id='word_1_84' title='bbox 1053 2129 1174 2195; x_wconf 89' lang='lat' dir='ltr'><strong>domini</strong></span> <span class='ocrx_word' id='word_1_85' title='bbox 1192 2127 1294 2194; x_wconf 89' lang='lat' dir='ltr'><strong>nostri</strong></span> <span class='ocrx_word' id='word_1_86' title='bbox 1309 2125 1441 2194; x_wconf 85' lang='lat' dir='ltr'><strong>Andrec</strong></span> <span class='ocrx_word' id='word_1_87' title='bbox 1554 2171 1555 2222; x_wconf 70' lang='lat'><strong>,</strong></span> 
     </span>
     <span class='ocr_line' id='line_1_12' title="bbox 318 2233 1555 2320; baseline -0.003 -19"><span class='ocrx_word' id='word_1_88' title='bbox 318 2234 530 2302; x_wconf 83' lang='lat' dir='ltr'><strong>illustrissimi</strong></span> <span class='ocrx_word' id='word_1_89' title='bbox 540 2235 833 2318; x_wconf 85' lang='lat' dir='ltr'><strong>Regianngaric;</strong></span> <span class='ocrx_word' id='word_1_90' title='bbox 851 2255 986 2320; x_wconf 86' lang='lat' dir='ltr'><strong>quarum</strong></span> <span class='ocrx_word' id='word_1_91' title='bbox 1004 2233 1133 2318; x_wconf 87' lang='lat' dir='ltr'><strong>quidem</strong></span> <span class='ocrx_word' id='word_1_92' title='bbox 1150 2236 1330 2302; x_wconf 88' lang='lat' dir='ltr'><strong>littorarnm</strong></span> <span class='ocrx_word' id='word_1_93' title='bbox 1348 2241 1441 2301; x_wconf 89' lang='lat' dir='ltr'><strong>tenor</strong></span> <span class='ocrx_word' id='word_1_94' title='bbox 1554 2271 1555 2290; x_wconf 50' lang='grc' dir='ltr'><strong>ι</strong></span> 
     </span>
     <span class='ocr_line' id='line_1_13' title="bbox 316 2342 1231 2410; baseline -0.004 -2"><span class='ocrx_word' id='word_1_95' title='bbox 316 2342 392 2410; x_wconf 87' lang='lat' dir='ltr'><strong>talis</strong></span> <span class='ocrx_word' id='word_1_96' title='bbox 408 2363 466 2408; x_wconf 91' lang='lat' dir='ltr'><strong>es:</strong></span> <span class='ocrx_word' id='word_1_97' title='bbox 1226 2378 1231 2404; x_wconf 63' lang='lat' dir='ltr'><strong>r</strong></span> 
     </span>
     <span class='ocr_line' id='line_1_14' title="bbox 424 2445 1444 2534; baseline 0 -22"><span class='ocrx_word' id='word_1_98' title='bbox 424 2447 572 2515; x_wconf 80' lang='lat' dir='ltr'><strong>Andreas</strong></span> <span class='ocrx_word' id='word_1_99' title='bbox 588 2449 629 2514; x_wconf 88' lang='lat' dir='ltr'><strong>D.</strong></span> <span class='ocrx_word' id='word_1_100' title='bbox 645 2469 691 2532; x_wconf 83' lang='lat' dir='ltr'><strong>gr.</strong></span> <span class='ocrx_word' id='word_1_101' title='bbox 707 2451 777 2516; x_wconf 83' lang='lat' dir='ltr'><strong>Rex</strong></span> <span class='ocrx_word' id='word_1_102' title='bbox 794 2449 902 2534; x_wconf 85' lang='lat' dir='ltr'><strong>Hung.</strong></span> <span class='ocrx_word' id='word_1_103' title='bbox 924 2452 984 2516; x_wconf 91' lang='lat' dir='ltr'><strong>stb.</strong></span> <span class='ocrx_word' id='word_1_104' title='bbox 1010 2447 1220 2530; x_wconf 85' lang='lat' dir='ltr'><strong>(ktivetkczik</strong></span> <span class='ocrx_word' id='word_1_105' title='bbox 1246 2447 1302 2514; x_wconf 89' lang='lat'><em>111.</em></span> <span class='ocrx_word' id='word_1_106' title='bbox 1331 2445 1444 2512; x_wconf 79' lang='lat' dir='ltr'><strong>Endre</strong></span> 
     </span>
     <span class='ocr_line' id='line_1_15' title="bbox 319 2552 1293 2643; baseline -0.004 -21"><span class='ocrx_word' id='word_1_107' title='bbox 319 2555 497 2641; x_wconf 72' lang='lat' dir='ltr'><strong>kirtlynak</strong></span> <span class='ocrx_word' id='word_1_108' title='bbox 513 2555 647 2623; x_wconf 79' lang='lat' dir='ltr'><strong>ilrtattrsi</strong></span> <span class='ocrx_word' id='word_1_109' title='bbox 674 2575 848 2643; x_wconf 89' lang='lat' dir='ltr'><strong>parancsa,</strong></span> <span class='ocrx_word' id='word_1_110' title='bbox 864 2557 946 2622; x_wconf 87' lang='lat' dir='ltr'><strong>mint</strong></span> <span class='ocrx_word' id='word_1_111' title='bbox 962 2556 1091 2623; x_wconf 86' lang='lat' dir='ltr'><strong>fentebb</strong></span> <span class='ocrx_word' id='word_1_112' title='bbox 1117 2557 1169 2622; x_wconf 87' lang='lat'><strong>13.</strong></span> <span class='ocrx_word' id='word_1_113' title='bbox 1187 2574 1229 2622; x_wconf 85' lang='lat' dir='ltr'><strong>sn.</strong></span> <span class='ocrx_word' id='word_1_114' title='bbox 1246 2552 1293 2640; x_wconf 73' lang='lat' dir='ltr'><strong>az)</strong></span> 
     </span>
    </p>

    <p class='ocr_par' dir='ltr' id='par_1_3' title="bbox 313 2659 1465 3920">
     <span class='ocr_line' id='line_1_16' title="bbox 425 2659 1446 2748; baseline -0.002 -22"><span class='ocrx_word' id='word_1_115' title='bbox 425 2662 490 2726; x_wconf 84' lang='lat' dir='ltr'><strong>Nos</strong></span> <span class='ocrx_word' id='word_1_116' title='bbox 507 2661 621 2744; x_wconf 87' lang='lat' dir='ltr'><strong>itaque</strong></span> <span class='ocrx_word' id='word_1_117' title='bbox 632 2661 795 2748; x_wconf 89' lang='lat' dir='ltr'><strong>preceptis</strong></span> <span class='ocrx_word' id='word_1_118' title='bbox 819 2661 919 2745; x_wconf 82' lang='lat' dir='ltr'><strong>Regis</strong></span> <span class='ocrx_word' id='word_1_119' title='bbox 935 2661 1141 2728; x_wconf 81' lang='lat' dir='ltr'><strong>Excellencie</strong></span> <span class='ocrx_word' id='word_1_120' title='bbox 1159 2659 1293 2729; x_wconf 87' lang='lat' dir='ltr'><strong>obedire</strong></span> <span class='ocrx_word' id='word_1_121' title='bbox 1308 2659 1446 2744; x_wconf 81' lang='lat' dir='ltr'><strong>cupien-</strong></span> 
     </span>
     <span class='ocr_line' id='line_1_17' title="bbox 316 2765 1447 2852; baseline -0.004 -17"><span class='ocrx_word' id='word_1_122' title='bbox 316 2773 376 2852; x_wconf 86' lang='lat' dir='ltr'><strong>tes,</strong></span> <span class='ocrx_word' id='word_1_123' title='bbox 394 2773 428 2833; x_wconf 84' lang='lat' dir='ltr'><strong>vt</strong></span> <span class='ocrx_word' id='word_1_124' title='bbox 443 2773 598 2852; x_wconf 87' lang='lat' dir='ltr'><strong>tenemur,</strong></span> <span class='ocrx_word' id='word_1_125' title='bbox 615 2767 803 2852; x_wconf 85' lang='lat' dir='ltr'><strong>Magistrum</strong></span> <span class='ocrx_word' id='word_1_126' title='bbox 822 2769 981 2834; x_wconf 89' lang='lat' dir='ltr'><strong>Briccinm</strong></span> <span class='ocrx_word' id='word_1_127' title='bbox 997 2769 1119 2833; x_wconf 88' lang='lat' dir='ltr'><strong>socium</strong></span> <span class='ocrx_word' id='word_1_128' title='bbox 1136 2773 1168 2832; x_wconf 91' lang='lat' dir='ltr'><strong>et</strong></span> <span class='ocrx_word' id='word_1_129' title='bbox 1183 2765 1447 2833; x_wconf 77' lang='lat' dir='ltr'><strong>concanonicum</strong></span> 
     </span>
     <span class='ocr_line' id='line_1_18' title="bbox 316 2871 1449 2958; baseline -0.001 -20"><span class='ocrx_word' id='word_1_130' title='bbox 316 2881 459 2940; x_wconf 87' lang='lat' dir='ltr'><strong>nostrum</strong></span> <span class='ocrx_word' id='word_1_131' title='bbox 476 2893 514 2938; x_wconf 87' lang='lat' dir='ltr'><strong>ac</strong></span> <span class='ocrx_word' id='word_1_132' title='bbox 530 2871 813 2957; x_wconf 83' lang='lat' dir='ltr'><strong>Archydiaeonnm</strong></span> <span class='ocrx_word' id='word_1_133' title='bbox 846 2875 886 2939; x_wconf 89' lang='lat' dir='ltr'><strong>de</strong></span> <span class='ocrx_word' id='word_1_134' title='bbox 912 2875 1114 2958; x_wconf 85' lang='lat' dir='ltr'><strong>Zabowchy,</strong></span> <span class='ocrx_word' id='word_1_135' title='bbox 1131 2891 1196 2938; x_wconf 89' lang='lat' dir='ltr'><strong>vna</strong></span> <span class='ocrx_word' id='word_1_136' title='bbox 1219 2892 1291 2939; x_wconf 90' lang='lat' dir='ltr'><strong>cum</strong></span> <span class='ocrx_word' id='word_1_137' title='bbox 1307 2871 1449 2940; x_wconf 92' lang='lat' dir='ltr'><strong>homine</strong></span> 
     </span>
     <span class='ocr_line' id='line_1_19' title="bbox 315 2979 1450 3065; baseline 0 -18"><span class='ocrx_word' id='word_1_138' title='bbox 315 2980 418 3065; x_wconf 83' lang='lat' dir='ltr'><strong>Regio</strong></span> <span class='ocrx_word' id='word_1_139' title='bbox 435 2979 588 3046; x_wconf 87' lang='lat' dir='ltr'><strong>videlieet</strong></span> <span class='ocrx_word' id='word_1_140' title='bbox 604 2981 693 3047; x_wconf 87' lang='lat' dir='ltr'><strong>Bcke</strong></span> <span class='ocrx_word' id='word_1_141' title='bbox 710 2981 774 3046; x_wconf 86' lang='lat' dir='ltr'><strong>titio</strong></span> <span class='ocrx_word' id='word_1_142' title='bbox 790 2981 922 3047; x_wconf 82' lang='lat' dir='ltr'><strong>Pannan</strong></span> <span class='ocrx_word' id='word_1_143' title='bbox 941 2981 983 3047; x_wconf 89' lang='lat' dir='ltr'><strong>de</strong></span> <span class='ocrx_word' id='word_1_144' title='bbox 999 2981 1060 3046; x_wconf 87' lang='lat' dir='ltr'><strong>Val</strong></span> <span class='ocrx_word' id='word_1_145' title='bbox 1076 2979 1117 3044; x_wconf 89' lang='lat' dir='ltr'><strong>ad</strong></span> <span class='ocrx_word' id='word_1_146' title='bbox 1134 2981 1351 3046; x_wconf 87' lang='lat' dir='ltr'><strong>statoeicnem</strong></span> <span class='ocrx_word' id='word_1_147' title='bbox 1368 3000 1450 3064; x_wconf 87' lang='lat' dir='ltr'><strong>pre-</strong></span> 
     </span>
     <span class='ocr_line' id='line_1_20' title="bbox 317 3083 1451 3174; baseline 0.005 -25"><span class='ocrx_word' id='word_1_148' title='bbox 317 3083 400 3153; x_wconf 86' lang='lat' dir='ltr'><strong>dicte</strong></span> <span class='ocrx_word' id='word_1_149' title='bbox 415 3085 632 3171; x_wconf 89' lang='lat' dir='ltr'><strong>possessionis</strong></span> <span class='ocrx_word' id='word_1_150' title='bbox 649 3087 790 3172; x_wconf 79' lang='lat' dir='ltr'><strong>Gnmur,</strong></span> <span class='ocrx_word' id='word_1_151' title='bbox 807 3095 839 3156; x_wconf 90' lang='lat' dir='ltr'><strong>et</strong></span> <span class='ocrx_word' id='word_1_152' title='bbox 856 3087 965 3156; x_wconf 87' lang='lat' dir='ltr'><strong>omnia</strong></span> <span class='ocrx_word' id='word_1_153' title='bbox 981 3088 1140 3174; x_wconf 87' lang='lat' dir='ltr'><strong>premissa</strong></span> <span class='ocrx_word' id='word_1_154' title='bbox 1157 3086 1349 3168; x_wconf 83' lang='lat' dir='ltr'><strong>exequenda</strong></span> <span class='ocrx_word' id='word_1_155' title='bbox 1366 3086 1451 3174; x_wconf 91' lang='lat' dir='ltr'><strong>(de-</strong></span> 
     </span>
     <span class='ocr_line' id='line_1_21' title="bbox 316 3181 1453 3277; baseline 0.003 -19"><span class='ocrx_word' id='word_1_156' title='bbox 316 3181 522 3277; x_wconf 86' lang='lat' dir='ltr'><strong>stinauimus)</strong></span> <span class='ocrx_word' id='word_1_157' title='bbox 536 3219 543 3274; x_wconf 78' lang='lat'>3</span> <span class='ocrx_word' id='word_1_158' title='bbox 559 3191 614 3274; x_wconf 89' lang='lat' dir='ltr'><strong>qni</strong></span> <span class='ocrx_word' id='word_1_159' title='bbox 632 3192 759 3258; x_wconf 83' lang='lat' dir='ltr'><strong>demum</strong></span> <span class='ocrx_word' id='word_1_160' title='bbox 777 3193 819 3258; x_wconf 84' lang='lat' dir='ltr'><strong>ad</strong></span> <span class='ocrx_word' id='word_1_161' title='bbox 846 3215 905 3262; x_wconf 92' lang='lat' dir='ltr'><strong>nos</strong></span> <span class='ocrx_word' id='word_1_162' title='bbox 921 3195 1042 3262; x_wconf 87' lang='lat' dir='ltr'><strong>reuersi</strong></span> <span class='ocrx_word' id='word_1_163' title='bbox 1063 3194 1155 3260; x_wconf 87' lang='lat' dir='ltr'><strong>nobis</strong></span> <span class='ocrx_word' id='word_1_164' title='bbox 1173 3191 1379 3261; x_wconf 76' lang='lat' dir='ltr'><strong>coincorditer</strong></span> <span class='ocrx_word' id='word_1_165' title='bbox 1396 3215 1453 3261; x_wconf 89' lang='lat' dir='ltr'><strong>re-</strong></span> 
     </span>
     <span class='ocr_line' id='line_1_22' title="bbox 314 3298 1455 3386; baseline 0.004 -22"><span class='ocrx_word' id='word_1_166' title='bbox 314 3299 465 3382; x_wconf 86' lang='lat' dir='ltr'><strong>tulerunt,</strong></span> <span class='ocrx_word' id='word_1_167' title='bbox 483 3298 569 3379; x_wconf 88' lang='lat' dir='ltr'><strong>quod</strong></span> <span class='ocrx_word' id='word_1_168' title='bbox 585 3299 648 3382; x_wconf 88' lang='lat' dir='ltr'><strong>ipsi</strong></span> <span class='ocrx_word' id='word_1_169' title='bbox 678 3299 761 3365; x_wconf 85' lang='lat' dir='ltr'><strong>feria</strong></span> <span class='ocrx_word' id='word_1_170' title='bbox 792 3301 935 3368; x_wconf 87' lang='lat' dir='ltr'><strong>secunda</strong></span> <span class='ocrx_word' id='word_1_171' title='bbox 968 3301 1117 3386; x_wconf 84' lang='lat' dir='ltr'><strong>proxima</strong></span> <span class='ocrx_word' id='word_1_172' title='bbox 1148 3307 1225 3366; x_wconf 90' lang='lat' dir='ltr'><strong>ante</strong></span> <span class='ocrx_word' id='word_1_173' title='bbox 1244 3299 1364 3365; x_wconf 79' lang='lat' dir='ltr'><strong>festum</strong></span> <span class='ocrx_word' id='word_1_174' title='bbox 1384 3305 1455 3369; x_wconf 86' lang='lat' dir='ltr'><strong>As·</strong></span> 
     </span>
     <span class='ocr_line' id='line_1_23' title="bbox 316 3403 1456 3490; baseline 0.005 -20"><span class='ocrx_word' id='word_1_175' title='bbox 316 3403 509 3489; x_wconf 88' lang='lat' dir='ltr'><strong>sumpeionis</strong></span> <span class='ocrx_word' id='word_1_176' title='bbox 532 3405 632 3470; x_wconf 82' lang='lat' dir='ltr'><strong>Beate</strong></span> <span class='ocrx_word' id='word_1_177' title='bbox 664 3407 806 3490; x_wconf 83' lang='lat' dir='ltr'><strong>Virginis</strong></span> <span class='ocrx_word' id='word_1_178' title='bbox 824 3407 973 3476; x_wconf 79' lang='lat' dir='ltr'><strong>Glorioso</strong></span> <span class='ocrx_word' id='word_1_179' title='bbox 1004 3408 1218 3474; x_wconf 79' lang='lat' dir='ltr'><strong>accessissent</strong></span> <span class='ocrx_word' id='word_1_180' title='bbox 1249 3405 1456 3475; x_wconf 84' lang='lat' dir='ltr'><strong>adfaciem</strong></span> 
     </span>
     <span class='ocr_line' id='line_1_24' title="bbox 316 3513 1456 3598; baseline 0.006 -23"><span class='ocrx_word' id='word_1_181' title='bbox 316 3515 483 3597; x_wconf 91' lang='lat' dir='ltr'><strong>prenotate</strong></span> <span class='ocrx_word' id='word_1_182' title='bbox 500 3513 714 3594; x_wconf 88' lang='lat' dir='ltr'><strong>possessionis</strong></span> <span class='ocrx_word' id='word_1_183' title='bbox 731 3516 864 3598; x_wconf 77' lang='lat' dir='ltr'><strong>Gumtrr,</strong></span> <span class='ocrx_word' id='word_1_184' title='bbox 875 3525 907 3582; x_wconf 91' lang='lat' dir='ltr'><strong>et</strong></span> <span class='ocrx_word' id='word_1_185' title='bbox 919 3517 1044 3584; x_wconf 87' lang='lat' dir='ltr'><strong>vicinos</strong></span> <span class='ocrx_word' id='word_1_186' title='bbox 1058 3523 1090 3582; x_wconf 89' lang='lat' dir='ltr'><strong>et</strong></span> <span class='ocrx_word' id='word_1_187' title='bbox 1107 3522 1345 3582; x_wconf 86' lang='lat' dir='ltr'><strong>commetaneos</strong></span> <span class='ocrx_word' id='word_1_188' title='bbox 1361 3535 1456 3584; x_wconf 88' lang='lat' dir='ltr'><strong>suos</strong></span> 
     </span>
     <span class='ocr_line' id='line_1_25' title="bbox 315 3618 1461 3710; baseline 0.003 -24"><span class='ocrx_word' id='word_1_189' title='bbox 315 3618 481 3686; x_wconf 81' lang='lat' dir='ltr'><strong>uniuersos</strong></span> <span class='ocrx_word' id='word_1_190' title='bbox 498 3619 577 3684; x_wconf 91' lang='lat' dir='ltr'><strong>inibi</strong></span> <span class='ocrx_word' id='word_1_191' title='bbox 595 3619 737 3705; x_wconf 89' lang='lat' dir='ltr'><strong>legitimo</strong></span> <span class='ocrx_word' id='word_1_192' title='bbox 753 3624 984 3710; x_wconf 79' lang='lat' dir='ltr'><strong>consonando,</strong></span> <span class='ocrx_word' id='word_1_193' title='bbox 1006 3622 1142 3691; x_wconf 90' lang='lat' dir='ltr'><strong>eundem</strong></span> <span class='ocrx_word' id='word_1_194' title='bbox 1160 3622 1315 3690; x_wconf 80' lang='lat' dir='ltr'><strong>Comitem</strong></span> <span class='ocrx_word' id='word_1_195' title='bbox 1334 3619 1461 3708; x_wconf 79' lang='lat' dir='ltr'><strong>Batyz</strong></span> 
     </span>
     <span class='ocr_line' id='line_1_26' title="bbox 314 3723 1462 3814; baseline 0.004 -23"><span class='ocrx_word' id='word_1_196' title='bbox 314 3724 357 3791; x_wconf 93' lang='lat' dir='ltr'><strong>ad</strong></span> <span class='ocrx_word' id='word_1_197' title='bbox 368 3723 547 3811; x_wconf 88' lang='lat' dir='ltr'><strong>predictam</strong></span> <span class='ocrx_word' id='word_1_198' title='bbox 564 3729 799 3812; x_wconf 89' lang='lat' dir='ltr'><strong>possessionem</strong></span> <span class='ocrx_word' id='word_1_199' title='bbox 817 3731 942 3798; x_wconf 81' lang='lat' dir='ltr'><strong>Gumur</strong></span> <span class='ocrx_word' id='word_1_200' title='bbox 973 3731 1182 3814; x_wconf 85' lang='lat' dir='ltr'><strong>statuissent,</strong></span> <span class='ocrx_word' id='word_1_201' title='bbox 1206 3749 1264 3813; x_wconf 91' lang='lat' dir='ltr'><strong>per</strong></span> <span class='ocrx_word' id='word_1_202' title='bbox 1282 3727 1400 3810; x_wconf 88' lang='lat' dir='ltr'><strong>ipsum</strong></span> <span class='ocrx_word' id='word_1_203' title='bbox 1423 3737 1462 3796; x_wconf 86' lang='lat' dir='ltr'><strong>et</strong></span> 
     </span>
     <span class='ocr_line' id='line_1_27' title="bbox 313 3833 1465 3920; baseline 0.006 -22"><span class='ocrx_word' id='word_1_204' title='bbox 313 3833 450 3899; x_wconf 86' lang='lat' dir='ltr'><strong>heredes</strong></span> <span class='ocrx_word' id='word_1_205' title='bbox 466 3853 562 3914; x_wconf 90' lang='lat' dir='ltr'><strong>snos,</strong></span> <span class='ocrx_word' id='word_1_206' title='bbox 592 3835 808 3920; x_wconf 87' lang='lat' dir='ltr'><strong>heredumque</strong></span> <span class='ocrx_word' id='word_1_207' title='bbox 824 3857 955 3904; x_wconf 84' lang='lat' dir='ltr'><strong>suornm</strong></span> <span class='ocrx_word' id='word_1_208' title='bbox 974 3857 1177 3906; x_wconf 87' lang='lat' dir='ltr'><strong>successores</strong></span> <span class='ocrx_word' id='word_1_209' title='bbox 1187 3837 1262 3918; x_wconf 86' lang='lat' dir='ltr'><strong>jnre</strong></span> <span class='ocrx_word' id='word_1_210' title='bbox 1278 3845 1465 3918; x_wconf 84' lang='lat' dir='ltr'><strong>perpetuo</strong></span> 
     </span>
    </p>

    <p class='ocr_par' dir='ltr' id='par_1_4' title="bbox 293 3939 1474 4568">
     <span class='ocr_line' id='line_1_28' title="bbox 293 3939 1463 4034; baseline 0.006 -29"><span class='ocrx_word' id='word_1_211' title='bbox 293 3985 297 3990; x_wconf 91' lang='lat'>-</span> <span class='ocrx_word' id='word_1_212' title='bbox 313 3939 448 4024; x_wconf 88' lang='lat' dir='ltr'><strong>pacifice</strong></span> <span class='ocrx_word' id='word_1_213' title='bbox 465 3947 497 4007; x_wconf 88' lang='lat' dir='ltr'><strong>et</strong></span> <span class='ocrx_word' id='word_1_214' title='bbox 512 3941 769 4009; x_wconf 87' lang='lat' dir='ltr'><strong>irreuoeabiliter</strong></span> <span class='ocrx_word' id='word_1_215' title='bbox 789 3944 1040 4034; x_wconf 80' lang='lat' dir='ltr'><strong>possidendam,</strong></span> <span class='ocrx_word' id='word_1_216' title='bbox 1071 3942 1243 4011; x_wconf 83' lang='lat' dir='ltr'><strong>tenendam</strong></span> <span class='ocrx_word' id='word_1_217' title='bbox 1262 3941 1404 4026; x_wconf 83' lang='lat' dir='ltr'><strong>pariter</strong></span> <span class='ocrx_word' id='word_1_218' title='bbox 1425 3959 1463 4012; x_wconf 86' lang='lat' dir='ltr'><strong>er</strong></span> 
     </span>
     <span class='ocr_line' id='line_1_29' title="bbox 313 4045 1465 4136; baseline 0.007 -27"><span class='ocrx_word' id='word_1_219' title='bbox 313 4045 514 4131; x_wconf 80' lang='lat' dir='ltr'><strong>habendam3</strong></span> <span class='ocrx_word' id='word_1_220' title='bbox 532 4050 714 4115; x_wconf 87' lang='lat' dir='ltr'><strong>statncione</strong></span> <span class='ocrx_word' id='word_1_221' title='bbox 730 4057 838 4117; x_wconf 90' lang='lat' dir='ltr'><strong>antem</strong></span> <span class='ocrx_word' id='word_1_222' title='bbox 870 4050 957 4118; x_wconf 82' lang='lat' dir='ltr'><strong>taeta</strong></span> <span class='ocrx_word' id='word_1_223' title='bbox 972 4073 1029 4136; x_wconf 88' lang='lat' dir='ltr'><strong>per·</strong></span> <span class='ocrx_word' id='word_1_224' title='bbox 1055 4049 1222 4116; x_wconf 89' lang='lat' dir='ltr'><strong>continuos</strong></span> <span class='ocrx_word' id='word_1_225' title='bbox 1239 4047 1309 4113; x_wconf 89' lang='lat' dir='ltr'><strong>dies</strong></span> <span class='ocrx_word' id='word_1_226' title='bbox 1324 4046 1465 4135; x_wconf 76' lang='lat' dir='ltr'><strong>legiti-</strong></span> 
     </span>
     <span class='ocr_line' id='line_1_30' title="bbox 313 4151 1467 4242; baseline 0.005 -24"><span class='ocrx_word' id='word_1_227' title='bbox 313 4171 383 4218; x_wconf 91' lang='lat' dir='ltr'><strong>mos</strong></span> <span class='ocrx_word' id='word_1_228' title='bbox 398 4151 432 4217; x_wconf 95' lang='lat' dir='ltr'><strong>in</strong></span> <span class='ocrx_word' id='word_1_229' title='bbox 450 4151 562 4220; x_wconf 89' lang='lat' dir='ltr'><strong>eadem</strong></span> <span class='ocrx_word' id='word_1_230' title='bbox 574 4156 780 4240; x_wconf 88' lang='lat' dir='ltr'><strong>possessione</strong></span> <span class='ocrx_word' id='word_1_231' title='bbox 791 4165 1029 4242; x_wconf 83' lang='lat' dir='ltr'><strong>exspectantes,</strong></span> <span class='ocrx_word' id='word_1_232' title='bbox 1041 4158 1068 4221; x_wconf 91' lang='lat' dir='ltr'><strong>si</strong></span> <span class='ocrx_word' id='word_1_233' title='bbox 1085 4176 1143 4241; x_wconf 89' lang='lat' dir='ltr'><strong>per</strong></span> <span class='ocrx_word' id='word_1_234' title='bbox 1158 4157 1344 4239; x_wconf 83' lang='lat' dir='ltr'><strong>qnempiam</strong></span> <span class='ocrx_word' id='word_1_235' title='bbox 1368 4179 1467 4230; x_wconf 85' lang='lat' dir='ltr'><strong>con-</strong></span> 
     </span>
     <span class='ocr_line' id='line_1_31' title="bbox 312 4259 1471 4350; baseline 0.008 -25"><span class='ocrx_word' id='word_1_236' title='bbox 312 4259 485 4327; x_wconf 85' lang='lat' dir='ltr'><strong>tradictum</strong></span> <span class='ocrx_word' id='word_1_237' title='bbox 504 4263 685 4347; x_wconf 76' lang='lat' dir='ltr'><strong>extitisset,</strong></span> <span class='ocrx_word' id='word_1_238' title='bbox 702 4263 939 4331; x_wconf 82' lang='lat' dir='ltr'><strong>contradictore</strong></span> <span class='ocrx_word' id='word_1_239' title='bbox 967 4285 1043 4331; x_wconf 87' lang='lat' dir='ltr'><strong>uero</strong></span> <span class='ocrx_word' id='word_1_240' title='bbox 1075 4263 1166 4328; x_wconf 88' lang='lat' dir='ltr'><strong>nullo</strong></span> <span class='ocrx_word' id='word_1_241' title='bbox 1183 4261 1358 4350; x_wconf 81' lang='lat' dir='ltr'><strong>existento,</strong></span> <span class='ocrx_word' id='word_1_242' title='bbox 1382 4290 1471 4338; x_wconf 84' lang='lat' dir='ltr'><strong>vna</strong></span> 
     </span>
     <span class='ocr_line' id='line_1_32' title="bbox 313 4366 1473 4454; baseline 0.005 -22"><span class='ocrx_word' id='word_1_243' title='bbox 313 4386 384 4433; x_wconf 89' lang='lat' dir='ltr'><strong>cnm</strong></span> <span class='ocrx_word' id='word_1_244' title='bbox 403 4366 524 4436; x_wconf 87' lang='lat' dir='ltr'><strong>eisdem</strong></span> <span class='ocrx_word' id='word_1_245' title='bbox 542 4368 658 4437; x_wconf 82' lang='lat' dir='ltr'><strong>vicinis</strong></span> <span class='ocrx_word' id='word_1_246' title='bbox 673 4377 705 4436; x_wconf 91' lang='lat' dir='ltr'><strong>et</strong></span> <span class='ocrx_word' id='word_1_247' title='bbox 722 4373 952 4439; x_wconf 87' lang='lat' dir='ltr'><strong>commetaneis</strong></span> <span class='ocrx_word' id='word_1_248' title='bbox 977 4372 1122 4439; x_wconf 90' lang='lat' dir='ltr'><strong>eiusdem</strong></span> <span class='ocrx_word' id='word_1_249' title='bbox 1139 4371 1363 4454; x_wconf 85' lang='lat' dir='ltr'><strong>possessionis</strong></span> <span class='ocrx_word' id='word_1_250' title='bbox 1387 4377 1473 4448; x_wconf 78' lang='lat' dir='ltr'><strong>Gu-</strong></span> 
     </span>
     <span class='ocr_line' id='line_1_33' title="bbox 312 4469 1474 4568; baseline 0.005 -30"><span class='ocrx_word' id='word_1_251' title='bbox 312 4491 391 4560; x_wconf 90' lang='lat' dir='ltr'><strong>mnr,</strong></span> <span class='ocrx_word' id='word_1_252' title='bbox 409 4492 448 4540; x_wconf 88' lang='lat' dir='ltr'><strong>ac</strong></span> <span class='ocrx_word' id='word_1_253' title='bbox 465 4475 541 4558; x_wconf 81' lang='lat' dir='ltr'><strong>atiJ‘s</strong></span> <span class='ocrx_word' id='word_1_254' title='bbox 559 4469 722 4545; x_wconf 84' lang='lat' dir='ltr'><strong>nobilibus</strong></span> <span class='ocrx_word' id='word_1_255' title='bbox 739 4499 834 4562; x_wconf 88' lang='lat' dir='ltr'><strong>quam</strong></span> <span class='ocrx_word' id='word_1_256' title='bbox 851 4479 1010 4565; x_wconf 89' lang='lat' dir='ltr'><strong>plurimis,</strong></span> <span class='ocrx_word' id='word_1_257' title='bbox 1019 4499 1075 4565; x_wconf 90' lang='lat' dir='ltr'><strong>per</strong></span> <span class='ocrx_word' id='word_1_258' title='bbox 1089 4483 1214 4546; x_wconf 86' lang='lat' dir='ltr'><strong>ueteres</strong></span> <span class='ocrx_word' id='word_1_259' title='bbox 1231 4484 1263 4543; x_wconf 86' lang='lat' dir='ltr'><strong>ct</strong></span> <span class='ocrx_word' id='word_1_260' title='bbox 1280 4476 1474 4568; x_wconf 57' lang='lat' dir='ltr'><strong>antiqu„</strong></span> 
     </span>
    </p>
   </div>
   <div class='ocr_carea' id='block_1_3' title="bbox 0 0 1570 5162">
    <p class='ocr_par' dir='ltr' id='par_1_5' title="bbox 0 0 1570 5162">
     <span class='ocr_line' id='line_1_34' title="bbox 0 0 1570 5162; baseline 0 3"><span class='ocrx_word' id='word_1_261' title='bbox 0 0 1570 5162; x_wconf 95' lang='lat' dir='ltr'><strong> </strong></span> 
     </span>
    </p>
   </div>
  </div>
 </body>
</html>
