3112 5158
126 1149 175 1212 Dc
191 1148 311 1213 Peioris
334 1145 454 1212 Vilmos
470 1172 491 1211 u
521 1145 694 1235 Templomi
716 1149 795 1214 raud
812 1151 1256 1234 capparonem-szlavonice·

126 1265 251 1320 masters
268 1253 376 1318 Neruet
393 1256 548 1320 Pe‘teroeic
573 1257 794 1344 eizdloqoattja
823 1255 974 1343 Georgica
999 1265 1080 1324 acuit
1104 1257 1253 1322 birtolcdt.
1383 1267 1385 1271 ’

645 1363 743 1430 1292.

235 1559 305 1626 Nos
322 1558 423 1625 frater
440 1557 654 1645 Guyllcrmus
687 1557 726 1625 de
741 1559 863 1626 Peimis
896 1559 1051 1643 Magister
1076 1561 1254 1626 Domorum

125 1665 249 1732 Milicie
279 1666 407 1751 Templi
440 1685 495 1751 per
520 1665 724 1750 Hungariam
741 1671 773 1731 et
799 1666 1006 1733 Sciaucniam
1033 1665 1252 1748 significamus

126 1774 243 1856 quibus
260 1783 427 1858 presentes
442 1774 657 1842 ostenduntur
671 1775 851 1844 vniuersis:
867 1775 954 1859 quod
971 1795 1041 1840 cum
1067 1796 1127 1842 nos
1152 1776 1251 1842 domi·

125 1899 202 1946 num
218 1880 475 1950 illustrissimum
492 1880 658 1950 Andream
675 1881 735 1948 Dei
752 1883 865 1966 gracia
881 1885 1002 1964 Regem
1021 1880 1256 1969 Hungariapro

125 1988 265 2056 diuersis
280 1997 312 2056 et
328 1991 433 2076 uarijs
458 1991 604 2075 negooiJs
620 1991 797 2057 Domorum
817 1995 1001 2056 nostrarum
1029 1989 1253 2057 uniuersarum

125 2095 157 2160 in
173 2096 346 2180 Hungaria
362 2105 394 2165 et
409 2099 582 2166 Solauonia
608 2098 823 2166 existenoium
851 2117 953 2181 usque
978 2099 1174 2182 Zagrabiam
1201 2118 1249 2166 se-

126 2204 192 2269 cuti
218 2202 404 2290 fuissemus,
431 2212 463 2271 et
489 2227 548 2274 nos
564 2226 665 2290 penes
691 2205 830 2272 eundem
857 2204 1022 2271 dominum
1048 2207 1166 2290 Regem
1199 2227 1256 2292 pro

124 2311 271 2394 negociis
287 2310 463 2379 Domorum
489 2319 673 2379 nostrarum
699 2313 834 2378 multam
851 2311 1022 2397 pecuniam
1049 2313 1256 2396 expendisse-

124 2438 207 2505 mus,
224 2425 256 2484 et
281 2419 477 2503 Zagrabiam
505 2420 726 2504 perueniendo
755 2426 824 2486 tota
850 2439 995 2504 expensa
1019 2420 1253 2488 caruissemus:

124 2545 183 2592 nos
200 2528 287 2593 enirn
302 2527 497 2594 necessitate
514 2528 685 2614 compulsi,
702 2533 737 2593 vt
751 2527 871 2593 Douros
887 2535 1016 2594 nostras
1043 2526 1129 2614 apud
1156 2528 1255 2596 domi-

124 2655 199 2700 num
215 2637 337 2719 Regem
362 2637 406 2704 ad
431 2636 602 2722 pristinum
628 2636 679 2703 ius
704 2656 872 2721 possemus
901 2655 1063 2723 reuocare,
1089 2638 1253 2720 quandam

122 2750 243 2812 terram
261 2749 404 2809 nostram
420 2764 478 2811 seu
492 2743 649 2829 predium,
667 2743 753 2826 quod
770 2742 915 2827 Gragiua
931 2751 1145 2831 nuncupatur,
1168 2739 1253 2828 qnod

124 2849 252 2932 quidem
269 2850 414 2935 predium
431 2851 539 2918 Butko
557 2851 685 2916 nomine
702 2851 742 2916 ab
769 2850 903 2932 antiquo
919 2851 1102 2936 optinuerat
1127 2861 1158 2919 et
1182 2875 1253 2938 pos-

124 2957 262 3044 sederat,
279 2955 489 3041 aduingendo
507 2956 551 3024 ad
568 2956 707 3024 candem
731 2965 852 3025 terram
869 2959 1033 3042 quandam
1051 2966 1171 3026 terram
1198 2960 1252 3026 de·

124 3071 243 3130 sertam
259 3063 347 3130 inira
361 3067 468 3150 ipsam
485 3070 606 3133 terram
623 3067 742 3151 Butko,
768 3087 830 3150 que
860 3065 945 3134 iacet
971 3085 1073 3149 usque
1099 3087 1251 3150 magnam

126 3171 209 3237 uiam
242 3193 306 3256 que
322 3173 426 3240 tendit
441 3193 554 3240 uersus
573 3172 768 3240 Orisiensem
786 3174 912 3260 uillam,
931 3195 1003 3239 cum
1030 3173 1178 3240 omnibus
1194 3176 1252 3241 vti-

123 3278 270 3346 litatibus
279 3330 288 3365 ,
304 3281 517 3364 pertinenoijs
534 3302 573 3347 ac
590 3281 694 3346 vineis
711 3281 744 3346 in
762 3279 900 3364 hijsdem
916 3281 1011 3347 terris
1027 3281 1249 3366 existentibus,

123 3407 162 3452 er
179 3405 347 3471 consensu,
366 3388 501 3455 consilio
518 3395 549 3454 et
565 3391 734 3454 uoluntate
759 3388 893 3454 fratrum
918 3393 1111 3472 nostrorum,
1138 3387 1251 3455 uideli-

122 3501 173 3558 cet
188 3491 299 3562 fratris
315 3495 495 3562 Franoouis
512 3495 553 3560 de
569 3495 706 3579 Valegio
723 3495 803 3578 sooij
831 3496 943 3579 nostri,
970 3494 1080 3562 fratris
1105 3493 1249 3562 Wiliami

123 3601 163 3664 de
180 3602 364 3668 Brabancia
388 3603 591 3688 Preoeptoris
616 3603 738 3670 Domus
765 3609 874 3670 nostre
890 3603 930 3670 de
956 3603 1074 3670 Sancto
1100 3603 1251 3696 Martino,

123 3707 232 3775 fratris
248 3709 380 3795 Rogerij
398 3712 604 3796 Preoeptoris
619 3711 720 3778 nostri
736 3711 777 3778 de
794 3708 1007 3797 (ilogonicha,
1032 3708 1142 3778 fratris
1169 3712 1247 3778 Gre-

120 3817 200 3902 gorij
219 3817 260 3883 de
275 3820 415 3900 Wrana,
433 3825 464 3883 et
480 3819 591 3886 fratris
607 3819 784 3906 Samounis,
803 3817 949 3885 dedimus
974 3837 1031 3885 sen
1056 3817 1251 3887 contulimus

119 3923 154 3987 in
169 3924 304 4010 pignore
320 3923 417 3991 Petro
444 3926 645 3993 Theotonioo
673 3925 799 3992 cuidem
827 3927 930 4012 probo
955 3925 1025 3992 uiro
1051 3932 1083 3990 et
1114 3925 1249 4002 honesto

119 4051 178 4115 pro
194 4031 314 4115 uiginti
333 4040 459 4118 septem
485 4035 604 4102 marcis
630 4032 778 4118 plenarie
795 4035 836 4099 ab
865 4033 978 4102 eodem
1003 4035 1164 4120 receptis;
1189 4038 1245 4103 tali

121 4139 311 4208 condicione
343 4150 375 4208 et
406 4141 616 4210 ordinacione
641 4143 820 4228 interiecta,
846 4141 933 4224 quod
957 4161 1148 4226 quocunque
1173 4150 1248 4210 tem·

118 4267 200 4332 pore
215 4268 273 4316 uos
290 4250 344 4316 vel
360 4250 444 4316 alter
458 4251 616 4334 Magister
642 4253 786 4338 ipsarum
813 4250 990 4317 Domorum
1016 4269 1076 4317 nos
1102 4259 1176 4335 post
1201 4271 1249 4319 se-

116 4375 233 4442 quens,
245 4358 299 4424 uel
316 4357 437 4438 aliquis
454 4358 625 4442 Preoeptor
641 4365 752 4426 noster
768 4354 807 4424 de
833 4356 1047 4442 Glogonicha,
1068 4357 1247 4443 predictam

116 4471 238 4529 terram
270 4463 522 4548 impignoratam
555 4463 713 4531 redimere
739 4465 914 4552 poterimus
939 4465 982 4530 ab
1008 4464 1123 4530 eodem
1152 4466 1247 4533 Petro

113 4570 330 4658 Theotonico,
355 4571 490 4642 liberam
507 4573 698 4642 habebimus
717 4579 749 4639 et
765 4572 930 4640 habebunt
955 4591 1013 4656 pro
1029 4569 1170 4654 bijsdem
1196 4571 1245 4640 vi·
1313 4591 1316 4598 ·
