3120 5172
804 363 966 468 ..Pr-dq-

321 571 408 636 nere,
429 553 617 622 detinerent
632 552 793 624 uiolenter
823 555 857 623 in
882 559 1026 642 ipsorum
1058 559 1272 646 preiudieium
1289 569 1321 631 et
1335 584 1440 650 meua·

325 683 409 729 meu.
427 664 454 728 Ε
471 682 628 730 conuerso
654 667 763 729 autem
789 665 867 732 dicti
884 666 1042 751 Magister
1067 668 1242 736 Ladizlaus
1259 671 1440 756 Propositus

327 775 360 835 et
375 772 494 838 fratres
509 770 560 840 sui
576 771 811 855 respondentes
828 772 999 862 dixissent,
1016 775 1101 859 quod
1117 777 1151 841 iu
1168 779 1358 845 memoratis
1375 799 1440 864 pos·

323 877 522 945 sessionibus
538 875 638 963 ijdem
655 877 712 963 filij
731 876 866 948 Comitis
883 881 973 948 Petri
1003 881 1129 947 nullam
1146 885 1276 970 penitus
1292 885 1440 954 habereut

320 985 517 1072 porcionem,
535 983 594 1052 sed
611 985 724 1051 eedem
743 987 969 1070 possessiones
986 990 1131 1056 totaliter
1156 991 1198 1056 de
1215 992 1283 1058 iuro
1299 992 1343 1058 ad
1359 994 1440 1077 ipsos

320 1094 538 1179 pertinerent;
556 1097 588 1160 et
603 1091 821 1160 assessionem
838 1115 930 1160 suam
948 1095 1012 1162 iam
1031 1095 1151 1162 saetam
1169 1097 1202 1163 in
1221 1097 1357 1167 instanti
1373 1121 1438 1165 eum
1551 1075 1552 1164 i

320 1199 503 1287 priuilegijs
534 1199 737 1266 dominorum
763 1201 843 1267 Bele
876 1207 907 1266 et
934 1203 1094 1287 Stephani
1124 1203 1300 1271 illustrium
1324 1207 1441 1289 Regum
1551 1201 1552 1204 '

206 1335 213 1346 -
320 1307 487 1394 Hungarie
512 1305 656 1373 felicium
682 1307 949 1374 recordacionum
977 1309 1218 1377 euidentissime
1244 1315 1440 1398 comprobas·

320 1423 404 1483 sent.
423 1413 548 1494 Quibus
566 1415 647 1482 nisis
664 1436 727 1482 non
746 1415 879 1503 abititis,
903 1438 968 1484 non
987 1417 1190 1506 cancellatis,
1212 1439 1273 1486 nec
1289 1420 1321 1486 in
1337 1421 1444 1504 aliqua

320 1525 371 1589 sui
388 1531 483 1611 parte
498 1521 653 1606 uiolatis;
680 1525 739 1590 sed
765 1525 807 1589 ab
832 1523 920 1591 omui
947 1525 1141 1611 suspicionis
1167 1527 1322 1612 scrupulo
1347 1531 1442 1615 puris,
1552 1605 1553 1624 χ

322 1632 453 1699 easdem
470 1633 708 1719 possessiones,
719 1651 784 1697 vna
795 1653 867 1698 ouum
884 1632 1019 1718 prelatis
1033 1634 1273 1702 uenerabilibus
1287 1635 1445 1720 patribus,

322 1739 505 1806 Beronibus
521 1760 562 1805 ac
587 1737 757 1806 Nobilibus
784 1740 888 1824 Regni
915 1739 1015 1806 nostri
1040 1740 1283 1808 sentencialiter
1308 1741 1446 1809 decreui-

320 1867 407 1915 mus:
424 1849 466 1914 Vt
482 1847 668 1914 dimidietas
695 1847 937 1931 possessionum
964 1847 1222 1934 supradictarum
1250 1849 1347 1916 dictis
1372 1851 1445 1934 tilijs

322 1955 456 2022 Comitis
472 1953 559 2023 Petri
577 1977 640 2022 non
658 1955 856 2024 conueniret.
884 1957 1008 2022 Tamen
1039 1957 1241 2042 postmodum
1265 1955 1445 2024 huiusmodi

320 2064 496 2148 senteneijs
513 2063 577 2130 iam
593 2064 747 2149 perlatis,
775 2064 958 2150 petentibus
979 2065 1126 2149 partibus
1147 2069 1179 2132 et
1194 2065 1447 2152 assumentibus,
1553 2053 1554 2058 ¹

319 2171 539 2238 commisimus
564 2170 669 2257 ipsam
694 2192 828 2239 causam
854 2173 988 2239 arbitrio
1015 2171 1162 2256 Magistri
1183 2173 1270 2240 Petri
1295 2172 1343 2238 fili
1358 2172 1448 2239 Gom·
1553 2217 1554 2226 η

320 2278 451 2364 puuruldy,
478 2277 627 2360 Magistri
644 2277 754 2345 Deseu
770 2279 904 2346 Comitis
931 2280 1155 2346 Gumuriensis
1182 2285 1214 2344 et
1241 2277 1283 2344 de
1300 2279 1447 2365 Borsotb,

321 2385 468 2470 Magistri
485 2385 635 2468 Farkasij
663 2385 720 2468 filij
749 2385 893 2466 Folhus,
920 2385 1068 2468 Magistri
1097 2385 1232 2452 bladari
1257 2384 1317 2470 filij
1336 2385 1448 2472 Chele,

322 2492 446 2558 Detrioi
470 2499 502 2559 et
518 2491 651 2576 Georgij
669 2492 806 2559 filiorum
823 2495 986 2576 Symonis,
1004 2492 1172 2559 Michaelis
1199 2491 1254 2576 lilij
1272 2492 1448 2580 liethardi,

323 2599 465 2665 Feldriei
483 2600 591 2666 fratris
609 2601 717 2686 Belus,
735 2607 767 2665 et
783 2597 872 2667 Petri
890 2601 944 2686 filij
963 2601 1142 2670 Michaelis.
1159 2599 1221 2677 Qut
1238 2600 1449 2670 cumeisdem
1554 2594 1555 2604 ’

325 2707 474 2794 partibus
491 2708 535 2773 ad
550 2727 611 2774 nos
625 2707 843 2792 personaliter
863 2707 1055 2776 aecedentes
1071 2709 1164 2774 nobis
1181 2709 1361 2776 retulerunt
1378 2727 1450 2775 oon·

323 2813 463 2882 corditer
478 2816 609 2884 oraculo
627 2815 702 2882 uiue
725 2815 837 2880 noeis:
863 2815 1094 2902 quodpropter
1111 2819 1228 2884 bonum
1244 2816 1337 2903 paeis
1352 2815 1447 2900 ijdem

322 2926 478 3010 Magister
496 2925 669 2993 Ladizlaus
686 2925 877 3010 Prepositus
897 2931 928 2991 et
956 2927 1072 2992 tratres
1097 2925 1146 2992 sui
1164 2927 1312 3010 prelatas
1326 2945 1449 3012 posses·

321 3035 428 3101 aiones
443 3035 580 3120 Rodoan
598 3039 630 3101 et
646 3033 881 3120 Soenthmybal
899 3039 1033 3100 uocatas
1050 3035 1259 3118 reliquissent
1274 3033 1356 3120 ipsis
1371 3032 1449 3116 filijs

321 3141 455 3209 Comitis
472 3143 558 3210 Petri
583 3148 615 3210 et
639 3161 749 3208 eorum
775 3141 950 3210 heredibus
967 3141 1179 3227 possidendas
1207 3145 1449 3229 inperpetuum

321 3251 456 3337 pacifice
473 3257 506 3319 et
521 3249 648 3335 quiete3
681 3251 867 3318 memoratis
892 3270 968 3317 uero
985 3251 1246 3336 possessionibus
1266 3250 1401 3316 Nekebe
1418 3253 1451 3313 et

319 3361 490 3444 Pagrauob
507 3357 703 3445 nuncupatis
734 3359 976 3426 remanentibus
1009 3359 1086 3443 fitijs
1102 3357 1237 3427 Comitis
1261 3355 1441 3424 Alexandri

321 3475 478 3536 eteorum
495 3465 669 3533 heredibus
687 3465 905 3550 heredumque
930 3487 1062 3533 suorum
1078 3465 1323 3534 suecessoribus
1340 3463 1450 3532 simili·

320 3581 372 3641 ter
395 3583 553 3662 perpetuo
578 3573 800 3661 possidendis.
831 3578 986 3643 Preterea
1014 3585 1126 3661 partes
1153 3575 1248 3643 nobis
1274 3575 1454 3642 retulerunt

320 3703 419 3770 super
434 3684 594 3752 diuisione
611 3683 644 3750 iu
661 3684 736 3769 alijs
761 3684 1023 3769 possessionibus
1051 3706 1163 3752 eorum
1189 3685 1274 3751 inter
1289 3683 1378 3768 ipsos
1394 3681 1452 3746 ba-

320 3791 407 3858 bita:
426 3791 514 3875 quod
530 3790 695 3874 quandam
711 3791 952 3877 possessionem
969 3813 1060 3859 snam
1079 3792 1264 3878 empticium
1281 3790 1453 3876 hyporien

320 3908 541 3984 nuncupatam
574 3919 646 3968 oum
671 3900 832 3967 uniuersis
858 3900 1057 3967 utilitatibus
1083 3907 1117 3966 et
1140 3897 1357 3986 pertinenciis
1382 3897 1454 3964 suis

320 4006 418 4075 certis
435 4005 530 4074 metis
546 4006 732 4093 separando
748 4007 783 4073 in
800 4006 882 4074 duas
907 4015 1016 4092 partes
1033 4007 1244 4087 diuisissent,
1274 4027 1315 4072 ex
1335 4005 1457 4088 quibus

321 4134 481 4200 unapars
497 4136 518 4182 a
532 4123 626 4201 parte
644 4115 850 4182 meridionali
865 4117 950 4197 sita,
978 4136 1050 4182 cum
1076 4114 1241 4183 uniuersis
1258 4113 1456 4179 utilitatibus

320 4223 398 4307 suis,
416 4221 570 4290 videlicet
586 4244 651 4290 vna
667 4245 739 4290 cum
757 4223 874 4292 (lustro
901 4224 1029 4290 Elusku
1054 4230 1258 4308 nuncupato,
1278 4227 1311 4288 et
1326 4219 1455 4304 speeie·

198 4333 201 4340 '
321 4331 397 4398 liter
410 4349 485 4396 cum
500 4331 595 4399 terris
613 4331 652 4415 de
669 4331 761 4397 iuxta
776 4330 913 4399 fluuium
929 4329 1024 4416 Topb
1044 4330 1281 4414 adiacentibus,
1299 4329 1455 4396 cessisset

320 4437 399 4523 lilijs
414 4438 550 4506 Comitis
565 4437 746 4506 Alexandri
763 4437 949 4525 antedictis,
972 4445 1003 4505 et
1020 4439 1089 4506 suis
1104 4437 1278 4506 heredibus
1294 4440 1453 4524 perpetuo

324 4545 522 4632 possidenda
539 4553 572 4616 et
588 4547 762 4633 bubenda;
788 4548 918 4633 reliqua
941 4555 1036 4634 parte
1061 4547 1208 4615 eiusdem
1223 4554 1309 4613 terre
1324 4565 1343 4610 a
1358 4546 1454 4630 parte

323 4654 501 4743 aquilonali
518 4653 678 4724 existento
694 4675 766 4721 enm
791 4655 939 4725 omuibus
964 4654 1159 4726 utilitatibus
1186 4661 1220 4723 et
1236 4647 1448 4743 pertineneijs
