3132 5162
305 1055 354 1122 Aa
368 1059 439 1145 cyri
453 1057 679 1144 kdptalaoauk
694 1023 969 1144 biaoaysdpleoele,
986 1061 1071 1143 kopp
1087 1057 1239 1122 Hernddi
1249 1055 1429 1134 Karchauir

297 1163 365 1244 fiai
381 1165 413 1230 da
433 1161 560 1229 Bokehc'
576 1163 693 1246 Desa,
710 1161 829 1230 Buddes
852 1163 958 1230 Deae·
973 1165 1135 1250 atpjdualc
1158 1162 1339 1248 mepbletdac
1364 1165 1425 1226 ta'r-
1555 1199 1556 1242 ;

499 1268 630 1356 pydbart
644 1267 879 1356 bardlsdyocan
893 1269 1107 1357 epyeairedtelr.
1125 1266 1221 1333 1291.
1337 1339 1339 1346 Α

566 1445 595 1511 A
855 1447 882 1511 B
1143 1443 1169 1510 0

410 1605 568 1672 Omnibus
585 1603 701 1672 Christi
718 1603 869 1673 fidelibus
885 1613 951 1672 tam
968 1605 1176 1692 presentibus
1193 1621 1291 1687 quam
1307 1600 1423 1669 tuturis

304 1731 437 1799 presens
468 1713 621 1798 scriptum
649 1713 845 1800 inspecturis
870 1714 1055 1798 Capitulum
1080 1711 1227 1780 Ecclesia
1252 1707 1422 1793 Agrieusia

301 1817 439 1885 salutem
456 1818 490 1884 in
506 1819 648 1886 omnium
658 1820 832 1888 saluatorc.
848 1818 900 1886 Ad
912 1822 1135 1888 uniuersorum
1146 1817 1300 1885 noticiam
1314 1822 1425 1880 tenore
1556 1821 1557 1912 ζ

301 1923 501 2012 presencium
519 1928 663 1993 volumus
680 1923 859 2010 peruenire,
875 1925 961 2010 quod
978 1923 1128 2008 hiiehael,
1145 1922 1291 2010 Spmoun
1308 1927 1343 1988 et
1369 1919 1424 1988 Ni·
1556 1915 1557 1930 ¹

300 2032 370 2099 laus
385 2029 443 2116 filij
460 2029 571 2098 Knroh
587 2029 629 2097 de
644 2031 736 2098 iuxta
752 2030 884 2098 Hemad
901 2051 941 2098 ex
958 2051 1023 2098 una
1037 2036 1140 2116 parte,
1158 2029 1200 2094 ab
1216 2029 1321 2094 altera
1346 2044 1423 2092 uero

300 2135 477 2224 Dyonisius
493 2135 579 2204 lilius
606 2138 711 2220 Blasij
739 2135 779 2203 de
804 2137 920 2206 Bukeh
945 2157 1052 2204 coram
1084 2136 1179 2203 nobis
1210 2131 1426 2219 personaliter

301 2243 467 2312 constituti
483 2242 651 2310 dixerunt:
668 2247 754 2330 quod
771 2246 805 2311 iu
821 2244 939 2327 causis,
957 2265 1020 2328 que
1046 2246 1175 2312 racione
1203 2243 1314 2308 mortis
1342 2238 1422 2305 dicti

301 2349 402 2436 Blasij
420 2349 523 2436 patris
540 2350 642 2435 ipsius
658 2351 809 2438 Dyouisij
828 2371 885 2438 per
901 2353 989 2437 ipsos
1004 2351 1087 2418 tilios
1113 2347 1221 2417 Kurch
1247 2347 1426 2415 casualiter

299 2458 482 2542 interempti
507 2459 691 2526 vertebatur
716 2457 802 2546 (lgy)
828 2459 913 2525 inter
939 2465 1066 2544 partes3
1100 2457 1319 2524 mediantibus
1344 2452 1426 2520 viris

299 2564 437 2650 ydoneis
453 2563 562 2632 taliter
577 2567 844 2634 concordassent:
864 2565 955 2644 Quod
972 2565 1072 2650 ijdem
1089 2565 1149 2646 iilij
1166 2563 1275 2630 Kurah
1291 2562 1426 2628 racione
1557 2619 1558 2628 ,

299 2669 385 2737 dicto
401 2671 523 2756 mortis,
539 2673 701 2756 quandam
719 2681 837 2739 terram
856 2693 965 2739 corum
983 2673 1102 2755 Petury
1114 2671 1315 2736 nominatam
1331 2667 1426 2734 iuxta
1557 2681 1558 2706 i

299 2786 418 2844 terram
435 2778 577 2846 eiusdem
594 2781 756 2866 Dyouisij‚
774 2788 806 2848 et
822 2789 940 2846 terram
956 2779 1097 2844 Pcteuch
1112 2777 1172 2862 filij
1199 2778 1284 2842 Petri
1312 2777 1427 2857 hieger

298 2891 449 2951 uocatam
465 2885 497 2963 in
513 2887 677 2953 Comitatu
694 2886 735 2954 dc
760 2887 897 2974 Zemlyu
923 2885 1009 2953 eirca
1038 2884 1170 2951 fluuium
1196 2880 1329 2950 Hemad
1355 2880 1424 2945 exi-

298 2997 445 3080 stentem,
462 3013 522 3059 cuu
541 2993 689 3059 omnihus
707 2992 904 3060 utilitatibus
931 3001 963 3059 et
989 2987 1201 3077 pertinenoijs
1226 2989 1292 3054 ruis
1317 2985 1427 3052 dedis·

297 3103 369 3162 sent
385 3107 416 3163 et
432 3097 653 3186 tradidissent,
671 3107 703 3166 et
719 3121 827 3167 coram
852 3101 949 3168 uobis
975 3097 1179 3166 tradiderunt
1203 3095 1306 3162 eidem
1333 3095 1427 3177 Dyo-

297 3203 389 3290 nisio,
405 3211 436 3272 et
452 3227 508 3291 per
525 3227 598 3274 eum
609 3209 676 3275 suis
688 3208 861 3277 heredibus
872 3208 1093 3290 heredumque
1109 3223 1238 3272 suorum
1255 3219 1425 3268 successo·

297 3311 384 3378 ribus
401 3311 470 3378 iure
486 3323 640 3398 perpetuo
657 3322 689 3380 et
706 3313 964 3382 irreuocabiliter
980 3310 1114 3400 pacifice
1141 3307 1370 3394 possidendam
1389 3315 1429 3372 et

297 3417 479 3484 habendam
497 3443 504 3500 ;
523 3442 539 3484 c
556 3441 709 3489 conuerso
725 3429 833 3489 autem
850 3423 935 3488 idem
963 3421 1152 3507 Dyonisyus
1180 3415 1311 3484 eosdem
1335 3413 1429 3478 filios

296 3523 404 3590 Kurch
420 3546 458 3592 ao
474 3525 610 3594 heredes
625 3529 800 3596 eorundem
818 3529 949 3596 racione
965 3527 1125 3614 prephato
1144 3522 1253 3590 mortis
1277 3518 1428 3588 dimisis·

296 3639 346 3698 set
361 3637 393 3696 et
409 3651 516 3699 coram
533 3633 627 3702 nobis
644 3633 768 3702 dimisit
783 3657 842 3722 per
858 3635 966 3702 omnia
982 3631 1161 3721 expeditos.
1178 3632 1221 3696 Et
1236 3628 1425 3715 prephatus

294 3735 433 3806 Peteueh
458 3759 568 3806 coram
585 3741 679 3809 uobis
695 3745 912 3827 personaliter
927 3743 1119 3809 constitutus
1145 3739 1220 3806 huic
1245 3734 1431 3801 tradicioni

294 3845 423 3930 plenum
439 3867 628 3914 consensum
641 3848 768 3934 prebuit
777 3857 809 3916 et
820 3849 1137 3932 assensumlnsuper
1146 3845 1372 3930 obligauerunt
1382 3863 1430 3910 se

294 3950 379 4019 dicte
395 3961 503 4039 partes
519 3963 552 4021 ct
566 3955 701 4024 heredes
717 3975 793 4022 suos
810 3955 1091 4024 racioueomnium
1101 3953 1330 4040 premissorum
1347 3969 1433 4016 sese

293 4067 402 4126 mutuo
419 4069 450 4127 et
461 4061 598 4129 heredes
611 4082 717 4128 eorum
731 4062 897 4131 uniuersos
909 4065 950 4130 ab
960 4062 1108 4129 omnibus
1121 4061 1276 4146 impetere
1286 4057 1434 4124 nitenti·

293 4167 352 4232 bus
362 4163 535 4234 defendere
552 4175 583 4235 et
593 4169 746 4254 expedire
757 4173 898 4255 propriis
914 4169 1080 4237 laboribus
1090 4173 1124 4234 et
1139 4165 1299 4252 expensis.
1311 4163 1350 4255 ln
1366 4183 1436 4232 cu-

292 4273 341 4340 ius
365 4295 422 4361 rey
446 4275 665 4342 testimonium
690 4277 734 4342 ad
745 4277 938 4345 instanciam
953 4277 1096 4364 parcium
1108 4279 1272 4360 presentes
1286 4278 1438 4345 contuli-

290 4381 583 4466 mussigillinostri
592 4383 1439 4473 munimineroboratasPresentibustamcnStephn-

290 4507 350 4554 nos
365 4489 542 4578 Proposito,
550 4489 652 4558 Saulo
660 4489 805 4577 hectore,
816 4492 940 4586 hlykou
950 4493 1100 4580 Custode,
1111 4492 1249 4560 Martium
1259 4493 1439 4577 Magistro
