3170 5166
632 325 782 430 ..ffl—

140 518 176 584 in
190 516 317 584 irritum
336 518 439 604 possit
455 520 612 608 renouari,
628 539 669 587 ea
685 539 747 602 que
773 539 881 587 eoram
913 520 1007 589 nobis
1038 523 1208 609 proposita
1240 531 1272 587 et

136 625 327 712 factasunt,
344 625 481 694 lenimus
497 626 645 694 mandari
661 628 789 713 littorio,
807 633 839 693 et
855 629 1030 695 munimine
1046 629 1150 696 nostri
1166 630 1266 712 sigilli

137 734 296 801 roborari.

138 931 278 997 (Brodetie
293 929 467 1000 uorum-syon,
488 931 716 998 htnyazsinegen
739 933 823 997 liiggb'
846 933 938 997 penset
956 934 1044 998 alatt3
1069 951 1086 987 a
1125 933 1207 984 budui
1230 939 1274 987 kin

537 1025 660 1074 kamarai
680 1021 869 1089 leveltarban.)

596 1305 806 1317 ——--

672 1822 750 1890 311.

139 2018 278 2084 'Triatciu
295 2041 395 2084 comes
413 2022 444 2084 es
462 2019 529 2086 roob
545 2019 681 2086 rolrorrui
698 2045 718 2084 u
734 2019 800 2085 Juk
815 2020 1044 2106 uemzetsepbe‘ll,
1062 2043 1083 2082 u
1100 2019 1219 2086 Robobe
1236 2027 1269 2089 e's

136 2127 246 2192 Κὸνὸε
261 2127 329 2191 lebet
338 2126 439 2212 fekull
449 2123 837 2236 fbldr'iltrrele'betodra'ozet
852 2129 1023 2212 dteupedilo
1033 2127 1120 2192 Ebed
1128 2128 1267 2210 fiuirml.

332 2259 334 2265 ⁴
616 2237 665 2299 Eo
681 2234 793 2300 uoluti.

247 2427 443 2512 Damuspro
460 2429 624 2514 memoria,
642 2428 728 2511 quod
745 2429 859 2496 Comes
875 2431 1057 2514 Tristanus,
1076 2429 1221 2497 Thomas
1237 2437 1268 2497 et

137 2533 280 2602 Miobael
296 2535 413 2602 fratres
428 2537 508 2616 eius,
524 2535 627 2616 Myka
642 2534 730 2601 iilius
747 2535 825 2622 Jak,
842 2527 1001 2604 Martinus
1017 2536 1102 2602 filius
1130 2538 1267 2624 Artuna,

134 2642 268 2708 Sandur
282 2643 368 2711 filius
385 2642 545 2730 Gregorij,
561 2643 681 2710 Daniel
698 2649 730 2710 et
755 2643 917 2712 Nikolaus
949 2645 1007 2730 filij
1039 2645 1268 2743 Bartholomei,

133 2751 223 2818 Joan
239 2751 322 2816 filius
340 2752 464 2838 Ohuua,
492 2752 535 2816 de
566 2771 686 2836 genere
702 2751 769 2818 Jak
800 2753 1025 2838 personaliter,
1060 2761 1091 2817 et
1123 2752 1268 2837 prelatus

135 2857 309 2926 Tristanus
325 2881 385 2944 pro
401 2859 556 2944 (lbepano
572 2858 636 2926 illio
665 2859 773 2925 Pousa
805 2859 1022 2944 comparando
1055 2870 1267 2927 asseruerunt

135 2966 215 3031 uiua
231 2985 322 3048 uoce,
339 2987 373 3034 se
389 2967 576 3050 permisisse
589 2967 676 3034 bona
691 2964 859 3034 uoluntate
876 2985 937 3032 sua
952 2964 1122 3050 septimam
1141 2973 1266 3050 partem

137 3083 224 3139 terre
240 3075 303 3141 site
319 3075 400 3140 inter
415 3076 576 3143 Rebohem
593 3085 625 3141 et
641 3075 779 3158 Keurus,
797 3094 894 3158 quam
921 3074 1051 3158 quidem
1081 3085 1200 3140 terram
1231 3075 1253 3158 ij

125 3181 211 3246 -dem
229 3201 250 3246 a
266 3179 391 3248 Comite
408 3183 548 3249 Martino
564 3181 632 3249 filio
648 3184 732 3250 Joan
748 3184 781 3249 in
808 3182 866 3247 lite
897 3181 1115 3266 obtinuerunt,
1148 3181 1264 3247 Comiti

127 3288 273 3373 Kemen,
288 3289 432 3355 Renoldo
449 3299 481 3355 et
495 3289 562 3357 Jak
578 3275 654 3374 filijs
670 3290 761 3356 Ebed
778 3295 932 3374 perpetuo
950 3284 1191 3374 possidendam,
1201 3308 1266 3354 non

132 3399 288 3465 obstante
305 3416 354 3480 eo,
373 3397 458 3479 quod
474 3395 569 3463 dietis
586 3397 663 3481 filijs
680 3397 769 3464 Ebed
786 3414 966 3485 nonapars
983 3392 1086 3478 ipsius
1101 3401 1186 3460 terre
1217 3412 1265 3460 ee-

121 3503 246 3590 ·debat,
262 3510 358 3588 prout
373 3504 408 3568 in
424 3502 543 3570 litteris
559 3503 702 3589 Capituli
718 3503 825 3571 Castri
840 3503 952 3570 Ferrei
968 3500 1140 3567 uidebatur
1166 3503 1264 3568 conti-

131 3613 219 3679 neri.
236 3611 399 3678 Dicebant
415 3613 500 3679 enim
527 3613 723 3680 unanimiter
752 3613 852 3698 ijdem
883 3609 1021 3696 nobiles,
1052 3615 1264 3676 memoratum

130 3717 227 3783 Ebed
243 3727 370 3801 patrem
385 3720 521 3806 Komen,
537 3719 674 3786 Renoldi
693 3727 724 3787 et
740 3719 806 3789 Jak
822 3719 1037 3804 predictorum
1062 3715 1095 3782 in
1127 3717 1265 3799 aequisi-

130 3826 230 3892 eione
247 3827 350 3911 ipsius
366 3833 453 3892 terre
469 3825 574 3910 magis
590 3827 758 3893 laborasse
775 3836 808 3894 et
823 3827 976 3894 maiorem
1003 3843 1178 3911 expensam
1212 3846 1264 3892 ex-

129 3933 312 4021 pendisse,
330 3933 391 4000 boe
408 3933 546 4018 adiecto,
563 3931 650 4018 quod
665 3936 848 4018 quicunque
864 3933 921 4020 alij
941 3935 982 4001 de
1014 3931 1129 4000 eadem
1163 3951 1261 4015 gene-

127 4041 280 4128 raoione,
296 4041 367 4110 siue
383 4041 448 4108 sint
463 4041 505 4109 de
521 4041 610 4108 linea
625 4040 783 4109 dictorum
799 4041 937 4108 liliorum
953 4040 1055 4123 Ebed,
1072 4041 1143 4106 siue
1160 4038 1200 4104 de
1225 4038 1264 4104 li·

128 4170 200 4218 nea
216 4147 350 4232 Comitis
367 4149 509 4218 Tristani
535 4161 567 4216 et
597 4149 735 4216 aliorum
767 4148 985 4235 prediotorum
1016 4145 1263 4232 descendentes,

117 4275 272 4344 -quorum
287 4256 420 4324 nomina
436 4256 469 4322 in
486 4253 600 4323 litteris
618 4253 761 4340 Capituli
777 4254 883 4321 (lustri
898 4255 1011 4321 Ferrei
1027 4275 1091 4324 non
1107 4260 1192 4340 sunt,
1207 4254 1265 4319 im·

121 4369 286 4452 peterent
301 4369 334 4431 et
349 4364 474 4450 aliquid
490 4364 531 4431 de
545 4365 619 4450 ipsa
636 4369 722 4430 tarra
752 4360 944 4448 obtinerent,
976 4370 1094 4429 extuno
1125 4362 1166 4431 de
1196 4361 1263 4430 illis

118 4491 254 4542 nouem
269 4472 427 4560 partibus,
443 4472 526 4540 sieut
539 4489 577 4538 se
593 4469 791 4554 obligarunt,
818 4466 1012 4535 tenebuntur
1043 4468 1202 4552 expediri.
1233 4469 1263 4534 A

179 4609 282 4650 nouum
298 4608 382 4646 aeuo.
398 4605 469 4644 sisu.
485 4617 528 4629 -·
543 4606 653 4644 uranon.
670 4599 706 4642 18.
1056 4575 1100 4641 29
