3120 5172
789 307 855 372 360
898 399 899 403 Ν

258 525 314 588 por
331 501 450 568 faeiem
469 509 551 568 terre
568 522 626 568 seu
641 503 856 586 possessionis
883 507 1010 590 Botyan
1038 511 1162 586 uocate,
1195 501 1238 568 ed
1270 501 1390 568 viden-

259 613 334 678 dum
344 617 377 677 et
387 609 582 676 audiendum
595 629 643 684 ea,
660 628 724 692 que
740 631 815 694 pars
828 618 970 694 'utraque
987 613 1034 677 eis
1051 612 1136 677 dioet
1154 630 1209 676 sen
1227 610 1391 689 ostendet,

257 717 511 804 etpostmodum
537 719 648 800 quinto
675 717 798 784 deoimo
825 718 878 784 die
903 722 944 786 ab
969 720 1050 805 ipsis
1076 719 1249 802 quindenis
1276 737 1393 786 nume·

260 826 373 911 rando,
392 823 491 913 ijdem
508 825 632 892 facient
647 825 814 892 arbitrium
832 845 940 892 ooram
957 827 1050 896 nobis
1067 829 1149 892 inter
1167 834 1278 910 partes
1295 826 1393 892 iuxta

263 935 380 1001 soitum
398 933 542 1018 ipsorum
558 952 656 1017 super
671 933 746 1018 hijs,
767 953 826 1016 quo
843 939 920 998 tuno
936 934 1026 1020 ipsis,
1044 941 1077 1000 ut
1103 933 1308 1019 premittitur,
1337 953 1402 1017 per

264 1049 389 1130 partem
408 1049 576 1124 utramque
593 1041 740 1106 dicentur
756 1060 813 1106 seu
824 1040 1043 1108 ostendentur.
1060 1042 1141 1107 Pars
1152 1039 1191 1107 de
1203 1041 1337 1107 arbitrio
1352 1059 1402 1106 re-

263 1151 375 1218 siliens
393 1151 497 1216 soluet
513 1149 750 1233 quinquaginta
767 1169 892 1216 marnas
918 1149 1005 1234 parti
1024 1149 1191 1214 arbitrium
1217 1147 1392 1236 reeipienti

266 1265 344 1324 ante
360 1259 428 1324 litis
444 1257 637 1338 ingressum.
654 1255 706 1320 Au
722 1256 808 1338 quod
824 1263 932 1342 partes
957 1276 992 1323 se
1018 1276 1126 1323 noram
1139 1256 1245 1322 ‘nobis
1271 1255 1398 1340 obliga-

268 1373 353 1432 runt.
371 1365 492 1430 Datum
519 1362 570 1428 die
598 1362 758 1429 dominioo
785 1371 859 1449 post
883 1364 1002 1431 festum
1027 1362 1252 1429 Exaltaoionis
1276 1363 1404 1428 Sabota

268 1471 387 1539 Gruois.

374 1581 528 1648 Kivbl:
546 1581 606 1646 Pro
625 1578 749 1645 Oomite
774 1579 923 1665 Nyeolao
948 1586 979 1645 et
1004 1580 1162 1646 fratribus
1187 1577 1256 1646 suis
1281 1583 1407 1644 eontra

287 1690 417 1756 omitem
434 1687 621 1756 Marcellum
638 1693 671 1753 et
689 1687 805 1754 fratres
826 1706 913 1754 suos.

269 1882 577 1951 Eredetiebb’rhdrtydn,
592 1903 609 1937 a
621 1884 760 1952 stirpeeadt
782 1889 931 1950 elvasaett3
955 1903 972 1938 a
999 1887 1081 1938 budai
1096 1887 1148 1946 kir,
1163 1885 1285 1936 kamarai
1310 1883 1400 1936 level-

768 1972 887 2042 tdrban.)

780 2819 856 2886 287.

270 3013 458 3102 Asomoqyi
482 3015 684 3080 tonuerit-neit
708 3014 992 3102 bizonyadpleoele,
1019 3020 1104 3101 bopy
1128 3014 1233 3081 Jdnor
1260 3016 1407 3082 Illernak

261 3125 315 3207 fia
322 3125 557 3212 fehdrepybcizi
572 3128 603 3189 ds
619 3123 721 3188 ritant
736 3123 946 3186 resedirtoltcit
962 3123 1075 3207 eludja
1101 3123 1163 3187 Pa't
1179 3125 1212 3188 έε
1237 3119 1396 3208 Adorjdn

623 3239 707 3298 nevit
723 3231 939 3296 rotonainak.
958 3233 1054 3299 1299.

381 3427 565 3497 conuentus
582 3429 768 3513 Monauterij
786 3427 897 3495 Sanoti
915 3404 1027 3514 Egidij
1055 3430 1096 3496 de
1127 3428 1274 3516 Symtgio
1300 3431 1407 3498 omni-

274 3540 334 3606 bus
353 3537 473 3606 Christi
492 3536 644 3605 fidelibus
661 3537 864 3623 presentibus
882 3539 1005 3622 pariter
1020 3543 1053 3605 et
1068 3537 1187 3604 futuris
1203 3539 1345 3604 salutem
1373 3539 1409 3604 in

275 3644 418 3711 omnium
437 3645 609 3710 saluatore.
627 3642 678 3710 Ad
705 3645 928 3710 vniuerrorum
955 3645 1110 3712 notioiam
1136 3651 1247 3711 tenero
1273 3665 1412 3730 presen-

154 3791 159 3801 ·
277 3753 362 3819 oium
378 3752 528 3818 volumus
544 3751 733 3835 peruenire:
751 3752 837 3836 quod
853 3753 1020 3820 Johannes
1036 3752 1122 3819 filius
1138 3751 1212 3818 Elio
1241 3751 1282 3818 de
1306 3755 1411 3838 Feyr-

273 3859 369 3943 igbaz
387 3860 428 3924 ab
444 3877 509 3926 uua
526 3864 638 3943 parte;
663 3859 784 3926 Paulus
803 3858 889 3926 filius
906 3859 1048 3944 Andree,
1073 3867 1105 3926 et
1130 3858 1294 3924 Adrianus
1320 3857 1410 3923 filins

274 3964 433 4050 Stephani
451 3963 493 4029 de
509 3963 636 4049 eadem,
653 3985 695 4031 ex
709 3965 832 4049 aitera3
860 3983 967 4031 eoram
984 3964 1078 4032 nobis
1096 3965 1313 4048 personaliter
1335 3984 1412 4031 oon·

273 4073 391 4148 stituti
410 4071 496 4137 idem
512 4070 677 4137 Johannes
694 4073 864 4150 oonsessus
882 4081 933 4139 est
949 4074 1027 4140 vina
1044 4093 1133 4158 uooe,
1153 4078 1188 4138 ut
1212 4079 1312 4141 totam
1338 4093 1412 4156 por-

273 4181 399 4246 sionem
419 4199 510 4246 snam
528 4177 561 4243 in
578 4186 664 4244 terra
680 4198 737 4245 seu
754 4180 787 4246 in
814 4179 1022 4265 possessione
1038 4182 1073 4246 in
1100 4179 1285 4264 Feyrigban
1311 4188 1345 4246 et
1370 4181 1406 4247 iu

274 4287 389 4372 Tykus
408 4288 610 4370 existentem
627 4287 809 4370 aeognatis
828 4289 895 4354 suis
913 4289 945 4353 in
964 4286 1123 4353 diuisione
1149 4287 1257 4372 ipsum
1283 4287 1408 4354 eontin-

274 4399 413 4478 gentem,
430 4395 526 4461 metis
543 4395 688 4477 antiquis
713 4401 746 4461 et
773 4393 922 4462 terminis
947 4401 1143 4479 separatam,
1171 4401 1265 4479 prout
1289 4401 1406 4480 partes

273 4510 490 4568 asseruerunt.
517 4523 589 4568 oum
615 4505 763 4570 omnibus
789 4502 989 4570 utilitatibus
1023 4502 1090 4568 suis
1123 4507 1156 4567 et
1187 4503 1414 4588 pertinenoiis,

274 4605 477 4674 uendidisset
492 4611 598 4674 Panto
631 4616 663 4676 ot
679 4609 832 4693 Adriano,
850 4607 1006 4696 predictis
1022 4609 1170 4696 cognatis
1195 4610 1273 4695 suis,
1290 4627 1351 4694 pro
1368 4609 1416 4676 vi·
