3098 5172
575 334 739 436 *aaa*

89 534 132 598 sis
150 531 364 613 reliquissent
380 535 412 594 et
427 527 662 610 assignassent,
680 547 752 594 cum
765 529 833 594 suis
846 528 1036 596 vtititatibus
1063 529 1221 616 omnibus,

85 639 184 706 dictis
200 637 320 706 (inmiti
337 636 431 703 Petro
448 641 481 701 et
496 633 562 700 filio
578 654 647 720 suo,
663 654 702 700 ac
720 637 963 704 successoribus
981 639 1158 705 eorundem
1180 641 1223 705 si-

88 747 206 812 militer
222 751 377 832 perpetuo
402 745 473 809 iure
497 741 733 826 possidendam
759 750 791 808 et
817 741 1011 830 tenendam
1029 751 1061 810 et
1076 747 1221 830 prefatus

90 851 227 920 Cosmus
243 871 303 936 pro
321 870 356 916 se
374 854 405 916 et
419 847 565 932 predicto
579 847 683 914 fratre
700 869 757 914 suo
783 871 825 916 ex
849 873 914 917 vna
939 860 1041 939 parte,
1067 852 1223 936 Magister

91 959 185 1027 Gude
200 955 366 1044 predictus
384 976 441 1042 pro
458 975 493 1023 se
510 963 541 1022 et
558 975 616 1040 pro
634 955 746 1022 eodem
758 965 851 1042 patre
861 979 920 1026 suo
933 981 973 1026 cx
984 961 1096 1043 altera,
1111 979 1219 1026 eoram

90 1069 186 1133 nobis
202 1065 416 1151 personaliter
433 1062 609 1150 constituti,
627 1065 737 1129 omnia
752 1065 914 1150 premissa
931 1065 1132 1131 affirmarunt
1149 1089 1222 1134 con·

91 1182 274 1256 sequenter.
292 1175 429 1256 Insuper
444 1169 531 1236 idem
547 1167 682 1236 Cosmus
700 1171 858 1255 obligauit
873 1191 909 1238 se
927 1179 959 1238 et
970 1176 1076 1256 ipsum
1086 1174 1221 1240 fratrem

91 1301 186 1348 suum
203 1279 395 1346 coheredes
412 1277 589 1342 eorundem
604 1297 712 1342 coram
729 1278 832 1364 nobis,
861 1279 952 1363 ipsos
981 1277 1136 1347 Comitem
1164 1283 1223 1348 Pe·

93 1399 178 1454 trum
197 1395 228 1453 et
244 1387 436 1469 Magistrum
454 1383 591 1469 liudem,
618 1405 657 1450 ac
683 1383 816 1451 heredes
842 1387 1017 1452 eorundem
1042 1389 1224 1475 uniuersos,

93 1498 134 1562 ab
154 1495 304 1562 omnibus
331 1493 481 1578 cognatis
507 1491 574 1558 suis
600 1493 642 1558 de
666 1493 884 1576 generacione
909 1495 1064 1580 ipsorum,
1090 1498 1225 1564 racione

94 1604 181 1669 dicte
197 1611 281 1668 terre
305 1604 462 1687 impetere
493 1601 685 1682 nitentibus,
718 1600 894 1666 defendere
926 1600 1126 1686 ret-expedire
1154 1624 1225 1688 pro-

94 1711 175 1796 prijs
193 1712 360 1777 laboribus
377 1717 408 1776 et
426 1709 590 1794 expensis.
607 1708 712 1774 Metus
730 1715 850 1789 autem,
878 1709 994 1792 quibus
1027 1709 1139 1776 eedem
1155 1731 1225 1795 par·
1250 1761 1252 1766 .

96 1825 144 1884 tes
161 1824 247 1884 terre
264 1814 449 1882 abinuicem
474 1821 677 1900 separantur,
702 1813 787 1880 idem
812 1815 906 1881 homo
932 1822 1040 1882 noster
1057 1824 1089 1882 et
1113 1827 1222 1901 parles

95 1925 205 1991 taliter
221 1945 329 1990 coram
362 1923 456 1990 nobis
491 1927 739 2009 expresserunt:
766 1923 851 2005 quod
878 1922 983 2007 prima
1009 1933 1095 1990 meta
1110 1926 1226 2011 incipit

97 2035 137 2098 ab
155 2033 279 2098 oriente
295 2031 381 2096 inter
412 2030 476 2096 cluo
509 2029 714 2112 molendina,
730 2028 807 2094 inde
825 2028 990 2112 egreditur
1008 2030 1052 2094 ad
1076 2031 1223 2098 occiden·

95 2147 178 2223 tem,
213 2146 243 2204 ct
269 2138 375 2221 iungit
407 2138 570 2222 quandam
587 2144 742 2222 stratam,
776 2147 807 2202 et
823 2136 999 2222 peripsam
1026 2139 1132 2204 eundo
1158 2159 1228 2224 per·

95 2248 184 2313 uenit
201 2246 244 2310 ad
260 2245 421 2328 quendam
438 2245 543 2311 locum
561 2242 778 2310 Nekechfoka
793 2250 955 2329 uocatum,
983 2246 1038 2310 vbi
1064 2253 1139 2312 sunt
1165 2247 1226 2314 due

95 2362 220 2438 metce;
238 2361 270 2419 et
287 2351 407 2418 directe
424 2353 530 2419 eundo
546 2351 580 2416 iu
597 2351 692 2432 silua,
711 2351 743 2416 in
763 2353 849 2418 exitu
866 2351 969 2437 ipsius
996 2353 1100 2438 iungit
1116 2355 1227 2422 simili·

95 2469 142 2526 ter
159 2461 245 2527 duas
262 2467 375 2544 metas,
390 2468 421 2526 et
436 2460 554 2524 transit
570 2459 731 2542 quendam
750 2477 918 2543 campum3
941 2461 1058 2526 iterato
1083 2461 1184 2527 intrat
1195 2463 1228 2528 iu

95 2567 262 2650 quandam
274 2569 400 2654 siluam,
418 2577 450 2634 et
468 2568 572 2633 eundo
590 2567 711 2632 directe
726 2565 760 2630 in
778 2565 891 2632 eadem
908 2568 1055 2652 peruenit
1071 2569 1113 2634 ad
1130 2590 1229 2652 queu-

96 2677 170 2742 dam
187 2677 294 2741 locum
310 2674 545 2744 Knchurdfoka
560 2674 772 2758 nominatum,
788 2673 843 2739 vbi
859 2679 935 2740 sunt
960 2674 1022 2740 due
1047 2683 1171 2758 metee;
1199 2685 1230 2745 et

94 2783 202 2852 adhuc
219 2782 341 2850 directe
366 2783 470 2850 eundo
486 2782 530 2848 ad
545 2783 756 2869 occidentem,
773 2783 806 2848 iu
823 2782 908 2850 silua
932 2783 1037 2866 iungit
1062 2787 1225 2866 quoddam

94 2892 217 2957 flumen
234 2891 328 2974 Eyeg
345 2897 504 2976 vocatum,
521 2889 575 2956 rbi
591 2897 665 2956 sunt
682 2889 747 2954 due
761 2896 867 2956 metae
882 2908 984 2973 supra
1009 2891 1227 2960 molendinum

99 3001 227 3066 Thome
252 3000 353 3082 Bari,
366 3007 398 3064 rt
415 2998 521 3064 eundo
533 2997 653 3064 directe
665 2997 814 3082 peruenit
824 2995 868 3061 ad
877 2998 1039 3080 quendam
1050 2999 1156 3065 locum
1172 3000 1229 3064 Zo-

92 3106 294 3192 lumlrcreky
310 3121 469 3194 vocatum,
485 3109 540 3173 vbi
557 3113 631 3173 sunt
647 3103 709 3172 due
725 3111 829 3170 m‘etee
840 3129 847 3188 ;
859 3103 977 3169 deinde
987 3105 1029 3170 ad
1041 3105 1152 3170 villam
1163 3107 1230 3173 Do·

94 3219 155 3284 bos
173 3217 367 3302 predictam,
379 3217 432 3283 ubi
444 3221 518 3281 sunt
529 3215 593 3281 due
605 3221 727 3298 metes,
746 3221 780 3278 et
790 3212 1046 3299 pertranseundo
1057 3211 1162 3300 ipsam
1174 3215 1232 3280 vil-

92 3325 163 3391 lam
184 3323 292 3407 iungit
308 3322 472 3412 quoddam
489 3324 678 3407 pomerium,
694 3319 748 3388 ubi
768 3318 828 3387 sub
838 3318 981 3402 quadam
991 3322 1106 3388 arbore
1116 3341 1232 3410 cerasy

93 3439 176 3499 sunt
187 3431 378 3515 dumetae,
390 3429 562 3498 deindcad
574 3427 744 3496 ecclesiam
755 3429 788 3494 in
799 3428 1234 3496 eademvillaDobossunda-

91 3551 177 3626 tam,
196 3547 228 3606 et
238 3539 346 3604 adhuc
357 3537 479 3604 directe
496 3537 612 3622 eundo,
631 3558 689 3622 per
700 3557 847 3621 campum
859 3535 950 3602 iuxta
962 3535 1124 3619 quoddam
1134 3537 1234 3604 berch

90 3647 209 3733 iungit
224 3645 307 3712 duas
323 3653 445 3726 mctas3
463 3644 580 3712 deinde
591 3643 634 3708 ad
649 3643 867 3710 furcacioncm
879 3643 1080 3726 quarundam
1096 3645 1233 3730 uiarum,

90 3757 149 3825 ubi
171 3753 327 3821 similiter
342 3758 417 3820 sunt
434 3752 497 3818 due
512 3759 626 3838 melec,
645 3760 677 3818 et
693 3753 739 3819 ibi
757 3753 920 3836 egreditur
948 3771 1044 3837 super
1070 3752 1233 3834 quandam

90 3865 185 3932 viam
206 3881 270 3944 que
285 3859 434 3948 procedit
445 3881 558 3928 versus
569 3861 731 3942 quendam
749 3863 855 3926 locum
865 3858 1061 3926 Turslheluk
1072 3865 1234 3944 vocatum,

89 3979 124 4038 et
143 3968 259 4038 eundo
274 3989 334 4052 per
350 3987 504 4052 magnum
520 3968 665 4052 spacium
681 3967 715 4033 in
726 3967 838 4033 eodem
856 3967 1148 4050 loco'lrrrstheluk,
1160 3967 1231 4032 iun-

89 4078 142 4163 git
159 4076 334 4161 quandam
350 4074 501 4141 arborem
516 4075 716 4160 perplexam,
733 4073 789 4142 rbi
806 4079 881 4140 sunt
897 4075 961 4141 due
976 4081 1100 4157 metes,
1120 4082 1152 4140 et
1179 4074 1234 4140 ad-

88 4187 158 4252 buc
176 4183 226 4249 ad
242 4183 382 4250 eandam
398 4183 530 4266 plagam
549 4181 664 4262 eundo,
681 4185 768 4249 inter
793 4189 932 4249 castrum
958 4181 1092 4247 Kokoth
1117 4191 1150 4250 et
1173 4183 1236 4250 He·

89 4289 253 4377 gusbolm
270 4290 422 4374 peruenit
439 4288 481 4354 ad
499 4289 580 4354 duas
597 4295 711 4372 metas,
728 4291 784 4356 vbi
798 4288 976 4354 reflectitur
992 4289 1233 4356 interocciden·

89 4407 158 4465 tem
178 4403 216 4463 et
233 4395 440 4482 aquilonem,
459 4402 491 4463 et
502 4395 606 4464 eundo
617 4395 749 4482 directe,
767 4397 915 4482 peruenit
925 4396 969 4462 ad
984 4397 1090 4462 locum
1101 4397 1234 4463 Waros-

88 4506 202 4573 dobos
219 4502 435 4588 nominatum,
447 4501 502 4570 vbi
526 4504 559 4569 iu
571 4503 710 4588 quodam
728 4504 826 4570 berch
842 4525 944 4590 paruo
961 4504 1067 4590 iungit
1079 4503 1160 4572 duas
1172 4523 1236 4571 mc-

89 4619 164 4696 tas3
185 4615 224 4676 et
240 4609 441 4676 transeundo
457 4610 564 4696 ipsum
581 4611 689 4680 locum
704 4611 739 4677 in
758 4610 864 4678 medio
881 4613 1031 4696 peruenit
1056 4613 1098 4680 ad
1131 4619 1236 4680 metas

135 4743 253 4784 noum.
270 4743 354 4781 uuus.
370 4743 442 4784 uren.
459 4754 504 4769 ·-
519 4746 592 4785 narn.
610 4739 647 4784 tu.
1034 4725 1074 4786 15
