3170 5166
756 251 916 354 ‚caa-

270 443 349 512 dum
365 463 475 512 eorum
491 446 525 510 in
542 446 597 512 uia
613 448 753 514 transire
770 449 907 534 solebat,
939 449 1052 517 uinum
1083 449 1187 536 ipsius
1220 457 1401 542 recepistis.

272 550 366 619 Vnde
382 551 522 638 petimus
538 553 720 621 amiciciam
737 562 890 642 uestram,
908 555 995 638 quod
1010 577 1112 625 causa
1127 564 1230 628 nostri
1247 571 1280 630 et
1304 582 1402 630 eausa

270 659 399 745 seruioij
418 659 634 745 predictorum
650 661 771 726 dictum
788 663 899 728 uinum
916 663 1104 732 restituatis.
1123 665 1164 732 at
1191 668 1279 751 quod
1311 671 1399 736 uobis

271 766 430 850 placuerit
448 786 487 834 ex
505 775 597 852 parte
613 769 715 834 nostri
732 769 862 836 omnino
894 770 988 838 uobis
1019 771 1184 841 iaciemus.

376 872 428 937 Ki
442 873 532 940 vul:
550 872 671 941 Amicis
688 876 756 943 suis
773 877 927 944 Ladinlao
943 877 1009 944 filio
1025 879 1127 946 Tome
1144 889 1175 948 et
1201 880 1311 948 Frakc
1336 883 1399 948 lla·

271 978 382 1062 gistro.

269 1138 407 1203 (Eredetie
426 1139 600 1207 bdrhdrtydn,
614 1141 743 1208 melynek
764 1141 994 1211 hAtArsnyomott
1011 1143 1102 1212 pocset
1126 1145 1183 1199 mAr
1207 1147 1356 1216 lemaillott3
1380 1166 1395 1200 a
1499 1189 1504 1206 ,

592 1248 676 1284 nomn.
696 1249 822 1286 meracum
835 1232 1075 1302 kezirattdrdban.)

724 1517 936 1530 *—

797 2074 871 2143 314.

265 2275 401 2339 Kocruid
418 2285 527 2339 rroester·
534 2274 601 2356 fluo
617 2273 725 2338 Jacob
741 2285 856 2382 coerect
872 2299 893 2338 a
910 2273 1101 2338 birtoltciboo
1119 2273 1186 2336 lo'od
1195 2271 1394 2355 jaeck-irritet

662 2381 789 2447 dotesiti.
808 2383 857 2446 Ec
874 2379 992 2446 celant.

371 2575 438 2641 Nos
453 2575 609 2659 Magister
624 2577 802 2642 Corrardus
817 2577 901 2644 filius
916 2575 1075 2662 Stephani
1091 2580 1185 2644 uobis
1204 2577 1322 2644 Comiti
1339 2575 1392 2641 Ja-

265 2683 345 2749 cobo
362 2681 427 2748 filio
444 2689 552 2748 nostro
569 2684 667 2748 menti
684 2684 891 2766 assignamus
907 2691 939 2750 et
959 2691 1108 2750 notamus
1119 2701 1291 2750 reuocare:
1308 2682 1393 2766 quod

263 2788 451 2855 Alexander
467 2789 572 2855 dictus
588 2789 734 2867 Kubech,
752 2790 853 2856 frater
868 2791 1012 2857 carnalis
1028 2790 1111 2857 Poth
1129 2789 1282 2873 Palatini,
1302 2812 1323 2857 a
1340 2790 1391 2855 do.

262 2895 348 2962 mino
364 2893 497 2963 Andrea
512 2896 602 2981 Rege
618 2897 700 2963 istas
718 2897 798 2962 duas
814 2904 918 2962 terras
934 2897 1027 2964 Baan
1043 2905 1074 2963 et
1098 2899 1234 2981 Reugen
1258 2903 1391 2963 uocatas

262 3002 330 3070 suis
346 3001 494 3069 fidelibus
511 3003 659 3087 seruicijs
675 3003 847 3086 acquisiuit
864 3011 896 3068 ct
912 3003 1046 3089 meruit;
1063 3024 1146 3087 quas
1172 3003 1302 3088 quidem
1332 3011 1392 3070 ter·

262 3128 317 3176 ras
333 3109 381 3176 sic
396 3107 458 3174 fuit
474 3108 631 3194 partitus;
648 3117 769 3175 terram
795 3107 917 3175 scilicet
947 3111 1038 3175 Baan
1071 3109 1269 3176 Monasterio
1299 3110 1391 3176 Beati

261 3217 376 3284 Jacobi
392 3216 434 3282 de
449 3216 562 3300 Lyben
579 3217 788 3302 assignando,
805 3223 922 3283 terram
939 3236 1015 3284 uero
1030 3219 1164 3301 Reugen
1178 3216 1241 3283 sibi
1267 3223 1300 3284 et
1323 3221 1389 3284 suis

261 3321 434 3391 heredibus
449 3325 654 3390 reseruando.
672 3326 752 3389 Item
768 3324 854 3390 idem
871 3322 1058 3392 Alexander
1074 3324 1117 3390 ab
1134 3321 1249 3391 eodem
1259 3323 1386 3391 domino

260 3427 392 3496 Andrea
401 3429 492 3514 Rege
503 3429 653 3496 similiter
663 3431 859 3513 acquirendo
868 3432 982 3498 villam
993 3429 1134 3498 Olsasnn
1144 3429 1279 3516 inuenit,
1289 3449 1386 3512 quam

259 3533 408 3602 similiter
423 3537 618 3604 Monasterio
634 3537 727 3603 Beati
742 3536 859 3604 Jacobi
876 3536 1023 3621 Apostoli
1040 3535 1081 3603 de
1096 3536 1210 3620 Lyben
1241 3537 1276 3600 in
1308 3541 1384 3621 toto,

259 3647 294 3707 ut
309 3641 444 3729 inuenit,
463 3643 668 3709 condonauit.
686 3640 791 3719 Quam
807 3642 937 3726 quidem
954 3650 1083 3728 terram,
1101 3661 1174 3710 curn
1189 3662 1249 3708 nos
1281 3661 1302 3706 a
1333 3641 1385 3707 do-

262 3748 349 3817 mino
363 3750 454 3832 Rege
470 3749 550 3816 Bela
566 3751 609 3816 ad
626 3749 792 3816 dominum
807 3750 929 3833 Regem
945 3747 1145 3834 Stephanum
1155 3747 1216 3814 iter
1225 3747 1386 3816 habuisse·

258 3875 330 3924 mus
347 3857 549 3942 commorati,
565 3857 760 3924 Valentinus
777 3863 809 3922 et
826 3857 965 3942 Bolosey
981 3854 1040 3940 filij
1057 3853 1170 3940 (logne
1186 3851 1235 3942 (2)
1251 3874 1273 3920 a
1288 3853 1386 3922 domi-

257 3983 301 4032 no
316 3967 408 4050 Rege
423 3965 506 4033 Bela
520 3963 730 4050 impetrantes
747 3965 973 4051 possederant,
999 3963 1059 4032 sed
1089 3963 1259 4029 meliorata
1289 3983 1385 4030 caum

257 4077 370 4140 nostra
384 4073 427 4138 ab
444 4071 558 4139 eodem
574 4069 703 4138 domino
719 4071 818 4155 Rege,
835 4070 983 4157 inspecto
1000 4070 1104 4136 eciam
1120 4065 1302 4154 fpriuilegio
1332 4068 1384 4134 do·

257 4178 368 4246 natiuo
385 4179 492 4266 ipsius
508 4185 603 4266 terre,
629 4198 688 4265 per
718 4175 907 4262 Capitulum
938 4175 1111 4244 lauriense
1141 4193 1200 4261 per
1230 4172 1384 4242 Comitem

257 4285 438 4354 conanum
453 4285 557 4353 lilium
571 4283 679 4370 Albey
696 4281 852 4351 Comitem
867 4284 1073 4352 lauriensem
1089 4282 1164 4366 ipsa
1179 4287 1269 4348 terra
1294 4279 1384 4349 Olea·

258 4413 321 4461 sun
335 4393 428 4461 nobis
443 4394 505 4460 fuit
520 4392 651 4460 reddita
668 4403 701 4461 et
716 4392 864 4462 restitute
879 4392 997 4461 litteris
1021 4389 1212 4478 patentibus
1242 4389 1383 4459 eiusdem

258 4499 381 4567 domini
395 4501 495 4584 Regls
510 4500 748 4570 confirmando:
774 4499 898 4569 litteras
927 4504 1079 4586 patentes
1109 4519 1183 4567 cnm
1213 4497 1382 4586 priuilegio
