3120 5172
66 569 175 638 nobilis
188 567 314 655 Mykod
329 570 451 652 Bonus,
469 568 581 636 iacens
598 569 633 634 in
650 567 735 635 lecto
752 565 963 650 egritudinis,
980 565 1079 631 misso
1095 583 1175 629 nun-

68 679 109 746 cio
124 695 182 745 sno
198 697 257 744 nos
274 678 414 765 rogauit,
434 683 470 744 ut
486 675 627 760 aliquem
643 675 698 740 nel
724 673 853 756 aliquos
870 692 914 739 ex
929 673 1023 740 nobis
1039 675 1182 739 mittere-

68 805 149 871 mus,
164 801 275 850 norem
290 784 408 870 quibus
422 805 517 853 suum
538 783 694 850 conderet
719 787 959 848 testamentum.
990 780 1058 847 Nos
1085 779 1183 862 igitur

67 891 151 958 iustis
165 889 382 975 peticionibus
400 889 469 957 eius
494 889 653 977 inclinati,
679 891 850 956 discretum
874 887 978 956 virum
994 885 1183 969 Magistrum

67 999 257 1083 Stephanum
273 998 451 1083 Decanum,·
464 998 586 1066 socium
599 1006 631 1066 et
641 997 894 1065 concanonicum
911 1001 1065 1080 nostrum,
1076 999 1109 1061 et
1118 995 1185 1060 bla-

65 1107 192 1190 gistrum
208 1105 426 1190 Dominicnm,
446 1106 616 1173 Notarium
637 1105 781 1172 Ecclesia
805 1110 926 1190 nostre,
938 1102 1122 1170 ouranimus
1139 1099 1183 1165 ud

65 1215 162 1298 ipsum
178 1212 355 1296 destinare,
372 1213 427 1297 qui
443 1213 650 1297 postmodum
667 1213 710 1279 ad
733 1233 794 1280 nos
808 1211 953 1294 reuersi,
985 1208 1080 1276 nobis
1096 1209 1184 1274 dixe-

65 1325 149 1384 runt:
167 1318 255 1402 quod
270 1317 357 1386 idem
372 1317 497 1404 Mykod
512 1321 636 1407 Banus,
655 1338 731 1402 eger
748 1337 904 1404 corpore,
931 1315 990 1384 sed
1007 1323 1115 1383 mente
1132 1335 1185 1381 sa·

66 1446 120 1490 nus
130 1477 141 1512 ‚
167 1443 276 1493 coram
294 1425 376 1512 ipsis
385 1475 396 1511 ,
428 1432 460 1493 et
477 1445 586 1494 coram
611 1427 688 1516 alijs
704 1427 813 1514 probis
830 1426 909 1494 viris
919 1477 928 1512 ‚
960 1423 1044 1491 inter
1060 1431 1205 1492 ceteras-

67 1532 288 1600 ordinaciones
304 1553 391 1617 suas,
407 1535 474 1602 tale
490 1533 690 1603 condidisset
701 1542 735 1604 et
750 1533 933 1603 ordinasset
949 1538 1205 1600 testamentum..

66 1637 153 1717 Quod
169 1640 330 1722 quasdam
344 1641 569 1726 possessiones
580 1661 667 1726 sues,
681 1643 796 1710 Jenew
812 1648 845 1708 et
861 1639 1027 1706 Chobolou
1041 1643 1184 1720 vocatas,

66 1747 261 1831 inpartibus
289 1749 561 1836 Transsiluanis,
586 1749 620 1814 in
648 1748 810 1816 Comitatu
827 1747 968 1814 Donoka
998 1746 1184 1829 existentes,

66 1873 132 1919 oum
149 1855 298 1923 omnibns
314 1855 510 1923 utilitatibus
538 1855 714 1925 earundem
740 1863 772 1923 et
787 1854 1001 1943 pertinenoijs
1011 1906 1021 1941 ,
1041 1853 1185 1938 legasset

65 1965 93 2026 et
107 1961 294 2044 reliquisset
309 1963 440 2031 domine
465 1964 650 2052 Elyzabeth
667 1964 735 2032 filie
763 1983 839 2050 sue,
870 1962 1010 2030 consorti
1025 1959 1186 2027 lobannis

65 2067 138 2134 dicti
155 2067 287 2156 libente,
304 2076 336 2138 et
351 2091 410 2156 per
426 2092 498 2140 eam
516 2091 648 2140 suorum
664 2068 818 2139 heredum
843 2069 1097 2156 successoribus,
1118 2086 1188 2154 per-

66 2175 243 2263 bempuiter
257 2175 484 2264 possidendas.
501 2180 541 2245 In
559 2179 653 2246 cuius
668 2178 715 2245 roi
730 2175 917 2245 memoriam
934 2183 1197 2263 perpetuamque¹

67 2283 255 2370 firmitatem,
271 2286 430 2355 suadente
446 2287 575 2356 iusticia
584 2339 593 2373 ,
608 2288 736 2374 prelato
751 2286 881 2354 domine
897 2283 1097 2371 Elyzabeth‚
1121 2283 1203 2350 filie·

65 2389 163 2477 ipius
178 2390 304 2480 dlylmd
318 2393 412 2482 Bani,
427 2403 597 2482 presentes
624 2395 843 2464 concessimus
861 2393 989 2461 litteras
1006 2389 1108 2476 sigilli
1132 2410 1188 2457 no-

66 2500 121 2565 stri
136 2501 315 2569 munimine
329 2505 509 2572 roboratas.
527 2507 648 2572 Datum
671 2523 730 2590 per
744 2522 859 2584 manus
877 2501 1009 2570 discreti
1034 2499 1096 2568 viri
1124 2499 1204 2566 lle-¹

65 2607 152 2690 gistri
167 2609 263 2677 Pauli
287 2611 435 2680 Lectoris
462 2611 617 2680 Eeclesie
648 2619 777 2696 nostre,
807 2631 895 2679 anno
919 2609 1053 2675 Domini
1069 2603 1199 2674 M0000·

65 2715 275 2800 nonagesimo
292 2725 421 2788 octauo.
431 2719 594 2806 Magistro
605 2719 755 2789 iohanne
771 2718 919 2804 Cantore,
935 2717 1094 2802 Magistro
1111 2715 1189 2782 Gre-

65 2821 153 2906 gorio
170 2822 326 2912 Custode,
343 2825 510 2914 Stephano
536 2826 682 2914 Decano,
698 2825 847 2914 Nicolao,
863 2823 1052 2912 Lulrachyo,
1079 2829 1111 2890 et
1126 2823 1203 2888 An·-

68 2929 146 2998 drea
171 2929 411 3018 sacerdotibus,
427 2935 550 3002 Jacobo
566 2941 599 3000 et
612 2931 790 3002 Benedicto
815 2929 991 3016 Magistris,
1010 2929 1205 3013 ceterisque·

63 3036 236 3107 Canonicis
252 3041 480 3111 existentibus.
856 3027 860 3036 ’

69 3234 119 3298 (Aa
130 3241 191 3306 egri
204 3233 400 3306 kdptalannalr
411 3240 520 3292 teuc-ki
532 3235 688 3308 tetraetbtl,
701 3237 830 3305 melynelr
840 3236 969 3303 eredetije
978 3233 1065 3303 Pipni
1077 3229 1208 3300 Lojoand-

187 3329 256 3384 sudi.
270 3329 385 3397 Tartoly
397 3330 492 3384 Esater
504 3327 666 3383 birtolrtban
685 3344 747 3381 van:
761 3327 841 3380 libuli
853 3327 939 3380 Srabd
959 3323 1084 3394 Kdroly.)

517 3614 729 3628 ’.ι-..κη
