<?xml version="1.0" encoding="UTF-8"?>
<!DOCTYPE html PUBLIC "-//W3C//DTD XHTML 1.0 Transitional//EN"
    "http://www.w3.org/TR/xhtml1/DTD/xhtml1-transitional.dtd">
<html xmlns="http://www.w3.org/1999/xhtml" xml:lang="en" lang="en">
 <head>
  <title>
</title>
<meta http-equiv="Content-Type" content="text/html;charset=utf-8" />
  <meta name='ocr-system' content='tesseract 3.04.00' />
  <meta name='ocr-capabilities' content='ocr_page ocr_carea ocr_par ocr_line ocrx_word'/>
</head>
<body>
  <div class='ocr_page' id='page_1' title='image "./codexdiplomatic19wenzgoog_0188.png"; bbox 0 0 3112 5158; ppageno 0'>
   <div class='ocr_carea' id='block_1_1' title="bbox 786 283 957 388">
    <p class='ocr_par' dir='ltr' id='par_1_1' title="bbox 786 283 957 388">
     <span class='ocr_line' id='line_1_1' title="bbox 786 283 957 388; baseline 0 -36"><span class='ocrx_word' id='word_1_1' title='bbox 786 283 957 388; x_wconf 46' lang='lat' dir='ltr'><strong>„rus-</strong></span> 
     </span>
    </p>
   </div>
   <div class='ocr_carea' id='block_1_2' title="bbox 304 479 1440 1327">
    <p class='ocr_par' dir='ltr' id='par_1_2' title="bbox 304 479 1440 1327">
     <span class='ocr_line' id='line_1_2' title="bbox 305 479 1440 572; baseline 0.006 -24"><span class='ocrx_word' id='word_1_2' title='bbox 305 500 362 548; x_wconf 86' lang='lat' dir='ltr'><strong>sos</strong></span> <span class='ocrx_word' id='word_1_3' title='bbox 393 481 551 548; x_wconf 80' lang='lat' dir='ltr'>Comitem</span> <span class='ocrx_word' id='word_1_4' title='bbox 582 483 716 550; x_wconf 88' lang='lat' dir='ltr'><strong>Petrum</strong></span> <span class='ocrx_word' id='word_1_5' title='bbox 734 487 766 548; x_wconf 89' lang='lat' dir='ltr'><strong>et</strong></span> <span class='ocrx_word' id='word_1_6' title='bbox 797 480 989 564; x_wconf 75' lang='lat' dir='ltr'>Magistrum</span> <span class='ocrx_word' id='word_1_7' title='bbox 1005 479 1131 550; x_wconf 80' lang='lat' dir='ltr'><strong>(iudam</strong></span> <span class='ocrx_word' id='word_1_8' title='bbox 1147 481 1181 548; x_wconf 93' lang='lat' dir='ltr'><strong>in</strong></span> <span class='ocrx_word' id='word_1_9' title='bbox 1206 481 1325 569; x_wconf 85' lang='lat' dir='ltr'><strong>uiginti</strong></span> <span class='ocrx_word' id='word_1_10' title='bbox 1355 481 1440 572; x_wconf 91' lang='lat' dir='ltr'><strong>judi·</strong></span> 
     </span>
     <span class='ocr_line' id='line_1_3' title="bbox 311 587 1438 675; baseline 0.007 -21"><span class='ocrx_word' id='word_1_11' title='bbox 311 587 372 674; x_wconf 86' lang='lat' dir='ltr'><strong>eijs</strong></span> <span class='ocrx_word' id='word_1_12' title='bbox 388 589 595 657; x_wconf 78' lang='lat' dir='ltr'><strong>remansisse.</strong></span> <span class='ocrx_word' id='word_1_13' title='bbox 612 591 679 656; x_wconf 86' lang='lat' dir='ltr'><strong>Nos</strong></span> <span class='ocrx_word' id='word_1_14' title='bbox 695 589 805 673; x_wconf 84' lang='lat' dir='ltr'><strong>itaque</strong></span> <span class='ocrx_word' id='word_1_15' title='bbox 820 588 900 656; x_wconf 89' lang='lat' dir='ltr'><strong>uisis</strong></span> <span class='ocrx_word' id='word_1_16' title='bbox 918 595 950 658; x_wconf 87' lang='lat' dir='ltr'><strong>et</strong></span> <span class='ocrx_word' id='word_1_17' title='bbox 974 589 1123 675; x_wconf 73' lang='lat' dir='ltr'><strong>perlectis</strong></span> <span class='ocrx_word' id='word_1_18' title='bbox 1148 591 1297 660; x_wconf 88' lang='lat' dir='ltr'><strong>omuibus</strong></span> <span class='ocrx_word' id='word_1_19' title='bbox 1323 591 1438 663; x_wconf 90' lang='lat' dir='ltr'><strong>instru·</strong></span> 
     </span>
     <span class='ocr_line' id='line_1_4' title="bbox 306 693 1437 787; baseline 0.011 -27"><span class='ocrx_word' id='word_1_20' title='bbox 306 698 422 762; x_wconf 88' lang='lat' dir='ltr'><strong>mentis</strong></span> <span class='ocrx_word' id='word_1_21' title='bbox 453 716 511 763; x_wconf 90' lang='lat' dir='ltr'><strong>seu</strong></span> <span class='ocrx_word' id='word_1_22' title='bbox 541 697 657 764; x_wconf 87' lang='lat' dir='ltr'><strong>litteris</strong></span> <span class='ocrx_word' id='word_1_23' title='bbox 683 718 740 783; x_wconf 94' lang='lat' dir='ltr'><strong>per</strong></span> <span class='ocrx_word' id='word_1_24' title='bbox 764 697 852 782; x_wconf 91' lang='lat' dir='ltr'><strong>ipsos</strong></span> <span class='ocrx_word' id='word_1_25' title='bbox 871 693 1029 766; x_wconf 77' lang='lat' dir='ltr'><strong>comitem</strong></span> <span class='ocrx_word' id='word_1_26' title='bbox 1055 700 1186 766; x_wconf 89' lang='lat' dir='ltr'><strong>Petrum</strong></span> <span class='ocrx_word' id='word_1_27' title='bbox 1202 707 1235 767; x_wconf 89' lang='lat' dir='ltr'><strong>et</strong></span> <span class='ocrx_word' id='word_1_28' title='bbox 1249 701 1437 787; x_wconf 84' lang='lat' dir='ltr'><strong>Magistrum</strong></span> 
     </span>
     <span class='ocr_line' id='line_1_5' title="bbox 306 801 1434 901; baseline 0.008 -33"><span class='ocrx_word' id='word_1_29' title='bbox 306 801 438 869; x_wconf 82' lang='lat' dir='ltr'><strong>(iudom</strong></span> <span class='ocrx_word' id='word_1_30' title='bbox 455 804 612 869; x_wconf 83' lang='lat' dir='ltr'><strong>exhibitis</strong></span> <span class='ocrx_word' id='word_1_31' title='bbox 628 804 829 872; x_wconf 91' lang='lat' dir='ltr'><strong>diuersorum</strong></span> <span class='ocrx_word' id='word_1_32' title='bbox 855 803 1007 871; x_wconf 89' lang='lat' dir='ltr'><strong>Jndioum</strong></span> <span class='ocrx_word' id='word_1_33' title='bbox 1033 813 1067 872; x_wconf 89' lang='lat' dir='ltr'><strong>et</strong></span> <span class='ocrx_word' id='word_1_34' title='bbox 1093 803 1234 892; x_wconf 82' lang='lat' dir='ltr'><strong>Capituli</strong></span> <span class='ocrx_word' id='word_1_35' title='bbox 1258 807 1434 901; x_wconf 86' lang='lat' dir='ltr'><strong>Agriensis,</strong></span> 
     </span>
     <span class='ocr_line' id='line_1_6' title="bbox 306 911 1433 986; baseline 0.011 -12"><span class='ocrx_word' id='word_1_36' title='bbox 306 929 371 976; x_wconf 87' lang='lat' dir='ltr'><strong>una</strong></span> <span class='ocrx_word' id='word_1_37' title='bbox 400 930 471 976; x_wconf 86' lang='lat' dir='ltr'><strong>oum</strong></span> <span class='ocrx_word' id='word_1_38' title='bbox 487 911 668 978; x_wconf 81' lang='lat' dir='ltr'><strong>Beronibus</strong></span> <span class='ocrx_word' id='word_1_39' title='bbox 685 913 805 979; x_wconf 89' lang='lat' dir='ltr'><strong>nostris</strong></span> <span class='ocrx_word' id='word_1_40' title='bbox 821 913 1066 980; x_wconf 80' lang='lat' dir='ltr'><strong>sentencialiter</strong></span> <span class='ocrx_word' id='word_1_41' title='bbox 1082 913 1234 983; x_wconf 91' lang='lat' dir='ltr'><strong>duximus</strong></span> <span class='ocrx_word' id='word_1_42' title='bbox 1260 915 1433 986; x_wconf 87' lang='lat' dir='ltr'><strong>deoernen-</strong></span> 
     </span>
     <span class='ocr_line' id='line_1_7' title="bbox 304 1016 1430 1112; baseline 0.011 -31"><span class='ocrx_word' id='word_1_43' title='bbox 304 1016 397 1104; x_wconf 87' lang='lat' dir='ltr'><strong>dum;</strong></span> <span class='ocrx_word' id='word_1_44' title='bbox 414 1025 450 1085; x_wconf 88' lang='lat' dir='ltr'><strong>vt</strong></span> <span class='ocrx_word' id='word_1_45' title='bbox 466 1020 580 1086; x_wconf 86' lang='lat' dir='ltr'><strong>eadem</strong></span> <span class='ocrx_word' id='word_1_46' title='bbox 596 1019 758 1107; x_wconf 85' lang='lat' dir='ltr'><strong>possessio</strong></span> <span class='ocrx_word' id='word_1_47' title='bbox 775 1020 887 1088; x_wconf 90' lang='lat' dir='ltr'><strong>Dubos</strong></span> <span class='ocrx_word' id='word_1_48' title='bbox 902 1020 1023 1108; x_wconf 87' lang='lat' dir='ltr'><strong>totalis,</strong></span> <span class='ocrx_word' id='word_1_49' title='bbox 1041 1040 1113 1088; x_wconf 90' lang='lat' dir='ltr'><strong>eum</strong></span> <span class='ocrx_word' id='word_1_50' title='bbox 1130 1023 1199 1089; x_wconf 89' lang='lat' dir='ltr'><strong>suis</strong></span> <span class='ocrx_word' id='word_1_51' title='bbox 1216 1025 1430 1112; x_wconf 86' lang='lat' dir='ltr'><strong>pertineuoijs</strong></span> 
     </span>
     <span class='ocr_line' id='line_1_8' title="bbox 306 1111 1429 1221; baseline 0.011 -34"><span class='ocrx_word' id='word_1_52' title='bbox 306 1124 401 1190; x_wconf 90' lang='lat' dir='ltr'><strong>Pauli</strong></span> <span class='ocrx_word' id='word_1_53' title='bbox 421 1133 451 1190; x_wconf 91' lang='lat' dir='ltr'><strong>et</strong></span> <span class='ocrx_word' id='word_1_54' title='bbox 469 1127 581 1210; x_wconf 84' lang='lat' dir='ltr'><strong>Deegh</strong></span> <span class='ocrx_word' id='word_1_55' title='bbox 599 1127 742 1210; x_wconf 90' lang='lat' dir='ltr'><strong>voeatis;</strong></span> <span class='ocrx_word' id='word_1_56' title='bbox 770 1126 880 1213; x_wconf 89' lang='lat' dir='ltr'><strong>poroio</strong></span> <span class='ocrx_word' id='word_1_57' title='bbox 906 1126 1059 1195; x_wconf 82' lang='lat' dir='ltr'><strong>uidelicet</strong></span> <span class='ocrx_word' id='word_1_58' title='bbox 1091 1129 1215 1197; x_wconf 86' lang='lat' dir='ltr'><strong>Thome</strong></span> <span class='ocrx_word' id='word_1_59' title='bbox 1239 1111 1345 1221; x_wconf 76' lang='lat' dir='ltr'><strong>Beni,</strong></span> <span class='ocrx_word' id='word_1_60' title='bbox 1374 1153 1429 1218; x_wconf 92' lang='lat' dir='ltr'><strong>pro</strong></span> 
     </span>
     <span class='ocr_line' id='line_1_9' title="bbox 306 1231 1431 1327; baseline 0.009 -31"><span class='ocrx_word' id='word_1_61' title='bbox 306 1237 424 1314; x_wconf 84' lang='lat' dir='ltr'><strong>quarta</strong></span> <span class='ocrx_word' id='word_1_62' title='bbox 441 1231 571 1299; x_wconf 90' lang='lat' dir='ltr'><strong>domine</strong></span> <span class='ocrx_word' id='word_1_63' title='bbox 586 1235 707 1300; x_wconf 89' lang='lat' dir='ltr'><strong>sororis</strong></span> <span class='ocrx_word' id='word_1_64' title='bbox 722 1253 779 1301; x_wconf 88' lang='lat' dir='ltr'><strong>sue</strong></span> <span class='ocrx_word' id='word_1_65' title='bbox 796 1235 838 1300; x_wconf 90' lang='lat' dir='ltr'><strong>de</strong></span> <span class='ocrx_word' id='word_1_66' title='bbox 853 1235 946 1301; x_wconf 88' lang='lat' dir='ltr'><strong>totali</strong></span> <span class='ocrx_word' id='word_1_67' title='bbox 972 1235 1181 1320; x_wconf 87' lang='lat' dir='ltr'><strong>possessione</strong></span> <span class='ocrx_word' id='word_1_68' title='bbox 1206 1257 1265 1304; x_wconf 89' lang='lat' dir='ltr'><strong>sua</strong></span> <span class='ocrx_word' id='word_1_69' title='bbox 1291 1239 1431 1327; x_wconf 82' lang='lat' dir='ltr'><strong>cedenti,</strong></span> 
     </span>
    </p>
   </div>
   <div class='ocr_carea' id='block_1_3' title="bbox 308 1339 1541 1428">
    <p class='ocr_par' dir='ltr' id='par_1_3' title="bbox 308 1339 1541 1428">
     <span class='ocr_line' id='line_1_10' title="bbox 308 1339 1541 1428; baseline 0.009 -24"><span class='ocrx_word' id='word_1_70' title='bbox 308 1344 340 1404; x_wconf 90' lang='lat' dir='ltr'><strong>et</strong></span> <span class='ocrx_word' id='word_1_71' title='bbox 365 1339 475 1424; x_wconf 89' lang='lat' dir='ltr'><strong>poreio</strong></span> <span class='ocrx_word' id='word_1_72' title='bbox 492 1339 671 1406; x_wconf 83' lang='lat' dir='ltr'><strong>Alexandri</strong></span> <span class='ocrx_word' id='word_1_73' title='bbox 688 1341 835 1426; x_wconf 88' lang='lat' dir='ltr'><strong>predieti,</strong></span> <span class='ocrx_word' id='word_1_74' title='bbox 861 1348 927 1407; x_wconf 90' lang='lat' dir='ltr'><strong>tum</strong></span> <span class='ocrx_word' id='word_1_75' title='bbox 953 1361 1013 1428; x_wconf 90' lang='lat' dir='ltr'><strong>pro</strong></span> <span class='ocrx_word' id='word_1_76' title='bbox 1037 1343 1268 1412; x_wconf 88' lang='lat' dir='ltr'><strong>uerberaoione</strong></span> <span class='ocrx_word' id='word_1_77' title='bbox 1295 1347 1433 1414; x_wconf 89' lang='lat' dir='ltr'><strong>hominis</strong></span> <span class='ocrx_word' id='word_1_78' title='bbox 1540 1415 1541 1424; x_wconf 66' lang='grc'>,</span> 
     </span>
    </p>
   </div>
   <div class='ocr_carea' id='block_1_4' title="bbox 299 1445 1541 2395">
    <p class='ocr_par' dir='ltr' id='par_1_4' title="bbox 299 1429 1541 2395">
     <span class='ocr_line' id='line_1_11' title="bbox 306 1445 1435 1537; baseline 0.009 -26"><span class='ocrx_word' id='word_1_79' title='bbox 306 1445 427 1512; x_wconf 89' lang='lat' dir='ltr'><strong>domini</strong></span> <span class='ocrx_word' id='word_1_80' title='bbox 442 1449 542 1532; x_wconf 85' lang='lat' dir='ltr'><strong>Regis</strong></span> <span class='ocrx_word' id='word_1_81' title='bbox 558 1457 591 1514; x_wconf 92' lang='lat' dir='ltr'><strong>et</strong></span> <span class='ocrx_word' id='word_1_82' title='bbox 606 1448 748 1534; x_wconf 81' lang='lat' dir='ltr'><strong>Capituli</strong></span> <span class='ocrx_word' id='word_1_83' title='bbox 775 1449 941 1533; x_wconf 84' lang='lat' dir='ltr'><strong>Agriensis</strong></span> <span class='ocrx_word' id='word_1_84' title='bbox 958 1451 1146 1537; x_wconf 88' lang='lat' dir='ltr'><strong>testimonij‚</strong></span> <span class='ocrx_word' id='word_1_85' title='bbox 1163 1472 1234 1518; x_wconf 91' lang='lat' dir='ltr'><strong>oum</strong></span> <span class='ocrx_word' id='word_1_86' title='bbox 1251 1473 1312 1536; x_wconf 91' lang='lat' dir='ltr'><strong>pro</strong></span> <span class='ocrx_word' id='word_1_87' title='bbox 1337 1453 1435 1521; x_wconf 90' lang='lat' dir='ltr'><strong>deho·</strong></span> 
     </span>
     <span class='ocr_line' id='line_1_12' title="bbox 305 1554 1434 1641; baseline 0.009 -23"><span class='ocrx_word' id='word_1_88' title='bbox 305 1554 491 1622; x_wconf 82' lang='lat' dir='ltr'><strong>nestaoione</strong></span> <span class='ocrx_word' id='word_1_89' title='bbox 506 1556 728 1623; x_wconf 89' lang='lat' dir='ltr'><strong>estimatorum</strong></span> <span class='ocrx_word' id='word_1_90' title='bbox 753 1575 811 1641; x_wconf 92' lang='lat' dir='ltr'><strong>per</strong></span> <span class='ocrx_word' id='word_1_91' title='bbox 836 1563 1046 1624; x_wconf 88' lang='lat' dir='ltr'><strong>memoratum</strong></span> <span class='ocrx_word' id='word_1_92' title='bbox 1083 1557 1231 1626; x_wconf 86' lang='lat' dir='ltr'><strong>Judieem</strong></span> <span class='ocrx_word' id='word_1_93' title='bbox 1257 1557 1434 1628; x_wconf 89' lang='lat' dir='ltr'><strong>destinato·</strong></span> 
     </span>
     <span class='ocr_line' id='line_1_13' title="bbox 305 1662 1432 1750; baseline 0.007 -24"><span class='ocrx_word' id='word_1_94' title='bbox 305 1682 385 1743; x_wconf 85' lang='lat' dir='ltr'><strong>rum;</strong></span> <span class='ocrx_word' id='word_1_95' title='bbox 397 1683 468 1729; x_wconf 88' lang='lat' dir='ltr'><strong>oum</strong></span> <span class='ocrx_word' id='word_1_96' title='bbox 485 1663 589 1730; x_wconf 83' lang='lat' dir='ltr'><strong>seium</strong></span> <span class='ocrx_word' id='word_1_97' title='bbox 606 1683 664 1749; x_wconf 90' lang='lat' dir='ltr'><strong>pro</strong></span> <span class='ocrx_word' id='word_1_98' title='bbox 675 1662 908 1731; x_wconf 82' lang='lat' dir='ltr'><strong>felsifieaoione</strong></span> <span class='ocrx_word' id='word_1_99' title='bbox 918 1663 1098 1730; x_wconf 88' lang='lat' dir='ltr'><strong>litterarum</strong></span> <span class='ocrx_word' id='word_1_100' title='bbox 1116 1663 1432 1750; x_wconf 83' lang='lat' dir='ltr'><strong>Capitulidgriensis</strong></span> 
     </span>
     <span class='ocr_line' id='line_1_14' title="bbox 306 1769 1435 1861; baseline 0.006 -26"><span class='ocrx_word' id='word_1_101' title='bbox 306 1771 464 1855; x_wconf 88' lang='lat' dir='ltr'><strong>prenotati</strong></span> <span class='ocrx_word' id='word_1_102' title='bbox 479 1793 486 1854; x_wconf 88' lang='lat'>;</span> <span class='ocrx_word' id='word_1_103' title='bbox 503 1773 615 1855; x_wconf 83' lang='lat' dir='ltr'><strong>porcio</strong></span> <span class='ocrx_word' id='word_1_104' title='bbox 632 1790 708 1837; x_wconf 90' lang='lat' dir='ltr'><strong>uero</strong></span> <span class='ocrx_word' id='word_1_105' title='bbox 724 1769 821 1836; x_wconf 91' lang='lat' dir='ltr'><strong>Pauli</strong></span> <span class='ocrx_word' id='word_1_106' title='bbox 837 1776 869 1836; x_wconf 87' lang='lat' dir='ltr'><strong>et</strong></span> <span class='ocrx_word' id='word_1_107' title='bbox 885 1770 1000 1837; x_wconf 85' lang='lat' dir='ltr'><strong>Oosme</strong></span> <span class='ocrx_word' id='word_1_108' title='bbox 1016 1771 1154 1837; x_wconf 91' lang='lat' dir='ltr'><strong>liliorum</strong></span> <span class='ocrx_word' id='word_1_109' title='bbox 1182 1771 1296 1842; x_wconf 83' lang='lat' dir='ltr'><strong>Cosme</strong></span> <span class='ocrx_word' id='word_1_110' title='bbox 1312 1773 1345 1838; x_wconf 87' lang='lat' dir='ltr'><strong>iu</strong></span> <span class='ocrx_word' id='word_1_111' title='bbox 1361 1773 1435 1861; x_wconf 87' lang='lat' dir='ltr'><strong>ipsu</strong></span> 
     </span>
     <span class='ocr_line' id='line_1_15' title="bbox 304 1878 1432 1966; baseline 0.005 -24"><span class='ocrx_word' id='word_1_112' title='bbox 304 1879 508 1962; x_wconf 84' lang='lat' dir='ltr'><strong>possessione</strong></span> <span class='ocrx_word' id='word_1_113' title='bbox 539 1879 651 1945; x_wconf 90' lang='lat' dir='ltr'><strong>Dubos</strong></span> <span class='ocrx_word' id='word_1_114' title='bbox 684 1879 771 1964; x_wconf 90' lang='lat' dir='ltr'><strong>ipsos</strong></span> <span class='ocrx_word' id='word_1_115' title='bbox 803 1878 1007 1966; x_wconf 83' lang='lat' dir='ltr'><strong>contingens,</strong></span> <span class='ocrx_word' id='word_1_116' title='bbox 1033 1899 1091 1963; x_wconf 91' lang='lat' dir='ltr'><strong>pro</strong></span> <span class='ocrx_word' id='word_1_117' title='bbox 1115 1880 1295 1964; x_wconf 87' lang='lat' dir='ltr'><strong>prenotatis</strong></span> <span class='ocrx_word' id='word_1_118' title='bbox 1321 1883 1432 1966; x_wconf 85' lang='lat' dir='ltr'><strong>viginti</strong></span> 
     </span>
     <span class='ocr_line' id='line_1_16' title="bbox 299 1983 1431 2074; baseline 0.006 -27"><span class='ocrx_word' id='word_1_119' title='bbox 299 1983 445 2070; x_wconf 72' lang='lat' dir='ltr'><strong>judieiJs</strong></span> <span class='ocrx_word' id='word_1_120' title='bbox 464 2005 525 2069; x_wconf 88' lang='lat' dir='ltr'><strong>que</strong></span> <span class='ocrx_word' id='word_1_121' title='bbox 541 1985 574 2051; x_wconf 91' lang='lat' dir='ltr'><strong>iu</strong></span> <span class='ocrx_word' id='word_1_122' title='bbox 590 1990 657 2052; x_wconf 91' lang='lat' dir='ltr'><strong>toto</strong></span> <span class='ocrx_word' id='word_1_123' title='bbox 674 1986 847 2071; x_wconf 85' lang='lat' dir='ltr'><strong>sexaginta</strong></span> <span class='ocrx_word' id='word_1_124' title='bbox 862 2005 990 2053; x_wconf 87' lang='lat' dir='ltr'><strong>mareas</strong></span> <span class='ocrx_word' id='word_1_125' title='bbox 1003 1985 1140 2074; x_wconf 84' lang='lat' dir='ltr'><strong>laniunt,</strong></span> <span class='ocrx_word' id='word_1_126' title='bbox 1166 1986 1289 2056; x_wconf 86' lang='lat' dir='ltr'><strong>eisdem</strong></span> <span class='ocrx_word' id='word_1_127' title='bbox 1318 1985 1431 2056; x_wconf 82' lang='lat' dir='ltr'><strong>Oomiti</strong></span> 
     </span>
     <span class='ocr_line' id='line_1_17' title="bbox 304 2092 1541 2194; baseline 0.005 -37"><span class='ocrx_word' id='word_1_128' title='bbox 304 2092 400 2159; x_wconf 86' lang='lat' dir='ltr'><strong>Petro</strong></span> <span class='ocrx_word' id='word_1_129' title='bbox 425 2101 457 2160; x_wconf 90' lang='lat' dir='ltr'><strong>et</strong></span> <span class='ocrx_word' id='word_1_130' title='bbox 490 2093 646 2177; x_wconf 85' lang='lat' dir='ltr'><strong>Magistro</strong></span> <span class='ocrx_word' id='word_1_131' title='bbox 681 2093 773 2160; x_wconf 71' lang='lat' dir='ltr'><strong>(inde</strong></span> <span class='ocrx_word' id='word_1_132' title='bbox 799 2101 952 2192; x_wconf 80' lang='lat' dir='ltr'><strong>tanquam</strong></span> <span class='ocrx_word' id='word_1_133' title='bbox 984 2093 1071 2161; x_wconf 82' lang='lat' dir='ltr'><strong>veris</strong></span> <span class='ocrx_word' id='word_1_134' title='bbox 1102 2095 1344 2179; x_wconf 79' lang='lat' dir='ltr'><strong>possessoribus</strong></span> <span class='ocrx_word' id='word_1_135' title='bbox 1373 2104 1434 2163; x_wconf 91' lang='lat' dir='ltr'><strong>sta·</strong></span> <span class='ocrx_word' id='word_1_136' title='bbox 1540 2171 1541 2194; x_wconf 13' lang='grc' dir='ltr'>χ</span> 
     </span>
     <span class='ocr_line' id='line_1_18' title="bbox 304 2199 1541 2287; baseline 0.006 -23"><span class='ocrx_word' id='word_1_137' title='bbox 304 2207 442 2266; x_wconf 91' lang='lat' dir='ltr'><strong>tuantur.</strong></span> <span class='ocrx_word' id='word_1_138' title='bbox 460 2200 530 2267; x_wconf 90' lang='lat' dir='ltr'><strong>Hoe</strong></span> <span class='ocrx_word' id='word_1_139' title='bbox 554 2209 662 2268; x_wconf 88' lang='lat' dir='ltr'><strong>tamen</strong></span> <span class='ocrx_word' id='word_1_140' title='bbox 679 2221 845 2287; x_wconf 85' lang='lat' dir='ltr'><strong>expresso,</strong></span> <span class='ocrx_word' id='word_1_141' title='bbox 870 2199 955 2286; x_wconf 92' lang='lat' dir='ltr'><strong>quod</strong></span> <span class='ocrx_word' id='word_1_142' title='bbox 980 2201 1010 2269; x_wconf 91' lang='lat' dir='ltr'><strong>si</strong></span> <span class='ocrx_word' id='word_1_143' title='bbox 1028 2201 1127 2285; x_wconf 91' lang='lat' dir='ltr'><strong>ijdem</strong></span> <span class='ocrx_word' id='word_1_144' title='bbox 1159 2202 1281 2268; x_wconf 90' lang='lat' dir='ltr'><strong>Paulus</strong></span> <span class='ocrx_word' id='word_1_145' title='bbox 1310 2210 1343 2270; x_wconf 91' lang='lat' dir='ltr'><strong>et</strong></span> <span class='ocrx_word' id='word_1_146' title='bbox 1359 2204 1430 2271; x_wconf 78' lang='lat' dir='ltr'><strong>(los</strong></span> <span class='ocrx_word' id='word_1_147' title='bbox 1540 2205 1541 2224; x_wconf 56' lang='lat'>³</span> 
     </span>
     <span class='ocr_line' id='line_1_19' title="bbox 304 2294 1435 2395; baseline -0.002 -22"><span class='ocrx_word' id='word_1_148' title='bbox 304 2327 376 2374; x_wconf 89' lang='lat' dir='ltr'><strong>mas</strong></span> <span class='ocrx_word' id='word_1_149' title='bbox 393 2307 452 2390; x_wconf 84' lang='lat' dir='ltr'><strong>filij</strong></span> <span class='ocrx_word' id='word_1_150' title='bbox 487 2294 622 2395; x_wconf 80' lang='lat' dir='ltr'><strong>Cosme,</strong></span> <span class='ocrx_word' id='word_1_151' title='bbox 648 2316 705 2376; x_wconf 87' lang='lat' dir='ltr'><strong>aut</strong></span> <span class='ocrx_word' id='word_1_152' title='bbox 730 2309 830 2394; x_wconf 88' lang='lat' dir='ltr'><strong>aliqui</strong></span> <span class='ocrx_word' id='word_1_153' title='bbox 856 2309 916 2393; x_wconf 89' lang='lat' dir='ltr'><strong>aiij</strong></span> <span class='ocrx_word' id='word_1_154' title='bbox 943 2308 1157 2376; x_wconf 83' lang='lat' dir='ltr'><strong>nommetanei</strong></span> <span class='ocrx_word' id='word_1_155' title='bbox 1183 2310 1236 2376; x_wconf 91' lang='lat' dir='ltr'><strong>uel</strong></span> <span class='ocrx_word' id='word_1_156' title='bbox 1265 2310 1365 2376; x_wconf 87' lang='lat' dir='ltr'><strong>vieini</strong></span> <span class='ocrx_word' id='word_1_157' title='bbox 1389 2310 1435 2395; x_wconf 92' lang='lat' dir='ltr'><strong>ip.</strong></span> 
     </span>
    </p>
   </div>
   <div class='ocr_carea' id='block_1_5' title="bbox 304 2415 1541 2728">
    <p class='ocr_par' dir='ltr' id='par_1_5' title="bbox 304 2415 1541 2728">
     <span class='ocr_line' id='line_1_20' title="bbox 304 2415 1541 2524; baseline 0 -40"><span class='ocrx_word' id='word_1_158' title='bbox 304 2415 371 2484; x_wconf 86' lang='lat' dir='ltr'><strong>suis</strong></span> <span class='ocrx_word' id='word_1_159' title='bbox 397 2416 612 2501; x_wconf 89' lang='lat' dir='ltr'><strong>possessionis</strong></span> <span class='ocrx_word' id='word_1_160' title='bbox 653 2417 764 2485; x_wconf 92' lang='lat' dir='ltr'><strong>Dubos</strong></span> <span class='ocrx_word' id='word_1_161' title='bbox 812 2415 948 2484; x_wconf 88' lang='lat' dir='ltr'><strong>eandem</strong></span> <span class='ocrx_word' id='word_1_162' title='bbox 973 2418 1132 2484; x_wconf 85' lang='lat' dir='ltr'><strong>redimere</strong></span> <span class='ocrx_word' id='word_1_163' title='bbox 1162 2417 1344 2505; x_wconf 85' lang='lat' dir='ltr'><strong>voluerint,</strong></span> <span class='ocrx_word' id='word_1_164' title='bbox 1381 2425 1435 2484; x_wconf 89' lang='lat' dir='ltr'><strong>ant</strong></span> <span class='ocrx_word' id='word_1_165' title='bbox 1540 2443 1541 2524; x_wconf 13' lang='grc' dir='ltr'>ζ</span> 
     </span>
     <span class='ocr_line' id='line_1_21' title="bbox 305 2523 1541 2610; baseline 0 -20"><span class='ocrx_word' id='word_1_166' title='bbox 305 2529 418 2591; x_wconf 86' lang='lat' dir='ltr'><strong>eontra</strong></span> <span class='ocrx_word' id='word_1_167' title='bbox 452 2523 541 2610; x_wconf 91' lang='lat' dir='ltr'><strong>ipsos</strong></span> <span class='ocrx_word' id='word_1_168' title='bbox 576 2524 768 2610; x_wconf 81' lang='lat' dir='ltr'><strong>Magistrum</strong></span> <span class='ocrx_word' id='word_1_169' title='bbox 802 2523 931 2592; x_wconf 78' lang='lat' dir='ltr'><strong>(iudam</strong></span> <span class='ocrx_word' id='word_1_170' title='bbox 968 2530 999 2590; x_wconf 87' lang='lat' dir='ltr'><strong>et</strong></span> <span class='ocrx_word' id='word_1_171' title='bbox 1040 2524 1196 2593; x_wconf 77' lang='lat' dir='ltr'><strong>(inmitem</strong></span> <span class='ocrx_word' id='word_1_172' title='bbox 1227 2525 1361 2591; x_wconf 91' lang='lat' dir='ltr'><strong>Petrum</strong></span> <span class='ocrx_word' id='word_1_173' title='bbox 1379 2525 1433 2590; x_wconf 87' lang='lat' dir='ltr'><strong>ali·</strong></span> <span class='ocrx_word' id='word_1_174' title='bbox 1540 2537 1541 2554; x_wconf 65' lang='lat'>¹</span> 
     </span>
     <span class='ocr_line' id='line_1_22' title="bbox 305 2631 1541 2728; baseline 0.001 -30"><span class='ocrx_word' id='word_1_175' title='bbox 305 2633 383 2714; x_wconf 87' lang='lat' dir='ltr'><strong>qnid</strong></span> <span class='ocrx_word' id='word_1_176' title='bbox 408 2632 550 2700; x_wconf 79' lang='lat' dir='ltr'><strong>aetionis</strong></span> <span class='ocrx_word' id='word_1_177' title='bbox 582 2633 936 2717; x_wconf 65' lang='lat' dir='ltr'><strong>habuerint‚&#39;eosdem</strong></span> <span class='ocrx_word' id='word_1_178' title='bbox 969 2631 1009 2699; x_wconf 91' lang='lat' dir='ltr'><strong>de</strong></span> <span class='ocrx_word' id='word_1_179' title='bbox 1034 2633 1148 2701; x_wconf 88' lang='lat' dir='ltr'><strong>eadem</strong></span> <span class='ocrx_word' id='word_1_180' title='bbox 1165 2631 1375 2718; x_wconf 89' lang='lat' dir='ltr'><strong>possessione</strong></span> <span class='ocrx_word' id='word_1_181' title='bbox 1389 2631 1432 2699; x_wconf 90' lang='lat' dir='ltr'><strong>ad</strong></span> <span class='ocrx_word' id='word_1_182' title='bbox 1540 2699 1541 2728; x_wconf 21' lang='grc' dir='ltr'>ἶ</span> 
     </span>
    </p>
   </div>
   <div class='ocr_carea' id='block_1_6' title="bbox 303 2739 1429 2826">
    <p class='ocr_par' dir='ltr' id='par_1_6' title="bbox 303 2739 1429 2826">
     <span class='ocr_line' id='line_1_23' title="bbox 303 2739 1429 2826; baseline -0.002 -21"><span class='ocrx_word' id='word_1_183' title='bbox 303 2747 449 2808; x_wconf 84' lang='lat' dir='ltr'><strong>nostram</strong></span> <span class='ocrx_word' id='word_1_184' title='bbox 480 2740 620 2809; x_wconf 83' lang='lat' dir='ltr'><strong>debeant</strong></span> <span class='ocrx_word' id='word_1_185' title='bbox 651 2741 857 2810; x_wconf 86' lang='lat' dir='ltr'><strong>Preseuoiam</strong></span> <span class='ocrx_word' id='word_1_186' title='bbox 888 2759 1044 2826; x_wconf 85' lang='lat' dir='ltr'><strong>euocare;</strong></span> <span class='ocrx_word' id='word_1_187' title='bbox 1071 2741 1152 2825; x_wconf 90' lang='lat' dir='ltr'><strong>ipsis</strong></span> <span class='ocrx_word' id='word_1_188' title='bbox 1177 2739 1303 2806; x_wconf 79' lang='lat' dir='ltr'><strong>Comite</strong></span> <span class='ocrx_word' id='word_1_189' title='bbox 1334 2739 1429 2806; x_wconf 90' lang='lat' dir='ltr'><strong>Petro</strong></span> 
     </span>
    </p>
   </div>
   <div class='ocr_carea' id='block_1_7' title="bbox 304 2844 1432 2934">
    <p class='ocr_par' dir='ltr' id='par_1_7' title="bbox 304 2837 1541 2934">
     <span class='ocr_line' id='line_1_24' title="bbox 304 2844 1432 2934; baseline -0.002 -22"><span class='ocrx_word' id='word_1_190' title='bbox 304 2855 337 2913; x_wconf 89' lang='lat' dir='ltr'><strong>st</strong></span> <span class='ocrx_word' id='word_1_191' title='bbox 351 2849 508 2932; x_wconf 86' lang='lat' dir='ltr'><strong>Magistro</strong></span> <span class='ocrx_word' id='word_1_192' title='bbox 534 2847 627 2914; x_wconf 74' lang='lat' dir='ltr'><strong>(iude</strong></span> <span class='ocrx_word' id='word_1_193' title='bbox 659 2847 693 2914; x_wconf 92' lang='lat' dir='ltr'><strong>in</strong></span> <span class='ocrx_word' id='word_1_194' title='bbox 724 2850 799 2934; x_wconf 87' lang='lat' dir='ltr'><strong>ipsa</strong></span> <span class='ocrx_word' id='word_1_195' title='bbox 823 2849 1033 2933; x_wconf 87' lang='lat' dir='ltr'><strong>possessione</strong></span> <span class='ocrx_word' id='word_1_196' title='bbox 1059 2847 1171 2914; x_wconf 92' lang='lat' dir='ltr'><strong>Dubos</strong></span> <span class='ocrx_word' id='word_1_197' title='bbox 1196 2853 1228 2912; x_wconf 89' lang='lat' dir='ltr'><strong>et</strong></span> <span class='ocrx_word' id='word_1_198' title='bbox 1258 2844 1432 2932; x_wconf 79' lang='lat' dir='ltr'><strong>adipsum</strong></span> 
     </span>
    </p>
   </div>
   <div class='ocr_carea' id='block_1_8' title="bbox 303 2954 1431 3045">
    <p class='ocr_par' dir='ltr' id='par_1_8' title="bbox 303 2941 1541 3048">
     <span class='ocr_line' id='line_1_25' title="bbox 303 2954 1431 3045; baseline -0.002 -24"><span class='ocrx_word' id='word_1_199' title='bbox 303 2955 539 3042; x_wconf 86' lang='lat' dir='ltr'><strong>pertinentibus</strong></span> <span class='ocrx_word' id='word_1_200' title='bbox 571 2961 725 3040; x_wconf 86' lang='lat' dir='ltr'><strong>tunquam</strong></span> <span class='ocrx_word' id='word_1_201' title='bbox 757 2956 844 3045; x_wconf 83' lang='lat' dir='ltr'><strong>ueris</strong></span> <span class='ocrx_word' id='word_1_202' title='bbox 875 2954 1118 3040; x_wconf 80' lang='lat' dir='ltr'><strong>possessoribus</strong></span> <span class='ocrx_word' id='word_1_203' title='bbox 1143 2955 1431 3040; x_wconf 86' lang='lat' dir='ltr'><strong>permanentibus:</strong></span> 
     </span>
    </p>
   </div>
   <div class='ocr_carea' id='block_1_9' title="bbox 302 3059 1541 3471">
    <p class='ocr_par' dir='ltr' id='par_1_9' title="bbox 302 3059 1541 3471">
     <span class='ocr_line' id='line_1_26' title="bbox 303 3059 1541 3148; baseline -0.006 -17"><span class='ocrx_word' id='word_1_204' title='bbox 303 3065 397 3132; x_wconf 87' lang='lat' dir='ltr'><strong>etsie</strong></span> <span class='ocrx_word' id='word_1_205' title='bbox 422 3085 530 3132; x_wconf 85' lang='lat' dir='ltr'><strong>eoram</strong></span> <span class='ocrx_word' id='word_1_206' title='bbox 561 3063 654 3131; x_wconf 87' lang='lat' dir='ltr'><strong>uobis</strong></span> <span class='ocrx_word' id='word_1_207' title='bbox 686 3061 893 3148; x_wconf 90' lang='lat' dir='ltr'><strong>experiantur</strong></span> <span class='ocrx_word' id='word_1_208' title='bbox 924 3081 996 3127; x_wconf 88' lang='lat' dir='ltr'><strong>oum</strong></span> <span class='ocrx_word' id='word_1_209' title='bbox 1014 3061 1145 3145; x_wconf 84' lang='lat' dir='ltr'><strong>eisdem,</strong></span> <span class='ocrx_word' id='word_1_210' title='bbox 1163 3061 1216 3128; x_wconf 89' lang='lat' dir='ltr'><strong>uel</strong></span> <span class='ocrx_word' id='word_1_211' title='bbox 1233 3081 1311 3128; x_wconf 85' lang='lat' dir='ltr'><strong>suas</strong></span> <span class='ocrx_word' id='word_1_212' title='bbox 1330 3059 1430 3128; x_wconf 84' lang='lat' dir='ltr'><strong>aecio·</strong></span> <span class='ocrx_word' id='word_1_213' title='bbox 1540 3067 1541 3138; x_wconf 64' lang='lat' dir='ltr'><strong>l</strong></span> 
     </span>
     <span class='ocr_line' id='line_1_27' title="bbox 303 3167 1541 3260; baseline -0.005 -24"><span class='ocrx_word' id='word_1_214' title='bbox 303 3190 361 3238; x_wconf 82' lang='lat' dir='ltr'><strong>nus</strong></span> <span class='ocrx_word' id='word_1_215' title='bbox 385 3177 499 3238; x_wconf 87' lang='lat' dir='ltr'><strong>eontra</strong></span> <span class='ocrx_word' id='word_1_216' title='bbox 539 3169 669 3238; x_wconf 89' lang='lat' dir='ltr'><strong>eosdem</strong></span> <span class='ocrx_word' id='word_1_217' title='bbox 711 3169 824 3237; x_wconf 89' lang='lat' dir='ltr'><strong>ordine</strong></span> <span class='ocrx_word' id='word_1_218' title='bbox 866 3167 1036 3236; x_wconf 81' lang='lat' dir='ltr'><strong>iudiciario</strong></span> <span class='ocrx_word' id='word_1_219' title='bbox 1068 3175 1278 3253; x_wconf 89' lang='lat' dir='ltr'><strong>exequuntur.</strong></span> <span class='ocrx_word' id='word_1_220' title='bbox 1312 3171 1432 3234; x_wconf 87' lang='lat' dir='ltr'><strong>Datum</strong></span> <span class='ocrx_word' id='word_1_221' title='bbox 1540 3175 1541 3260; x_wconf 14' lang='grc' dir='ltr'>ᾖ</span> 
     </span>
     <span class='ocr_line' id='line_1_28' title="bbox 303 3275 1427 3364; baseline -0.006 -18"><span class='ocrx_word' id='word_1_222' title='bbox 303 3281 363 3346; x_wconf 92' lang='lat' dir='ltr'><strong>sub</strong></span> <span class='ocrx_word' id='word_1_223' title='bbox 380 3283 487 3347; x_wconf 86' lang='lat' dir='ltr'><strong>eastro</strong></span> <span class='ocrx_word' id='word_1_224' title='bbox 504 3277 638 3364; x_wconf 88' lang='lat' dir='ltr'><strong>Adryan</strong></span> <span class='ocrx_word' id='word_1_225' title='bbox 656 3277 738 3345; x_wconf 86' lang='lat' dir='ltr'><strong>foria</strong></span> <span class='ocrx_word' id='word_1_226' title='bbox 754 3277 899 3344; x_wconf 81' lang='lat' dir='ltr'><strong>secunda</strong></span> <span class='ocrx_word' id='word_1_227' title='bbox 915 3277 1065 3364; x_wconf 87' lang='lat' dir='ltr'><strong>proxima</strong></span> <span class='ocrx_word' id='word_1_228' title='bbox 1090 3282 1165 3342; x_wconf 89' lang='lat' dir='ltr'><strong>ante</strong></span> <span class='ocrx_word' id='word_1_229' title='bbox 1191 3275 1310 3343; x_wconf 85' lang='lat' dir='ltr'><strong>festum</strong></span> <span class='ocrx_word' id='word_1_230' title='bbox 1337 3275 1427 3341; x_wconf 86' lang='lat' dir='ltr'><strong>Nati·</strong></span> 
     </span>
     <span class='ocr_line' id='line_1_29' title="bbox 302 3373 1541 3471; baseline -0.007 -15"><span class='ocrx_word' id='word_1_231' title='bbox 302 3388 414 3456; x_wconf 86' lang='lat' dir='ltr'><strong>uitatis</strong></span> <span class='ocrx_word' id='word_1_232' title='bbox 430 3387 575 3471; x_wconf 86' lang='lat' dir='ltr'><strong>Virginis</strong></span> <span class='ocrx_word' id='word_1_233' title='bbox 591 3387 741 3454; x_wconf 85' lang='lat' dir='ltr'><strong>Glorioso</strong></span> <span class='ocrx_word' id='word_1_234' title='bbox 758 3405 843 3452; x_wconf 91' lang='lat' dir='ltr'><strong>anno</strong></span> <span class='ocrx_word' id='word_1_235' title='bbox 875 3383 1003 3452; x_wconf 92' lang='lat' dir='ltr'><strong>Domini</strong></span> <span class='ocrx_word' id='word_1_236' title='bbox 1030 3383 1222 3452; x_wconf 87' lang='lat' dir='ltr'><strong>millessimo</strong></span> <span class='ocrx_word' id='word_1_237' title='bbox 1250 3379 1432 3450; x_wconf 82' lang='lat' dir='ltr'><strong>dueentesi·</strong></span> <span class='ocrx_word' id='word_1_238' title='bbox 1540 3373 1541 3416; x_wconf 78' lang='lat'>3</span> 
     </span>
    </p>
   </div>
   <div class='ocr_carea' id='block_1_10' title="bbox 303 3495 733 3581">
    <p class='ocr_par' dir='ltr' id='par_1_10' title="bbox 303 3495 733 3581">
     <span class='ocr_line' id='line_1_30' title="bbox 303 3495 733 3581; baseline -0.002 -20"><span class='ocrx_word' id='word_1_239' title='bbox 303 3515 356 3563; x_wconf 93' lang='lat' dir='ltr'><strong>mo</strong></span> <span class='ocrx_word' id='word_1_240' title='bbox 374 3495 588 3581; x_wconf 84' lang='lat' dir='ltr'><strong>nonagesima</strong></span> <span class='ocrx_word' id='word_1_241' title='bbox 605 3501 733 3580; x_wconf 87' lang='lat' dir='ltr'><strong>quarto</strong></span> 
     </span>
    </p>
   </div>
   <div class='ocr_carea' id='block_1_11' title="bbox 306 3647 1433 3815">
    <p class='ocr_par' dir='ltr' id='par_1_11' title="bbox 306 3647 1433 3815">
     <span class='ocr_line' id='line_1_31' title="bbox 306 3647 1433 3728; baseline -0.006 -17"><span class='ocrx_word' id='word_1_242' title='bbox 306 3659 445 3728; x_wconf 79' lang='lat' dir='ltr'><strong>(Eraietis</strong></span> <span class='ocrx_word' id='word_1_243' title='bbox 458 3655 631 3725; x_wconf 75' lang='lat' dir='ltr'><strong>bdrhdrtydn,</strong></span> <span class='ocrx_word' id='word_1_244' title='bbox 645 3675 662 3712; x_wconf 88' lang='lat' dir='ltr'><strong>a</strong></span> <span class='ocrx_word' id='word_1_245' title='bbox 675 3653 751 3710; x_wconf 81' lang='lat' dir='ltr'><strong>hdtul</strong></span> <span class='ocrx_word' id='word_1_246' title='bbox 764 3658 814 3712; x_wconf 87' lang='lat' dir='ltr'><strong>oda</strong></span> <span class='ocrx_word' id='word_1_247' title='bbox 827 3660 953 3724; x_wconf 81' lang='lat' dir='ltr'><strong>nyomott</strong></span> <span class='ocrx_word' id='word_1_248' title='bbox 964 3651 1059 3723; x_wconf 79' lang='lat' dir='ltr'><strong>peosdt</strong></span> <span class='ocrx_word' id='word_1_249' title='bbox 1071 3647 1287 3721; x_wconf 74' lang='lat' dir='ltr'><strong>nsgyobbrddzdt</strong></span> <span class='ocrx_word' id='word_1_250' title='bbox 1301 3648 1355 3705; x_wconf 78' lang='lat' dir='ltr'><strong>mir</strong></span> <span class='ocrx_word' id='word_1_251' title='bbox 1369 3649 1433 3704; x_wconf 76' lang='lat' dir='ltr'><strong>sadi</strong></span> 
     </span>
     <span class='ocr_line' id='line_1_32' title="bbox 536 3742 1193 3815; baseline -0.009 -11"><span class='ocrx_word' id='word_1_252' title='bbox 536 3746 661 3815; x_wconf 73' lang='lat' dir='ltr'><strong>mdllott3</strong></span> <span class='ocrx_word' id='word_1_253' title='bbox 673 3763 689 3801; x_wconf 79' lang='lat' dir='ltr'><strong>a</strong></span> <span class='ocrx_word' id='word_1_254' title='bbox 702 3749 784 3802; x_wconf 86' lang='lat' dir='ltr'><strong>budsi</strong></span> <span class='ocrx_word' id='word_1_255' title='bbox 793 3749 844 3801; x_wconf 89' lang='lat' dir='ltr'><strong>kir.</strong></span> <span class='ocrx_word' id='word_1_256' title='bbox 859 3747 981 3800; x_wconf 85' lang='lat' dir='ltr'><strong>kemurai</strong></span> <span class='ocrx_word' id='word_1_257' title='bbox 1004 3742 1193 3812; x_wconf 77' lang='lat' dir='ltr'><strong>levdltdrbuu.)</strong></span> 
     </span>
    </p>
   </div>
   <div class='ocr_carea' id='block_1_12' title="bbox 0 0 1560 5158">
    <p class='ocr_par' dir='ltr' id='par_1_12' title="bbox 0 0 1560 5158">
     <span class='ocr_line' id='line_1_33' title="bbox 0 0 1560 5158; baseline 0 0"><span class='ocrx_word' id='word_1_258' title='bbox 0 0 1560 5158; x_wconf 95' lang='lat' dir='ltr'><strong> </strong></span> 
     </span>
    </p>
   </div>
  </div>
 </body>
</html>
