3112 5158
330 489 397 558 tilio
408 491 539 579 Thone,
550 499 582 562 et
593 495 659 563 suis
675 493 849 567 heredibus
866 521 905 566 ao
921 499 1167 568 suceessoribus
1177 497 1333 582 dedisset,
1349 493 1462 564 donas·

327 607 378 667 set
403 605 436 666 et
461 603 659 689 demolisset,
686 610 718 670 et
742 625 851 673 coram
876 607 970 674 nobis
995 606 1095 691 dedit,
1112 603 1245 672 donauit
1261 611 1295 671 et
1321 607 1464 672 eontulit

328 707 400 774 iure
416 715 577 794 perpetuo
593 717 625 776 et
641 711 900 780 inenodabiliter
915 714 1085 799 tenendas,
1102 711 1319 799 possidendas
1346 719 1380 778 et
1408 713 1461 778 ba-

333 813 476 900 bendas3
493 817 677 903 nullumjus
687 839 745 885 seu
756 821 933 888 dominium
944 843 965 887 a
975 819 1071 888 modo
1081 827 1114 888 et
1123 817 1324 906 deinoeps[in
1335 817 1464 886 eisdem

326 941 387 1007 pro
401 943 436 990 se
452 926 656 1011 reseruando,
674 927 735 994 sed
752 930 882 996 omnino
898 929 942 995 ad
952 949 1069 996 manus
1079 928 1255 997 eorundem
1266 927 1455 994 oollooando

330 1048 438 1097 eoram
453 1031 557 1099 nobis.
572 1033 692 1100 Datum
709 1034 741 1100 in
758 1036 884 1104 oetaeis
900 1037 975 1106 festi
992 1037 1087 1105 Beati
1110 1035 1239 1102 Martini
1266 1035 1460 1105 confessoris

331 1157 418 1203 anno
435 1137 565 1206 Domini
581 1139 615 1206 M
621 1153 632 1186 ⁰
645 1141 866 1211 ducentesimo
882 1145 1095 1231 nonagesimo
1110 1143 1217 1211 toreio.

330 1334 380 1401 (Aa
394 1339 451 1402 egri
465 1333 654 1405 kdptalannak
669 1343 805 1393 met-ken
823 1346 866 1406 ,in
879 1343 923 1394 die
936 1345 998 1396 sesti
1010 1345 1091 1396 Beati
1116 1342 1257 1396 Francisei
1280 1341 1455 1396 contessoris

331 1426 470 1493 „Andreas
484 1425 557 1480 lilius
571 1427 682 1496 Georgij
698 1431 751 1496 lilij
764 1433 871 1484 Andree
896 1433 929 1486 de
942 1434 1023 1486 Beel“
1039 1429 1459 1494 kdrdsdrolriadottltiratlb613

633 1521 743 1572 abudai
757 1524 808 1580 kir.
822 1523 947 1576 kamarai
959 1523 1150 1592 lesdltairbau.)

871 2251 925 2320 89.

333 2468 364 2533 Α
390 2468 577 2534 bereszteoak
607 2471 795 2554 aaztorqoooi
819 2470 1048 2556 konoeotjdnelo
1072 2471 1350 2557 biaooyoo'pleoelo,
1377 2471 1454 2554 kopp
1546 2547 1547 2573 1

335 2577 472 2660 Reponi
492 2577 584 2641 Peter
600 2576 743 2641 Boztobo‘
758 2576 867 2642 Foodro
884 2588 995 2642 comest
1012 2579 1136 2663 Boyna
1151 2589 1232 2642 neoti
1239 2577 1321 2664 fdld
1331 2577 1452 2662 elidepe
1545 2641 1546 2645 ,

676 2685 819 2750 attostobl
837 2686 995 2751 etoittoota.
1014 2683 1113 2748 1293.
1544 2707 1545 2710 ’

440 2880 508 2946 Nos
533 2880 719 2948 Consentes
736 2859 970 2948 Grnoilerornm
995 2883 1117 2948 Domus
1143 2881 1323 2967 Hospitalis
1347 2879 1452 2946 Sancti

331 2987 430 3070 Regis
446 2985 603 3072 Stephani
618 2987 660 3053 de
677 2987 842 3070 Strigonio
858 2987 973 3054 damus
985 3008 1042 3072 pro
1052 2987 1227 3072 memoria,
1244 2988 1330 3072 qnod
1342 2988 1453 3054 Petrus
1539 3071 1540 3077 ἵ

330 3095 414 3163 filius
431 3092 563 3161 Andree
578 3093 634 3179 filij
653 3095 744 3161 Yexe
760 3094 801 3160 de
817 3095 934 3179 Bayna
950 3095 1163 3180 personaliter
1179 3094 1221 3161 ad
1237 3100 1382 3162 nostram
1406 3113 1452 3158 oo-

330 3202 449 3269 eedens
466 3201 667 3286 presenciam
684 3201 768 3268 dixit
784 3201 1014 3286 protestando:
1031 3203 1117 3286 quod
1133 3201 1281 3286 prefatus
1307 3201 1453 3268 Andreas
1536 3211 1538 3291 j

329 3318 422 3398 pater
436 3331 523 3396 sous,
540 3316 573 3376 et
587 3309 672 3374 idem
688 3311 803 3376 Petrus
812 3317 912 3376 antea
921 3310 987 3377 iam
996 3309 1114 3376 dudum
1127 3309 1284 3376 Comitem
1294 3310 1452 3376 Andrean
1535 3335 1536 3363 o

327 3419 427 3484 filium
435 3416 630 3504 Renoldy,et
640 3415 841 3484 Bekefiliom
851 3419 994 3485 eiusdem
1005 3415 1045 3485 de
1056 3418 1233 3496 Boztub,ab
1245 3417 1410 3503 empcione
1424 3423 1453 3480 et

328 3526 544 3611 oooupaoione
563 3529 648 3591 terre
665 3527 783 3612 Bayna
801 3532 925 3611 uooate,
942 3546 1005 3610 qne
1020 3532 1108 3593 terra
1122 3525 1182 3592 fnit
1205 3523 1327 3590 domini
1346 3523 1450 3608 Regis,
1532 3531 1533 3534 ’

328 3639 361 3700 et
376 3634 560 3720 Nyoolaom
590 3633 690 3698 filium
722 3633 892 3720 Phylypos
924 3655 946 3699 a
976 3633 1168 3702 uendioione
1193 3639 1225 3699 et
1250 3631 1451 3698 alienaoione
1530 3655 1531 3658 ¹

326 3742 456 3826 poblioe
471 3739 698 3827 prohibuisset.
717 3741 760 3806 nt
774 3761 847 3807 oum
864 3763 963 3826 super
977 3745 1050 3828 ipsa
1076 3740 1299 3826 probibioione
1325 3745 1451 3806 nostras

326 3850 450 3916 litteras
466 3867 504 3914 eo
520 3853 665 3932 tempore
682 3849 834 3915 fecissent
866 3850 1029 3934 emanari,
1055 3847 1259 3934 postmodum
1285 3847 1447 3932 predictus

325 3955 443 4024 Comes
460 3955 621 4042 Andreas,
639 3961 672 4022 et
696 3956 786 4021 Beke
802 3957 886 4024 filius
904 3957 1048 4024 eiusdem
1060 3957 1100 4024 de
1125 3956 1260 4036 Boztub,
1295 3955 1386 4039 ipsas
1404 3953 1448 4018 lit·

324 4072 414 4132 teras
430 4071 561 4130 nostras
587 4063 835 4149 protestatorias
868 4065 901 4130 in
935 4065 1155 4132 destruocione
1187 4069 1219 4128 et
1251 4063 1461 4150 spoliaeione¹

322 4171 500 4241 eorundem
526 4171 656 4238 Andree
682 4179 713 4237 et
738 4171 826 4238 Petri
852 4172 909 4258 filij
937 4175 987 4241 sni
1012 4175 1097 4240 inter
1125 4173 1209 4238 alias
1234 4189 1286 4238 res
1314 4171 1449 4236 mobiles

321 4287 352 4347 et
384 4279 553 4346 inmobiles
571 4279 713 4364 ipsorum
731 4279 922 4345 constitutas
938 4279 1155 4364 recepissent3
1174 4287 1207 4344 et
1222 4297 1310 4344 nuno
1326 4276 1450 4362 predio·

322 4397 372 4454 tus
385 4390 498 4455 Petrus
508 4405 565 4474 pro
576 4407 610 4454 se
632 4394 665 4452 et
675 4406 733 4472 pro
748 4387 982 4472 Andreapntre
999 4408 1056 4454 suo
1066 4385 1254 4453 renouando
1266 4385 1373 4471 ipram
1384 4405 1451 4470 pro·

319 4495 531 4565 testaoionem
548 4495 654 4562 denuo
670 4495 794 4561 exstitit
809 4502 1006 4582 protestatus
1016 4493 1267 4562 eontradioendo
1299 4491 1453 4578 predictis

317 4602 469 4672 videlieet
485 4602 603 4669 Comiti
618 4598 758 4688 Andree,
774 4607 806 4667 et
820 4600 910 4668 Beke
935 4601 1002 4670 filio
1028 4622 1096 4688 suo,
1116 4619 1153 4666 ao
1180 4597 1254 4682 alijs
1278 4597 1354 4676 filiis
1386 4596 1450 4664 sois
