3112 5158
306 1189 375 1250 ΙΙΙ.
402 1189 512 1253 End-re
541 1187 713 1274 kirdlyuuk
745 1189 850 1254 Bozeu
882 1187 1037 1274 belysdpet
1068 1189 1225 1273 tdrpyczo
1252 1185 1430 1270 adootdnyo

564 1297 671 1361 Poulei
686 1295 794 1361 Jatao
810 1319 909 1361 coccea
925 1301 1081 1362 womaro.
1100 1293 1198 1357 1292.

421 1526 570 1596 Andreas
594 1527 655 1593 Dei
672 1527 783 1610 gracia
798 1527 965 1610 Hungarie
975 1575 984 1610 ‚
1010 1525 1198 1607 Dalmacie,
1216 1523 1359 1610 Oroaoie,
1376 1529 1433 1593 Ra-

309 1655 378 1718 mo,
396 1634 527 1719 Seruio,
544 1631 685 1701 Gallloie
695 1684 703 1716 ,
718 1633 919 1720 Lodomeric,
937 1629 1093 1700 Cumania
1120 1631 1341 1715 Bulgarieque
1366 1637 1432 1700 Rex

309 1743 456 1808 omnibus
474 1740 594 1808 Christi
610 1741 761 1807 fidelibus
787 1747 853 1806 tam
879 1739 1084 1824 presentibus
1115 1759 1212 1822 quam
1230 1738 1348 1806 tuturis
1364 1760 1433 1824 pre·

308 1868 384 1915 aens
400 1850 556 1935 scriptum
576 1848 770 1934 inspecturis
788 1849 926 1915 salutem
944 1847 977 1912 in
994 1847 1137 1914 omniurn
1153 1846 1329 1914 saluatore.
1348 1847 1436 1913 Licet

308 1957 411 2040 Regia
428 1957 609 2024 liberalitas
634 1957 835 2040 singulorum
861 1956 922 2024 sibi
947 1955 1085 2024 fideliter
1107 1958 1357 2038 obsequenoium
1374 1977 1434 2022 mo·

307 2066 370 2132 rita
383 2066 529 2149 graciose
545 2065 664 2133 debeat
673 2065 790 2130 intueri
802 2091 810 2148 ς
820 2065 894 2130 illos
919 2071 1037 2147 tamen,
1062 2084 1196 2148 quorum
1213 2073 1350 2148 experta
1365 2085 1434 2150 pro·

310 2171 395 2238 bitae
419 2180 452 2236 et
466 2173 602 2239 laudata
626 2178 677 2238 est
701 2174 735 2238 in
752 2173 917 2257 prosperis
949 2179 982 2239 et
997 2173 1156 2258 aduersis,
1174 2171 1270 2238 debet
1285 2171 1433 2256 prosequi

312 2277 536 2345 munificencia
552 2277 698 2362 largiori.
715 2280 896 2364 Eapropter
921 2279 963 2343 ad
981 2277 1204 2344 uniuersorum
1221 2285 1287 2343 tam
1304 2297 1432 2360 presen-

313 2385 394 2451 cium
407 2405 502 2468 quam
514 2385 690 2452 futurorum
701 2385 851 2452 noticiam
863 2387 977 2452 barum
989 2388 1072 2452 serie
1084 2387 1232 2454 volumus
1248 2386 1429 2470 pervenire,

316 2493 530 2576 quodnobilis
552 2494 602 2560 vir
613 2493 728 2561 Comes
748 2493 892 2561 Jacobua
910 2494 996 2560 filius
1023 2493 1161 2577 Grogori
1183 2493 1224 2560 de
1244 2493 1339 2559 Panlr
1357 2493 1435 2559 dile·

309 2607 379 2666 ctus
396 2606 427 2666 et
444 2601 548 2668 fidelis
560 2609 669 2668 noster
680 2601 721 2665 nd
733 2602 913 2667 Maiestatis
925 2607 1034 2668 nostre
1050 2602 1210 2667 accedens
1221 2601 1432 2685 presenciam,

306 2714 338 2773 ot
354 2727 411 2774 sue
426 2709 592 2775 fidelitatis
609 2710 747 2775 seruicia
762 2711 855 2778 nobis
872 2729 1054 2796 proponens
1072 2715 1104 2774 et
1121 2707 1304 2790 declarans,
1333 2728 1433 2791 quan-

307 2814 380 2881 dam
397 2821 516 2882 terram
533 2838 589 2883 seu
608 2817 846 2901 possessionem
872 2817 978 2882 Bezeu
1005 2823 1132 2882 voctam
1161 2815 1203 2880 ad
1228 2822 1434 2881 castrumno-

308 2927 408 2987 atrum
425 2922 591 3006 Hungwar
602 2931 823 3007 nuncupatum
833 2923 1060 3008 pertinentem,
1073 2929 1104 2989 et
1120 2943 1159 2988 ex
1175 2941 1213 2988 eo
1238 2929 1351 2989 nostre
1376 2924 1435 2988 col·

306 3028 424 3096 lacioni
441 3031 481 3095 de
501 3031 570 3097 iure
588 3033 723 3098 attinere
738 3051 899 3117 asserens,
928 3052 986 3115 pro
1012 3030 1165 3096 fidelibus
1191 3030 1341 3114 seruicijs
1369 3031 1435 3096 suis

309 3137 481 3222 meritorijs
513 3141 642 3206 anobis
666 3140 728 3206 sibi
747 3139 817 3204 dari
836 3135 877 3222 {et
903 3138 1040 3228 conferri
1067 3145 1221 3222 perpetuo
1247 3139 1435 3222 postulauit.

307 3245 425 3311 Verum
443 3245 520 3328 quia
537 3245 577 3312 de
593 3246 753 3328 qualitate
770 3253 801 3312 et
811 3247 993 3328 quantitate
1004 3246 1105 3329 ipsius
1117 3252 1211 3331 terre,
1229 3251 1261 3309 et
1275 3252 1381 3311 utrum
1393 3248 1434 3312 sit

306 3357 392 3419 terra
401 3372 457 3419 seu
474 3357 638 3437 possessio
652 3353 758 3421 Castri
768 3355 867 3421 nostri
884 3353 1032 3439 predicti,
1045 3361 1078 3419 et
1088 3352 1251 3437 pertineat
1262 3351 1303 3420 de
1313 3353 1434 3420 iuread

305 3465 448 3526 nostram
464 3461 677 3527 oollaoionem
703 3483 762 3528 neo
777 3482 839 3548 ne,
859 3461 950 3528 nobis
966 3463 1089 3528 veritas
1104 3481 1168 3527 non
1194 3464 1386 3528 constabat:
1404 3462 1436 3526 fi·

306 3565 433 3634 delibus
448 3569 568 3634 nostris
585 3566 737 3653 capituto
755 3567 901 3636 Ecclesia
916 3568 1087 3652 Agriensis
1104 3589 1162 3654 por
1172 3570 1435 3636 nostraslitteras

309 3672 457 3742 dedimus
473 3675 506 3740 in
524 3674 696 3761 mandatis,
712 3683 747 3742 vt
763 3698 860 3743 vnum
891 3695 932 3743 ex
948 3677 1032 3762 ipsis
1047 3675 1211 3743 mitterent
1235 3674 1436 3760 fidedignum

306 3801 364 3867 pro
373 3781 563 3850 testimonio
580 3803 689 3850 coram
707 3803 769 3867 quo
785 3783 971 3852 Felicianus
989 3782 1030 3851 de
1041 3782 1209 3849 Matbeuth
1226 3783 1356 3866 icbagio
1372 3782 1433 3849 (la-

307 3889 365 3956 stri
392 3889 493 3957 nostri
510 3889 552 3958 de
567 3891 665 3975 Hung
681 3889 776 3957 bomo
791 3897 901 3958 noster
927 3890 1062 3958 eandem
1088 3897 1207 3957 terram
1233 3909 1291 3956 seu
1307 3909 1435 3974 possea-

304 3997 428 4064 siouem
444 3998 549 4066 Bozeu
575 4001 608 4064 in
635 3999 797 4066 Comitatu
823 3995 864 4066 de
889 3999 986 4082 Hnng
1011 3999 1203 4064 existentem
1228 3996 1435 4081 presentibus

305 4107 535 4172 commetanois
549 4112 582 4172 et
598 4105 712 4173 vicinis
728 4107 889 4173 uniuersis
907 4105 1137 4190 reambularet,
1149 4111 1182 4170 et
1206 4103 1351 4189 predicto
1376 4105 1436 4170 Co·

303 4211 373 4277 miti
383 4211 504 4279 Jacobo
515 4217 681 4299 statueret,
699 4215 726 4278 si
744 4234 808 4279 non
825 4213 914 4280 fieret
933 4211 1171 4280 contradictum
1181 4211 1438 4300 ,contradictori-

302 4321 362 4386 bus
378 4319 421 4388 ad
438 4326 580 4387 nostram
597 4319 798 4405 presenciam
828 4320 980 4388 euocatis.
997 4319 1153 4398 Quinobis
1170 4317 1374 4405 postmodum
1387 4339 1440 4383 re-

302 4427 499 4513 scripserunt
513 4427 547 4493 in
563 4427 622 4494 bec
639 4430 760 4494 verba:

410 4533 692 4604 Excellentissimo
708 4535 837 4603 domino
852 4557 912 4604 auo
930 4537 1061 4604 domino
1078 4535 1208 4604 Andree
1226 4537 1289 4604 stb.
1308 4532 1441 4620 (korst-
