3112 5158
101 1151 125 1218 A
141 1155 302 1237 poraorryi
318 1115 836 1243 ledptalannele'bizonysdplecele‚
854 1155 938 1237 bopy
953 1155 1075 1219 Bezini
1090 1154 1153 1217 Pet
1177 1175 1224 1219 ec·

100 1283 159 1326 mea
174 1262 330 1326 Fariatcr·
345 1267 427 1326 accit
444 1261 557 1346 felde
573 1264 699 1348 Ldezlc,
731 1265 841 1329 Istocine
855 1262 971 1346 fiducie
982 1261 1226 1346 adorncinpozte.

614 1370 709 1435 1292.

205 1561 364 1629 Omnibus
381 1561 500 1631 Christi
516 1562 667 1633 fidelibus
684 1571 854 1651 presentes
880 1564 1005 1630 litteras
1032 1561 1224 1646 inspecturis

99 1671 282 1758 Capitulum
297 1673 444 1739 Ecclesie
460 1672 666 1742 Posoniensis
683 1675 823 1741 salntem
850 1672 883 1738 in
909 1670 1055 1737 Domino.
1079 1667 1131 1734 Ad
1156 1667 1223 1733 nni-

97 1797 262 1846 ucrsorum
302 1779 454 1848 noticiam
487 1787 598 1847 tenore
630 1781 834 1866 presencium
865 1779 1015 1845 uolumus
1047 1773 1226 1858 pernenire,

99 1885 183 1968 quod
194 1884 319 1952 Comite
334 1887 439 1953 Paulo
456 1885 524 1954 lilio
536 1886 671 1954 Comitis
682 1885 799 1956 Cosme
815 1887 856 1953 de
866 1884 968 1953 Bouin
984 1885 1026 1948 ab
1045 1902 1109 1948 una
1121 1887 1221 1966 parte,

98 1993 256 2061 Ladizlao
272 1993 338 2059 filio
355 1995 511 2079 Stephani
528 1997 623 2079 parui
641 1995 682 2062 de
706 1993 885 2062 Chellekuz
902 1993 945 2058 ab
970 1991 1074 2058 altera
1099 1987 1220 2055 cousti-

99 2101 175 2168 tntis
187 2101 405 2187 personaliter
421 2121 528 2168 eorem
545 2103 656 2188 nebis;
673 2103 759 2170 idem
785 2100 900 2167 Comes
926 2099 1048 2165 Paulus
1073 2103 1124 2164 est
1150 2116 1222 2162 eon·

97 2207 213 2290 lessus,
229 2209 316 2292 quod
333 2209 410 2290 quia
425 2207 570 2292 prelatus
586 2210 761 2278 Ladinlans
778 2207 924 2276 seruiens
942 2205 1077 2273 Comitis
1103 2201 1219 2271 (losum

95 2315 205 2382 fratris
222 2315 271 2381 sui
287 2314 394 2384 eidem
410 2316 524 2384 Cosme
541 2338 561 2382 a
577 2317 687 2383 multis
704 2316 904 2403 temporibus
921 2314 1087 2380 retroactis
1112 2309 1222 2378 tidelia

98 2432 130 2490 et
146 2422 313 2490 meritoria
339 2423 478 2491 seruicia
496 2423 638 2492 diuersis
664 2425 793 2492 casibus
819 2423 947 2490 fortune
971 2440 1009 2492 se.
1033 2420 1224 2506 exponendo

96 2531 294 2616 temporibus
309 2536 342 2598 et
358 2531 439 2598 locis
456 2533 624 2618 oportunis
639 2531 803 2600 indefesse
819 2530 967 2598 exhibuit
984 2539 1016 2596 et
1042 2527 1201 2613 impendit
1215 2549 1223 2610 ;

96 2649 128 2704 et
144 2640 288 2706 maxime
304 2640 382 2724 qnia
397 2643 504 2725 ipsum
520 2642 677 2709 Comitem
702 2641 854 2710 Cosmanr
880 2641 923 2707 ab
948 2637 1085 2706 articulo
1113 2635 1224 2702 mortis

95 2753 245 2831 prompto
262 2753 295 2813 et
310 2738 459 2814 ordinato
476 2767 534 2832 per
550 2746 774 2842 libertandum
791 2754 867 2812 tune
884 2746 1040 2814 Comitem
1051 2743 1223 2810 Posonieu-

94 2873 174 2940 sem,
190 2853 315 2921 anxilio
332 2863 364 2920 et
379 2855 466 2922 fideli
477 2855 796 2940 seruicioliberauit3
826 2876 882 2940 pru
907 2856 999 2922 cuins
1023 2852 1223 2920 liberatione

93 2961 181 3029 idem
197 2960 374 3029 Ladizlaus
391 2963 512 3029 ablatis
528 2965 677 3031 omnibns
694 2963 789 3030 bouis
807 2962 877 3029 suis
893 2961 1036 3047 proprijs
1063 2967 1095 3025 et
1120 2977 1218 3044 popu·

94 3069 202 3134 lorum
227 3089 357 3136 snorum
391 3071 424 3136 iu
440 3070 523 3138 villa
539 3090 600 3136 sna
624 3071 717 3138 iuxta
742 3071 884 3137 Humcro
910 3069 1093 3152 existente,
1120 3064 1222 3132 maxi·

91 3197 182 3243 mum
200 3178 385 3264 dampnum,
401 3185 434 3245 et
451 3180 733 3265 proscriptionem,
749 3200 788 3247 ae
803 3199 922 3264 graues
938 3177 1074 3244 iniurias
1086 3175 1219 3258 subpor·

94 3285 192 3353 lauit.
211 3285 333 3353 Volens
356 3287 440 3352 idem
458 3287 573 3357 Comes
589 3288 709 3356 Paulus
720 3307 779 3374 pro
796 3285 860 3370 hijs
877 3287 1027 3352 omnibus
1043 3289 1090 3349 tot
1107 3289 1138 3348 et
1154 3289 1221 3348 ten-

90 3391 136 3458 tis
153 3393 304 3479 seruicijs
319 3393 473 3462 fidelibus
489 3402 520 3461 et
537 3395 712 3463 admodum
730 3394 907 3482 oportunis,
933 3391 1053 3480 partim
1078 3411 1136 3476 pre
1163 3410 1224 3456 sua

91 3501 229 3586 propria
245 3499 394 3587 pecunia,
422 3503 541 3586 partim
558 3523 634 3569 uero
652 3523 710 3588 pro
736 3500 903 3584 obseqnijs
930 3497 1076 3585 predicto
1104 3494 1220 3563 Comiti

90 3609 214 3674 Cosme
229 3607 325 3675 tratri
338 3629 398 3675 suo
415 3629 474 3693 per
489 3609 597 3695 ipsum
621 3609 813 3677 Ladizlaum
829 3607 985 3676 exhibitis
1001 3613 1033 3673 et
1058 3603 1223 3690 impensis,

87 3717 436 3804 recompensacionem
451 3716 560 3787 faeere
577 3718 773 3786 meritoriam
790 3725 823 3785 et
839 3717 1044 3799 cendignam,
1059 3711 1222 3796 quandam

87 3824 337 3906 possessiouem
354 3845 444 3892 snam
461 3825 692 3895 hereditariam
709 3826 817 3912 ipsum
833 3824 1011 3892 inmediate
1037 3820 1222 3903 contingen·

86 3939 170 4016 tem,
190 3931 342 4000 videlicet
358 3931 593 4001 dimidietatem
620 3917 837 4019 possessionis
863 3933 1033 4000 Pharistar
1063 3925 1222 3996 remrein

87 4037 276 4106 Chollokuz
292 4040 482 4127 existentis,
500 4061 572 4109 eum
592 4041 741 4108 omnibus
757 4035 951 4107 utilitatibus
982 4038 1068 4121 suis,
1100 4033 1224 4103 scilicet

86 4147 188 4214 terris
205 4147 385 4214 arabilibus
421 4154 452 4213 et
467 4169 531 4216 non
547 4148 733 4234 arabilibus,
749 4147 863 4232 pratis,
880 4144 1007 4231 tenetis,
1024 4143 1153 4229 pascuis
1168 4161 1222 4226 pe·

85 4274 216 4340 eornm,
233 4255 327 4322 siluis
337 4305 346 4340 ,
365 4257 459 4338 aquis
476 4262 508 4321 et
531 4243 667 4340 piscinis
685 4277 724 4322 ac
738 4257 806 4322 suis
823 4251 1034 4340 pertiueneijs
1050 4249 1224 4330 uniuersis,

82 4363 256 4452 recipiens
278 4365 382 4431 eciam
391 4366 434 4432 ab
450 4365 563 4431 ecdem
574 4383 683 4432 eoram
694 4363 786 4431 nobis
797 4383 894 4431 unum
905 4363 1022 4428 bonnm
1033 4379 1149 4446 equum
1164 4377 1222 4445 pre

80 4473 212 4559 viginti
227 4473 345 4541 marcis
363 4474 547 4540 estimatum
581 4481 613 4540 et
628 4473 761 4558 insuper
772 4473 914 4558 quinque
931 4488 1059 4537 mareas
1070 4469 1102 4533 in
1122 4467 1221 4533 deun·

85 4583 151 4668 rije
170 4577 219 4646 ad
235 4599 367 4648 manum
378 4580 572 4668 persolutae,
587 4579 774 4668 sepedictus
784 4581 906 4650 Paulus
916 4576 1028 4666 dedit,
1046 4573 1182 4645 donauit
1192 4578 1225 4640 et
