3098 5172
602 317 752 420 cnr..

107 533 167 594 ne;
185 510 338 581 fidelibus
354 511 473 579 nostris
494 513 652 597 Magistro
681 512 916 580 cruciferorum
943 520 974 579 et
993 512 1165 582 cruciferis
1198 514 1239 581 de

107 621 205 685 Noua
219 619 318 686 Curia
341 618 489 686 dedimus
506 621 541 687 iu
557 619 732 705 mandatis,
749 626 784 687 ut
800 641 873 687 cum
889 621 980 687 Luca
991 623 1114 706 juvene
1131 628 1240 690 nostro

105 747 207 792 vnum
225 745 267 791 ex
281 726 362 812 ipsis
381 725 542 793 mitterent
558 749 616 813 pro
632 728 828 815 testimonio,
845 747 955 796 coram
973 749 1035 812 quo
1047 729 1133 796 idem
1144 730 1239 798 homo

104 839 218 899 noster
234 833 409 919 predictam
425 839 544 902 terram
562 834 616 901 uel
633 835 884 920 possessionem,
903 835 1090 903 conuocatis
1107 856 1241 904 comme·

106 942 214 1008 taneis
231 947 262 1007 et
278 939 393 1008 vicinis
408 941 500 1007 iuxta
515 941 621 1025 Regni
637 941 903 1008 consuetudinem
919 940 1147 1028 reambnlaret,
1165 948 1196 1008 et
1212 943 1242 1010 si

105 1048 149 1116 ad
167 1055 315 1116 nostram
334 1048 542 1114 collacionem
556 1047 770 1131 pertinentem
781 1068 853 1115 esse
863 1047 1034 1133 inueniret,
1044 1055 1162 1115 extunc
1172 1050 1239 1116 Ma-

105 1155 381 1240 gistroStephano
392 1155 529 1220 eandem
541 1155 736 1239 assignaret,
744 1154 1037 1222 contradictoribus
1046 1155 1089 1222 ad
1096 1163 1238 1224 nostram

104 1263 311 1349 presenciam
322 1262 475 1329 euocatis,
486 1260 548 1339 Qui
559 1261 690 1345 quidem
700 1263 857 1347 Magister
868 1263 1103 1329 Cruciferorum
1116 1270 1148 1330 et
1159 1265 1238 1332 Grn-

105 1370 200 1437 alferi
217 1371 312 1438 nobis
329 1371 564 1456 rescripserunt
581 1369 710 1436 inhunc
726 1369 874 1436 modum:
891 1371 980 1452 quod
1006 1372 1168 1457 predictus
1185 1373 1239 1442 hu-

105 1497 157 1545 mo
167 1485 279 1546 noster
296 1499 405 1544 coram
418 1478 561 1564 ipsorum
571 1478 757 1546 testimonio
770 1481 1025 1562 prenominatam
1038 1487 1157 1547 terram
1183 1499 1239 1548 seu

103 1588 348 1673 possessiouem
366 1587 519 1654 Belmnra
535 1593 756 1673 nuncupatam
774 1605 882 1652 eoram
895 1587 1125 1655 commetaneis
1141 1595 1173 1654 et
1189 1587 1235 1654 ui-

104 1695 186 1762 cinis
202 1693 440 1761 rcambulasset
463 1714 523 1780 per
548 1700 674 1761 ueteres
701 1699 805 1760 metas
831 1702 863 1758 et
888 1695 1049 1780 antiquas,
1081 1699 1113 1760 et
1142 1695 1232 1762 nullo

104 1801 348 1871 contradictore
364 1802 533 1888 existente,
551 1800 685 1868 sciendo
701 1803 744 1869 ab
761 1801 921 1886 omuibus,
939 1807 1093 1886 tanquam
1110 1802 1160 1870 ius
1186 1804 1235 1889 ip-

104 1914 172 1981 sius
188 1930 263 1978 esse
287 1909 531 1994 hereditarium,
556 1909 621 1996 ipsi
645 1909 804 1994 Magistro
831 1909 999 1995 Stephano
1024 1911 1239 1994 assignasset.

104 2021 226 2088 Uerum
242 2039 314 2084 eum
330 2015 416 2084 idem
432 2017 590 2101 Magister
605 2017 792 2102 Stephanus
808 2017 988 2084 illustribus
998 2017 1155 2105 Regibus,
1165 2039 1236 2103 pre-

104 2127 333 2195 decessoribus
350 2127 470 2194 nostris
486 2127 627 2193 fideliter
643 2126 826 2214 seruiuerit,
844 2126 928 2196 siout
943 2127 1038 2194 nobis
1054 2146 1113 2213 per
1137 2129 1233 2196 Baro·

103 2259 160 2304 nes
177 2239 311 2303 nostros
326 2234 498 2300 recitatum
516 2235 635 2320 extitit,
653 2255 691 2301 ac
708 2236 809 2302 eciam
829 2256 849 2302 a
865 2242 1009 2322 tempore
1019 2237 1239 2304 coronacionis

103 2351 215 2412 nostre
232 2361 364 2428 semper
380 2347 412 2409 et
428 2339 547 2424 ubique
573 2342 715 2410 locorum
741 2343 774 2408 iu
802 2344 942 2410 diuersis
968 2343 1237 2428 expedicionibus

105 2451 214 2537 Regni
230 2451 345 2530 nostri,
363 2456 396 2516 et
410 2450 598 2536 specialiter
614 2458 727 2518 eontra
743 2451 892 2518 infideles
909 2458 1048 2538 nostros,
1075 2472 1139 2518 non
1165 2472 1237 2537 par-

102 2560 209 2628 cendo
222 2561 322 2625 rebus
339 2559 414 2637 suis,
432 2565 464 2624 et
480 2558 703 2642 possessiones
721 2579 800 2626 suas
817 2559 962 2644 spoliari,
979 2580 1050 2626 cum
1078 2561 1236 2628 effusione

102 2687 314 2754 sanguynum
331 2668 501 2734 multorum
514 2667 730 2736 seruienoium
741 2687 883 2752 suorum,
893 2669 1035 2736 seruicia
1051 2668 1163 2736 fidelia
1173 2691 1233 2756 pro

100 2778 235 2844 Corona
249 2774 354 2857 Regia
368 2775 540 2840 exibuerat
554 2776 713 2858 graciosa.
731 2776 800 2842 Nos
816 2795 876 2860 pro
895 2776 1080 2844 huiusmodi
1107 2777 1233 2844 merito-

99 2887 158 2970 rijs
175 2885 329 2970 seruicijs
345 2885 422 2970 suis,
440 2891 472 2952 et
488 2885 521 2952 in
545 2887 885 2969 recompensacionem
910 2887 1053 2954 omnium
1080 2886 1234 2972 dampno-

99 3015 170 3059 rum
189 3013 336 3078 suornm,
354 3013 393 3057 ac
408 3012 467 3077 pro
484 2999 585 3058 morte
601 2993 798 3060 seruientem
817 2993 969 3076 eiusdem,
987 2993 1148 3079 prefatam
1172 3001 1233 3059 ter-

99 3121 169 3166 ram
186 3105 220 3166 et
236 3099 476 3184 possessionem
490 3099 644 3165 Belmura
662 3105 820 3182 uocatam,
850 3119 922 3166 oum
947 3099 1139 3166 utilitatibus
1164 3101 1233 3166 suis

98 3205 262 3276 uniuersis
279 3213 311 3272 et
327 3205 588 3290 circumstancijs
604 3205 756 3290 eiusdem,
773 3207 833 3273 sub
850 3204 971 3274 eisdem
1000 3207 1095 3273 metis
1111 3213 1144 3272 et
1172 3213 1232 3273 ter·

96 3315 210 3398 minis,
229 3314 263 3378 in
290 3313 407 3396 quibus
434 3333 492 3397 per
516 3312 642 3398 priores
666 3333 870 3398 possessores
896 3313 1038 3380 limitata
1069 3313 1175 3382 fuerat
1201 3323 1235 3382 et

96 3441 265 3509 possessa,
282 3419 448 3505 sepedicto
465 3419 624 3504 Magistro
641 3419 816 3505 Stephano,
835 3427 867 3487 et
883 3420 949 3487 suis
966 3420 1149 3505 heredibus,
1174 3422 1228 3490 he-

94 3528 280 3611 rednmque
296 3548 426 3595 suornm
442 3529 684 3594 suecessoribus
701 3527 773 3594 sine
789 3527 970 3613 preiudioio
995 3529 1073 3596 iuris
1095 3530 1233 3598 aliorum

96 3637 264 3724 dedimus,
281 3633 474 3702 donauimus
485 3641 518 3700 et
529 3635 802 3702 contulimusiure
816 3639 974 3721 perpetuo
992 3643 1022 3702 et
1038 3636 1232 3704 irreuocabi·

94 3747 175 3810 liter
191 3739 437 3828 possidendam,
455 3739 629 3808 tenendam
645 3741 768 3826 pariter
793 3749 824 3804 et
852 3741 1047 3808 habendam.
1073 3743 1111 3806 ln
1140 3743 1230 3812 cuius

95 3853 144 3918 rei
161 3849 358 3916 memoriam
384 3855 640 3934 perpetuamque
665 3849 852 3915 firmitatem
878 3857 1048 3934 presentes
1074 3851 1232 3918 eoncessi-

93 3979 167 4026 mus
184 3958 319 4024 litteras
334 3955 474 4042 duplicis
490 3955 591 4038 sigilli
607 3955 708 4023 nostri
724 3957 901 4024 munimine
918 3958 1094 4024 roboratas.
1111 3959 1232 4023 Datum

91 4089 152 4156 per
168 4085 292 4133 manus
308 4065 438 4132 discreti
454 4065 516 4132 viri
533 4065 683 4150 Magistri
701 4065 850 4150 Gregorij
870 4066 972 4131 Electi
998 4066 1154 4132 Albensis
1171 4065 1232 4130 Ec·

93 4179 197 4244 clesie
234 4176 310 4241 aule
338 4179 448 4240 nostre
473 4171 782 4258 Viae-Cancellarij
816 4173 927 4239 dilecti
953 4179 986 4239 et
1005 4169 1108 4239 fidelis
1134 4171 1235 4240 nostri

94 4304 185 4350 anno
213 4280 351 4348 Domini
377 4283 410 4347 M
418 4279 500 4348 000ο
529 4281 743 4366 nonagesimo
768 4281 917 4367 septimo,
944 4279 1048 4365 pridie
1072 4279 1236 4346 kalendas

91 4388 309 4473 Nouembris,
324 4389 429 4474 Regni
446 4396 555 4457 autem
572 4392 672 4456 nostri
688 4407 775 4455 anno
792 4395 916 4456 octauo.

94 4538 242 4604 (Eredotie
251 4531 427 4600 bdrhtrtydn,
437 4551 454 4586 a
465 4532 550 4602 fllggb
562 4531 655 4601 peccet
665 4535 796 4586 elvasnett
808 4550 814 4594 ;
825 4550 842 4584 a
855 4535 936 4585 budai
946 4535 999 4586 kir.
1011 4534 1134 4584 lamanai
1153 4529 1234 4582 levtl·

613 4619 730 4686 tarbau.)
