3120 5172
616 263 776 364 Q

124 453 207 540 giuti
227 457 347 522 marcis
364 456 460 542 plene
475 457 626 542 receptis,
644 459 728 524 sient
743 456 838 544 dixit,
855 457 897 524 ab
914 455 1036 524 eisdem
1053 457 1085 523 in
1102 457 1258 545 denarijs,

125 564 171 630 eis'
199 572 230 630 et
259 583 368 630 eorum
397 563 580 647 heredibus,
610 565 826 647 heredumque
852 583 981 630 suornm
1007 553 1258 652 successoribus,

125 681 281 758 perpetuo
292 679 324 738 et
335 670 591 738 irreuooabiliter
603 669 842 755 possidendam.
852 672 889 738 ln
901 671 993 738 cuius
1006 672 1052 738 rei
1065 672 1254 738 memoriam

127 784 158 844 et
182 783 371 864 perpetuum
388 779 608 844 tirmitatatem
633 779 677 846 ad
696 773 892 864 peticionem
920 780 1064 863 parcium
1090 790 1258 864 presentes

126 887 247 954 eisdem
259 886 478 953 concessimus
495 887 631 969 litteras,
649 887 752 972 sigilli
769 886 869 953 nostri
887 887 1063 954 munimine
1080 889 1255 956 communi·

128 1007 187 1063 tas.
205 997 330 1062 Datum
347 995 381 1059 in
398 993 569 1078 quindenis
586 995 697 1062 Sancti
716 995 848 1080 Georgii
868 995 1017 1072 martiris,
1031 1015 1114 1060 anno
1127 995 1259 1064 Domini

127 1103 249 1169 ΜὈΟο
273 1103 484 1186 nonagesimo
500 1124 595 1170 nono.
613 1103 690 1170 Viro
706 1103 861 1188 religioso
877 1104 977 1170 fratre
1004 1106 1103 1170 Paulo
1129 1105 1257 1170 Abbate

126 1210 257 1277 Prelato
290 1216 406 1296 nostro,
434 1211 600 1279 Abraham
627 1213 768 1297 Decano,
795 1213 904 1280 Blasio
932 1212 1081 1299 Custode,
1107 1212 1255 1298 Nycolao

127 1316 280 1402 cantore,
311 1315 481 1402 Myehsele
513 1316 687 1404 celerario,
721 1319 900 1403 ceterisque
931 1318 1094 1406 fratribus,
1136 1317 1254 1386 ibidem

127 1426 354 1493 existentibus.

209 1621 261 1686 (Aa
285 1623 386 1674 eredcti
400 1621 467 1676 utin
482 1625 580 1676 Knauz
591 1622 709 1688 Nandor,
724 1625 839 1690 blagyar
852 1625 917 1676 Sion
929 1623 976 1676 111.
991 1624 1046 1674 kur.
1061 1623 1122 1673 ⁹5⁰.
1137 1623 1154 1672 l.

693 1911 798 1920 ...ι-»ιυ-

673 2466 751 2534 288.

59 2709 62 2714 -
127 2663 158 2729 A
176 2667 329 2733 aalcvdrc'
344 2667 534 2731 Moventnek
549 2667 816 2755 hizocysdpleoele
832 2689 870 2730 az
888 2667 992 2732 Ochus
1017 2689 1116 2734 coum
1142 2671 1173 2735 6³
1197 2668 1254 2734 Is-

126 2775 191 2838 cda
214 2785 335 2861 mester,
364 2775 494 2842 Hotold
524 2799 620 2842 comcs
641 2777 705 2858 fia,
736 2777 822 2842 lcbcti
851 2775 1038 2841 birtokcserc
1068 2775 1254 2860 tc'rqydbcu.

644 2884 741 2949 1299.

115 3143 118 3148 .
233 3078 301 3146 Nos
318 3078 420 3146 frater
436 3077 621 3160 Stephanus
633 3077 845 3145 miseracione
855 3075 975 3142 Dinina
985 3073 1098 3144 Abbas
1109 3081 1257 3160 totusque

123 3189 311 3256 Ounucntns
325 3185 532 3253 chadiensis
550 3191 659 3252 notum
677 3184 816 3252 facimus
833 3192 943 3250 tenore
959 3185 1161 3267 presencium
1189 3167 1257 3248 v'ni·

120 3297 240 3384 uersis,
257 3295 343 3379 quud
360 3297 475 3362 (lomes
491 3295 638 3362 Oohuza
664 3303 756 3381 parte
781 3315 856 3378 nna,
883 3297 914 3360 et
942 3292 1095 3376 Magister
1118 3290 1253 3376 Stepha·

120 3425 186 3474 nus
202 3405 290 3472 lilius
308 3403 442 3470 Comitis
468 3401 610 3469 liuboldi
634 3405 677 3468 ab
704 3405 809 3469 altera
835 3400 1051 3486 personaliter
1084 3397 1253 3465 constituti
1309 3475 1315 3484 1

120 3531 235 3580 coram
252 3512 354 3597 nobis,
373 3513 439 3577 tale
455 3509 677 3577 concambium
694 3511 727 3576 in
744 3512 886 3594 ipsorum
904 3507 1162 3594 possessionibus
1179 3525 1252 3572 con·

118 3620 201 3688 fessi
216 3626 292 3686 sunt
307 3619 389 3686 inter
405 3639 441 3686 se
456 3619 592 3685 secisse:
610 3615 695 3700 quod
711 3617 798 3684 idem
815 3619 929 3684 (lomes
948 3615 1056 3684 Ochus
1073 3613 1249 3699 possessio·

118 3749 182 3796 nes
199 3745 277 3792 suas
290 3727 458 3812 empticias
475 3726 507 3790 in
526 3723 661 3792 Oltarob
678 3724 886 3810 exbistentes,
904 3723 1027 3790 scilicet
1044 3721 1124 3788 dues
1151 3719 1250 3786 villas

119 3835 297 3916 Wolcuna,
329 3835 436 3920 Byky,
469 3841 501 3902 et
532 3833 733 3916 Sculkfolua,
767 3831 1021 3917 Harankylysy‚
1055 3828 1253 3913 Kalaebnlg·

118 3945 209 4027 nelg,
227 3943 340 4010 villam
355 3942 466 4009 Sancti
483 3942 629 4028 seor-gij,
646 3941 848 4027 Iwanylysy,
867 3946 899 4006 et
922 3937 1005 4005 duras
1031 3935 1128 4002 villas
1153 3935 1254 4000 Kutb·

117 4053 188 4126 sen,
207 4071 247 4117 sc
263 4051 448 4136 porcionem
465 4071 558 4119 suam
576 4051 617 4116 de
632 4057 720 4116 terra
735 4049 892 4131 Horuath,
910 4065 973 4132 que
990 4046 1075 4111 iuuet
1091 4043 1123 4110 in
1141 4042 1255 4110 vicini·

117 4169 191 4227 tate
207 4165 294 4228 terre
310 4160 443 4228 Comitis
459 4161 517 4226 Ine
534 4158 685 4226 similiter
701 4155 850 4224 Horuatb
865 4160 1063 4238 nuncupata,
1081 4152 1156 4218 licet
1171 4147 1254 4218 idem

118 4269 241 4336 Comes
276 4269 335 4334 Ine
367 4266 566 4354 prohibuerit
591 4265 747 4332 Comitem
775 4262 885 4330 Ochus
910 4283 931 4328 a
956 4259 1138 4327 donacione
1170 4266 1255 4325 terre

117 4382 321 4458 memorst03
337 4376 415 4446 item
430 4381 550 4442 terram
566 4374 686 4440 Zamar
702 4377 735 4438 et
752 4367 891 4438 blolnari
907 4367 1059 4436 similiter
1085 4365 1256 4452 empticias

118 4485 165 4550 ad
184 4483 342 4550 Soemene
358 4481 568 4567 pertinentes.
587 4501 625 4546 sc
642 4480 824 4565 porcionem
842 4497 933 4543 suum
960 4475 1000 4540 de
1026 4470 1139 4540 eadem
1173 4471 1251 4540 villa

118 4593 282 4660 Seemenc
298 4589 405 4675 ipsum
422 4587 674 4675 contingentem,
691 4585 724 4653 in
742 4585 809 4668 biJ's
825 4583 922 4652 metis
939 4589 971 4650 et
988 4579 1143 4666 terminis,
1168 4581 1257 4648 sicut
