3120 5172
600 320 761 421 'er-r-

111 513 299 582 eessoribus
317 514 513 582 relictarum.
530 515 572 580 Et
587 522 622 580 vt
638 513 745 596 iurgia
760 535 817 582 seu
834 514 909 582 lites
924 515 1079 582 tollantur
1094 535 1111 581 e
1128 517 1248 604 medio,

113 621 284 690 uoluerunt
302 627 385 688 etse
401 627 512 689 mutuo
528 627 640 706 partes
658 620 851 706 obligarunt,
869 627 903 688 rt
918 621 946 688 si
963 619 1074 706 quiex
1090 623 1170 706 ipsis
1188 623 1242 689 uel

117 729 261 812 ipsarum
278 726 453 794 heredibus
470 746 567 813 super
591 725 761 812 premissis
786 727 1045 813 possessionibus
1069 727 1244 813 aliqualem

115 831 181 900 litis
200 835 373 900 materiam
400 833 612 920 suseitarent‚
633 834 762 901 omnino
793 853 853 918 pro
885 835 1033 902 oonuioto
1048 835 1245 904 haberentur

115 940 185 1025 ipso
202 938 301 1007 laeto.
314 940 353 1005 Iu
370 939 460 1008 ouius
477 939 525 1010 rei
550 941 738 1008 memoriam
768 947 1024 1027 perpetuamque
1055 942 1243 1009 firmitatem

113 1047 160 1114 ad
176 1045 375 1132 peticionem
390 1045 537 1132 parcium
562 1054 732 1132 presentes
748 1046 876 1115 litteras
893 1049 1110 1118 oonoessimus
1140 1048 1245 1132 sigilli

115 1150 216 1218 nostri
241 1153 358 1220 robore
389 1152 615 1221 communitas.
649 1153 773 1219 Datum
799 1173 998 1238 permanes
1030 1155 1164 1222 disereti
1180 1155 1244 1222 viri

27 1257 30 1260 ’
114 1259 263 1342 Magistri
279 1257 375 1326 Pauli
390 1260 538 1326 Eeelesie
563 1265 671 1326 nostre
685 1261 832 1326 Leotoris
849 1280 934 1328 anno
951 1261 993 1327 ab
1010 1262 1244 1328 Inoamaoione
1330 1337 1331 1340 Ἴ

114 1365 248 1433 Domini
263 1364 438 1432 millesimo
454 1363 525 1432 00⁰
536 1365 746 1450 nonagesimo
763 1386 858 1434 nono.
874 1366 1085 1434 Presentibus
1095 1367 1245 1435 Johanne

108 1469 263 1558 (lentore,
282 1471 438 1555 Gregorio
455 1471 614 1558 Custode,
634 1471 802 1557 Stephano
819 1474 953 1540 Deoano
963 1525 973 1560 ,
989 1474 1167 1559 oeterisque
1184 1474 1243 1542 (ia-

115 1577 242 1646 noniois
258 1578 294 1643 in
311 1577 459 1644 Ecclesia
473 1583 587 1646 nostra
602 1579 673 1646 Deo
692 1578 935 1647 famulantibus.

107 1771 237 1840 (saepest
249 1773 343 1826 Jalrab
358 1772 572 1840 orsadgbirdnak
596 1771 840 1828 1379-kiolrttvts
867 1771 1024 1838 dtiratdbdl
1051 1790 1067 1825 a
1092 1775 1175 1826 budai
1190 1776 1240 1828 lrir.

510 1863 634 1914 kamarai
646 1860 837 1930 levelttrban.)

572 2145 787 2156 -ια--ι--ι-ιι

638 2677 715 2744 aad.

114 2876 147 2938 A
163 2873 267 2938 dadai
283 2874 441 2958 lrdpiolao
457 2875 572 2959 dtirja-
586 2897 607 2938 a
622 2873 812 2960 optimipeti
841 2871 988 2956 apdozcik
1012 2878 1166 2938 eadmero
1181 2875 1241 2940 IV.
1352 2961 1354 2966 s

113 2981 235 3046 Lanato
242 2979 417 3064 kisdlynuk
426 2981 583 3047 Pomdzra
593 2979 763 3046 oooutkozd
774 2979 948 3067 odomdnpt‘
958 2979 1138 3065 olomdopcit.
1149 2981 1243 3045 1299.

226 3175 321 3264 (NJos
338 3177 524 3262 Capitulum
541 3176 688 3242 Eoolesie
706 3169 877 3240 Budensis¹
890 3173 1110 3257 significamus
1127 3177 1244 3259 quibus

111 3283 249 3369 expedit
265 3282 426 3350 uniuersis
442 3281 649 3367 preseuoium
658 3300 715 3367 per
727 3285 881 3365 tenorem,
892 3279 979 3364 quod
989 3279 1090 3349 irater
1105 3283 1244 3350 Miohael

115 3397 148 3457 et
162 3391 267 3457 frater
297 3391 455 3458 Nioolaus
472 3388 601 3456 Ordinis
627 3389 776 3455 Fratrum
800 3387 1043 3454 Predioutorum
1074 3386 1114 3456 de
1131 3389 1245 3457 Insula

113 3495 262 3580 Virginis
281 3495 430 3565 Glorioso
446 3495 489 3562 ad
512 3502 658 3563 nostram
685 3495 890 3581 presenoiam
924 3493 1137 3583 aecedentes,
1155 3496 1243 3561 exhi-

112 3605 258 3670 buerunt
273 3604 367 3672 nobis
383 3603 672 3688 litteraspatentes
688 3601 971 3671 domiuiLadialai
987 3601 1085 3688 Regis
1101 3600 1245 3684 Vngarie

113 3711 202 3777 bone
218 3711 382 3797 memorie,
400 3730 464 3777 non
481 3708 702 3794 oanoellatas,
735 3727 801 3776 non
818 3710 975 3796 abrasas,
1006 3729 1065 3777 neo
1082 3709 1116 3774 in
1132 3707 1246 3789 aliqua

111 3824 211 3904 parte
228 3817 279 3884 sui
294 3815 444 3903 uieiatas,
461 3822 610 3902 petentes
626 3837 647 3882 a
662 3815 842 3882 nobiseum
860 3815 1031 3901 instancia,
1049 3821 1085 3882 ut
1100 3821 1245 3881 tenorem

111 3925 295 3995 earundem
325 3925 511 3992 litterarum
528 3930 639 3991 nostro
669 3921 845 4008 priuilegio
872 3924 972 3990 inseri
1004 3923 1187 3991 iaoeremns
1202 3921 1246 3989 ad

112 4033 302 4116 cautelam5
319 4051 392 4099 oum
409 4029 540 4098 easdem
551 4036 682 4116 propter
693 4028 882 4097 discrimina
891 4030 1018 4097 uiarum
1035 4049 1144 4098 seeum
1161 4028 1247 4096 ierne

110 4159 181 4204 non
199 4137 369 4205 auderent.
387 4135 531 4215 Quarum
547 4144 640 4204 tenor
655 4136 732 4204 talis
748 4149 799 4204 est
815 4162 822 4202 :

225 4241 328 4330 (N)os
343 4243 521 4310 Ladizlaus
536 4244 600 4310 Dei
617 4263 665 4327 gr.
681 4245 868 4329 RexHuug.
885 4246 947 4312 sib.
965 4241 1244 4330 (ledvetlreziklv.

109 4351 238 4420 Laszld
254 4350 435 4437 kirtlynak
446 4353 579 4421 evezam
594 4350 707 4417 nelkul
723 4349 851 4418 lriadott
866 4352 1041 4436 okmtnya,
1056 4351 1139 4418 mint
1153 4351 1246 4436 gyuj-

110 4459 321 4547 temenydnlr
331 4458 390 4528 IX.
401 4457 519 4546 vagyis
537 4479 558 4526 a
573 4458 725 4527 mtsodik
737 4459 861 4545 iolyam
870 4460 925 4528 IV.
936 4459 1113 4527 kdtetdben
1126 4459 1199 4526 194.
1208 4455 1245 4546 l.)

226 4566 295 4632 Nos
312 4573 420 4634 autem
437 4563 479 4630 ad
495 4563 690 4650 petioionem
707 4565 882 4634 eorundem
912 4567 1072 4652 fratrum,
1102 4573 1246 4634 tenorem
