3170 5166
693 274 854 373 *ar—r-

207 465 343 534 ieeimus
360 464 565 549 presentibus
581 465 760 554 duplieari,
792 468 959 550 nostrique
984 467 1086 552 sigilli
1113 468 1254 554 duplieis
1270 490 1342 536 mu·
1398 537 1401 546 ,

206 572 332 640 nimine
347 592 482 658 presens
500 571 654 657 seriptum
671 576 870 642 communiri.
895 575 1014 640 Datum
1030 595 1087 661 per
1101 595 1215 643 manus
1230 576 1335 660 Magi·

207 679 263 748 stri
280 678 442 764 Stephani
468 677 698 746 Arebidiueoni
724 682 878 748 Albensis
893 680 1132 770 Transiluanie,
1142 683 1217 748 aule
1226 690 1337 749 nostre

207 783 512 874 Viae-Oaneeltarij,
529 787 639 854 dilecti
659 793 693 856 et
701 784 804 856 tidelis
819 790 933 875 nostri,
944 809 1029 856 anno
1039 785 1311 856 Domininrutoc
1318 799 1339 875 ⁰,
1453 879 1456 884 Ι

206 875 306 960 serto
324 893 409 979 ydus
425 893 644 980 Septembris,
660 895 766 979 Regni
798 901 906 962 autern
921 897 1023 962 nostri
1053 916 1139 963 anno
1155 894 1335 963 undecimo.

293 1074 342 1139 (Au
357 1073 461 1124 eradeti
475 1069 541 1122 utin
556 1073 653 1123 Knauz
665 1069 778 1123 Nindor
791 1073 906 1139 Magynr
928 1073 994 1126 Sion
1006 1075 1057 1125 111.
1072 1073 1131 1125 kat.
1145 1075 1206 1164 9b2.
1220 1071 1250 1138 1.)

655 1373 865 1390 un*

730 1883 806 1948 244.

215 2085 278 2152 HI.
296 2081 405 2148 Euadne
420 2087 529 2169 kirtly
561 2083 741 2166 uteprrb'ss'ri
760 2076 869 2145 Istuda
900 2079 1181 2162 alorszdpbirdnak
1204 2079 1335 2166 Rofoya

202 2197 268 2260 sua
284 2197 317 2259 e's
332 2194 450 2258 Ldazle'
480 2188 648 2256 Juaosnat
655 2188 707 2268 fia
724 2187 803 2274 teat,
818 2187 965 2271 bizoayoa
989 2187 1190 2254 idrositdrob
1204 2191 1335 2276 tctrppd·

556 2295 618 2360 bun
633 2294 733 2358 hozott
747 2294 871 2358 t'te'letdt.
889 2293 986 2359 1300.

313 2493 381 2557 Nus
413 2489 559 2556 Andreas
591 2489 652 2554 Dei
676 2487 789 2571 gracia
814 2489 882 2554 Itex
908 2487 1075 2571 Hungarie
1106 2487 1329 2572 significamus

202 2599 369 2668 uniuersis
386 2598 504 2680 quibus
522 2594 653 2678 expedit
669 2595 874 2678 presenaiurn
899 2613 958 2677 per
982 2599 1136 2677 tenorem,
1163 2594 1249 2678 quod
1275 2598 1335 2662 Ro-

205 2710 283 2793 fuyn
301 2707 414 2770 Banns
429 2703 474 2769 ad
500 2708 646 2767 nestram
672 2700 830 2766 accedens
856 2700 1060 2784 presenciam
1085 2699 1211 2766 exibuit
1236 2701 1330 2769 nobis

205 2817 334 2882 litteras
349 2818 499 2896 putentes
516 2808 652 2874 Comitis
668 2809 715 2873 St.
732 2807 811 2872 Viae
826 2806 953 2872 Judieis
974 2806 1069 2872 Ourie
1094 2815 1202 2874 nostre
1226 2807 1334 2875 eonfe-

204 2930 275 2988 etas
293 2939 393 3004 super
408 2937 519 3003 eausa,
535 2937 632 2998 quam
657 2915 777 2980 habuit
799 2919 910 2978 eontra
936 2912 1127 2978 LadiuIaum
1152 2915 1254 2981 filium
1281 2915 1335 2982 Jo-

206 3029 325 3095 hunnis
343 3025 402 3109 filij
423 3023 605 3090 Ohabanka
620 3025 653 3088 in
677 3023 782 3106 figura
806 3019 926 3103 Judieij
955 3021 1141 3087 examinata
1166 3031 1198 3088 et
1223 3021 1335 3090 decisa

205 3135 321 3202 ordine
333 3131 512 3218 judiciario
529 3131 622 3197 iuxta
637 3131 741 3213 Regni
757 3128 859 3195 nostri
885 3129 1150 3196 cousuetudinem
1176 3129 1335 3215 approba-

205 3251 283 3309 tam.
300 3239 449 3318 Quarum
465 3231 594 3324 quidem
612 3238 793 3306 litterarum
809 3242 900 3304 tenor
915 3237 990 3304 talis
1007 3245 1074 3304 est:

320 3349 389 3414 Nos
407 3347 522 3414 Comes
538 3347 585 3414 St.
604 3346 783 3430 Vieejudex
810 3346 905 3412 curie
920 3345 1042 3412 domini
1057 3345 1157 3426 Regis
1173 3345 1235 3410 stb.
1262 3341 1335 3430 (ks-

203 3455 360 3524 vetkenik
393 3455 506 3522 Istvdn
538 3451 991 3537 ator-azagbirunak1300·ki
1018 3450 1211 3519 itdletlerele
1252 3452 1334 3516 mint

202 3565 305 3630 atabb
324 3567 401 3630 252.
420 3583 462 3629 sn.
481 3561 526 3649 a.)

316 3671 385 3737 Nos
400 3671 507 3756 igitur,
534 3671 585 3736 eui
609 3691 649 3738 ex
673 3669 781 3736 officio
807 3673 949 3754 suseepti
974 3669 1140 3753 regiminis
1167 3668 1332 3736 iusticiam

203 3775 323 3862 facere,
341 3785 374 3843 et
389 3779 563 3862 unicuique
586 3778 635 3844 ius
651 3797 743 3844 suum
760 3777 896 3845 reddere
912 3779 999 3845 racio
1016 3778 1177 3864 admonet,
1203 3777 1333 3861 equitas

204 3883 332 3966 suadet,
348 3890 380 3949 et
395 3883 535 3949 maxime
551 3883 689 3968 preeipit
705 3883 757 3950 lex
775 3883 907 3972 Diuina,
931 3884 1093 3970 predictas
1119 3884 1241 3952 litteras
1267 3882 1326 3952 Oo-

204 3992 298 4057 mitis
316 3991 361 4057 St.
378 3990 597 4058 Viae-iudicis
613 3990 709 4058 Ourie
725 3995 837 4058 nostre
853 4012 916 4058 non
943 3999 1121 4079 suspectas,
1147 4013 1210 4057 non
1236 3993 1336 4059 aboli-

202 4107 267 4184 tas,
284 4119 351 4166 non
368 4100 578 4186 cancellatas,
595 4120 654 4166 nee
670 4100 704 4164 in
719 4099 832 4183 aliqua
848 4101 897 4166 sui
915 4107 1009 4184 parte
1026 4101 1175 4184 viniatas,
1185 4099 1224 4164 de
1234 4101 1334 4167 uerbo

200 4203 247 4270 ad
265 4208 402 4274 uerbum
418 4204 626 4289 presentibus
641 4205 792 4292 insertas,
808 4205 852 4271 ad
868 4205 1062 4272 instanaiam
1079 4213 1111 4272 et
1135 4206 1330 4292 petieiunem

203 4313 352 4382 eiusdem
385 4311 510 4398 Rufeyn
543 4313 627 4378 Bani
651 4313 772 4379 iustam
799 4319 897 4395 atque
922 4311 1111 4400 legitimam,
1137 4313 1334 4380 auctoritate

196 4421 410 4510 presencium
426 4421 579 4489 duximus
596 4420 848 4488 confirmandas.
864 4419 934 4486 Hoe
949 4427 1058 4486 tamen
1068 4439 1233 4509 expresso,
1244 4419 1333 4505 quod

199 4526 235 4595 si
253 4526 340 4594 idem
365 4529 541 4598 Ladizlaus
568 4535 682 4598 eontra
707 4529 890 4614 quempiam
917 4528 1083 4596 eunuietus
1108 4529 1268 4597 extitisset
1298 4531 1334 4596 in

1102 4636 1173 4704 24*
