3170 5166
758 251 919 350 jun.

273 445 384 527 aliquo
400 460 574 510 causarum
589 444 727 512 articulo
743 451 919 528 antequam
935 443 1022 511 idem
1039 443 1165 530 Roioyn
1191 445 1302 513 Banns
1327 465 1403 514 eun-

273 549 346 619 dem
372 550 579 618 conuenisset
603 570 713 618 eoram
738 551 842 632 nobis,
869 550 1055 620 huiusmodi
1079 552 1241 620 aetoribus
1265 553 1309 619 de
1333 574 1403 637 por-

274 659 369 725 eione
383 659 629 743 possessionum
644 657 791 725 eiusdem
806 656 956 725 Ladizlai
981 659 1045 744 ipsi
1069 658 1199 745 Roioyn
1225 661 1316 728 Bano
1347 659 1401 725 ad·

271 764 416 832 iudioata
430 763 584 831 satisfieri
609 765 727 832 debeat
753 766 846 832 iuxta
870 765 976 850 Regni
1001 766 1105 833 nostri
1130 766 1400 833 consuetudinem

273 871 496 956 approbatam.
512 871 633 940 Datum
648 872 741 939 Bnde
756 873 791 938 in
806 873 931 940 outauis
946 873 1132 959 Epiphania
1157 873 1291 940 Domini
1317 891 1403 941 anno

276 974 421 1044 eiusdem
436 978 469 1042 M
477 988 487 1019 ⁰
502 979 737 1046 trecentesimo.

275 1170 412 1240 (Eredetie
423 1169 599 1240 btirhtrtytm
612 1188 629 1223 a
642 1169 720 1224 httut
733 1173 785 1224 odo
798 1180 922 1238 nyomott
934 1173 1027 1242 peostt
1049 1174 1200 1240 slvesastt3
1215 1191 1231 1227 a
1252 1177 1336 1228 budsi
1360 1176 1401 1226 ki·

632 1259 705 1328 rtiyi
717 1263 841 1314 kamarai
852 1261 1043 1331 levtlttrbsn.)

729 1547 943 1560 -—...

817 1863 893 1931 245.

274 2065 342 2130 III.
358 2063 469 2129 Fmdre
483 2063 590 2146 kirtly
605 2065 785 2146 magartaiti
794 2031 908 2126 [moun
918 2084 1016 2128 eomes
1029 2064 1316 2150 alorozoipbir·6nuk
1330 2064 1403 2132 Tut-

274 2177 349 2236 mctu
364 2177 395 2236 o'a
411 2169 526 2233 Lanita
556 2168 742 2254 helystpelret
773 2172 926 2255 tdrpyuzo
955 2169 1148 2235 steterimus
1171 2169 1271 2236 ιῙάτιοε
1296 2184 1401 2238 mesta

555 2277 761 2341 Zolooehnalr
768 2275 823 2358 fia
841 2280 1003 2343 eadmero.
1020 2275 1119 2342 1300.
1191 2303 1194 2310 ’

376 2467 527 2536 Andreas
560 2467 623 2535 Dei
661 2469 773 2552 grauia
813 2468 1001 2554 Hungerie‚
1032 2469 1221 2555 Dalmauie,
1255 2469 1401 2558 Oroaoie,

274 2578 387 2661 Reme,
418 2575 541 2658 Seruio,
568 2575 716 2660 Gallium,
747 2575 950 2662 Lodomerie,
984 2577 1152 2663 Cumania,
1183 2576 1404 2663 Bulgarieque

271 2686 343 2750 Rex
368 2682 516 2750 omnibus
541 2681 661 2749 curisti
686 2683 837 2751 fidelibus
868 2692 935 2752 tam
960 2685 1166 2770 presentibus
1195 2705 1294 2768 quam
1317 2686 1401 2752 futu*

271 2791 316 2858 ris
332 2810 466 2876 presens
498 2791 653 2876 seriptum
680 2790 877 2878 inspecturis
901 2791 1040 2859 salutem
1071 2793 1106 2860 in
1122 2793 1265 2859 omnium
1294 2793 1400 2860 salua·
1485 2863 1486 2866 ,

274 2907 353 2966 tore.
371 2899 423 2966 Ad
440 2898 660 2966 uniuersorum
685 2898 837 2966 noticiam
868 2897 983 2966 harum
1009 2899 1094 2966 serie
1118 2901 1266 2966 uolumus
1292 2918 1403 2984 perue-

271 3007 359 3073 nire:
394 3003 479 3091 quod
509 3004 666 3088 Magister
696 3004 865 3072 Johannes
896 3006 984 3074 filins
1009 3006 1152 3074 Zolouoh
1183 3005 1227 3072 ad
1256 3015 1400 3073 nostram

272 3111 434 3180 secedens
449 3111 652 3198 presentium
668 3110 815 3177 exhibuit
840 3111 934 3179 nobis
951 3111 1161 3198 priuilegium
1179 3111 1315 3179 Comitis
1332 3111 1400 3178 Ste-

271 3219 372 3307 phani
387 3217 584 3302 Vioejudieis
601 3216 696 3284 Curio
712 3225 822 3286 nostre
838 3219 872 3285 in
888 3219 984 3287 faotis
999 3220 1242 3304 possessionum
1259 3220 1403 3285 Tulman

270 3335 302 3394 et
317 3326 435 3392 Lanka
451 3330 640 3392 uooatarum
655 3325 691 3391 in
707 3322 869 3393 comitatu
886 3326 927 3392 de
945 3325 1098 3393 Wolkow
1117 3325 1343 3412 existenoinm,
1360 3345 1401 3390 ex

272 3440 366 3519 parte
385 3433 541 3519 Rozboyd
572 3439 605 3499 et
619 3433 714 3500 Mark
729 3433 871 3501 filiorum
902 3434 1068 3518 Lamperti
1100 3433 1329 3500 deuolutarum
1360 3432 1402 3499 ad

271 3541 378 3629 ipsum
394 3539 506 3607 ordine
518 3541 717 3626 judieiario;
744 3548 860 3625 petens
886 3541 1048 3608 humiliter
1065 3559 1138 3606 oum
1153 3540 1319 3607 instanoia
1327 3591 1338 3627 ,
1368 3546 1406 3606 ut

269 3649 376 3736 ipsum
392 3649 600 3736 priuilegium
626 3656 733 3716 ratum
750 3648 881 3735 habere,
900 3655 931 3715 et
961 3657 1071 3716 nostro
1104 3646 1276 3735 priuilegio
1294 3648 1335 3715 de
1348 3649 1399 3715 be-

270 3758 429 3844 nignitate
445 3761 551 3844 Regia
566 3759 773 3844 dignaremur
805 3757 1006 3825 confirmare.
1040 3755 1139 3824 Cuius
1156 3756 1288 3842 quidem
1305 3754 1401 3840 priui-

270 3867 348 3953 legij
368 3872 459 3933 tenor
474 3868 551 3933 tatis
567 3873 639 3933 est:

379 3971 477 4060 (N)os
494 3974 609 4041 Comes
635 3973 823 4060 Stephanus
842 3970 1024 4056 Vioejudex
1050 3969 1147 4038 Ourie
1163 3971 1288 4037 domini
1303 3971 1403 4054 Regis

270 4084 332 4150 stb.
351 4079 565 4168 (ktvetkezik
581 4083 694 4148 Istvan
712 4099 818 4146 comes
829 4077 1122 4162 alorsztgbironak
1141 4078 1282 4146 1300-ki
1299 4077 1404 4144 itelet-

268 4187 376 4258 levale
392 4189 475 4254 mint
491 4189 590 4256 alabb
609 4191 683 4256 254.
699 4207 744 4252 su.
763 4187 808 4271 a.)

379 4295 448 4363 Nos
465 4295 578 4382 itaque
607 4295 788 4382 peticiones
809 4295 954 4362 eiusdem
986 4294 1133 4378 Magistri
1158 4291 1323 4360 Johannis
1345 4289 1403 4374 filij

270 4404 414 4473 Zolouoh
432 4403 580 4472 uidentes
606 4422 677 4471 esse
701 4401 805 4469 iustas
822 4407 855 4468 et
869 4400 1074 4489 condignas,
1099 4399 1308 4486 priuilegium
1324 4397 1402 4464 eius·

272 4511 346 4580 dem
363 4509 497 4578 Comitis
516 4509 673 4597 Stephani
688 4509 886 4596 Vioejndiois
913 4508 1009 4576 Curie
1024 4515 1137 4577 nostre
1152 4527 1212 4592 per
1228 4507 1335 4592 ipsum
1349 4523 1403 4571 no·
