3098 5172
628 945 703 1013 158.

91 1142 349 1228 Ampyodradi
383 1143 608 1229 hdptelaaaolo
632 1145 912 1231 bizonpeoptevete,
946 1149 1030 1233 hopy
1059 1143 1219 1214 detrectat

92 1249 328 1336 nemaetsdpbela‘
343 1251 450 1334 Peter,
465 1252 718 1337 Imldeenolrfio,
729 1255 856 1320 Romad
864 1255 1020 1341 helysdpet
1029 1277 1220 1340 opponoaon

91 1358 327 1444 oenrzetaepbala'
341 1360 432 1424 Peter
458 1361 620 1445 comesnelc,
637 1361 734 1448 Drap
750 1385 847 1428 eonas
854 1363 981 1446 fidealo,
999 1361 1105 1429 elodta
1123 1363 1221 1426 1196.

369 1573 399 1638 A
661 1577 687 1642 B
903 1576 929 1642 0

199 1769 388 1856 Capitulum
404 1772 551 1842 lleelesie
577 1773 802 1842 waradiensis
818 1772 966 1840 omnibns
983 1771 1102 1840 Christi
1117 1769 1225 1850 fideli,

90 1877 148 1945 bus
164 1898 300 1965 presens
325 1882 480 1967 seriptum
496 1883 691 1967 inspecturis
716 1883 854 1951 salntem
880 1883 913 1948 in
938 1883 1077 1948 Domino
1101 1882 1224 1966 sempi.

91 1992 224 2052 ternam.
240 1986 293 2052 Ad
324 1989 546 2058 vniuersorum
562 1991 718 2058 notieiam
734 1998 802 2057 tam
825 1990 1030 2076 preseneium
1061 2007 1159 2072 quam
1174 1989 1224 2063 fu,

91 2099 233 2161 tutorum
250 2094 363 2163 barum
379 2099 463 2165 serie
479 2100 627 2166 volumus
637 2099 817 2184 peruenire,
836 2097 921 2182 quod
937 2096 1033 2164 Petro
1048 2094 1220 2163 filiohnka

94 2201 132 2268 de
147 2223 269 2287 genere
280 2199 469 2273 Guthlrelad
480 2207 522 2272 ab
534 2226 600 2273 una
610 2215 713 2293 parte,
725 2215 757 2274 et
767 2205 892 2273 (inmite
900 2205 996 2272 Petro
1006 2204 1073 2272 filio
1084 2202 1216 2270 Comitis

92 2309 183 2395 Drug
199 2310 241 2377 de
258 2312 376 2378 eadem
405 2315 622 2398 generacione
652 2336 711 2400 pro
728 2334 764 2382 se
780 2320 813 2381 et
827 2334 886 2401 pro
902 2313 1083 2380 Laurentio
1109 2330 1149 2377 ao
1163 2309 1218 2378 Ni·

94 2417 184 2486 colao
201 2418 357 2488 fratribus
374 2421 441 2488 suis
457 2422 500 2487 ab
518 2421 626 2490 altera
644 2427 736 2506 parto
762 2442 871 2488 eoram
896 2421 991 2488 nobis
1007 2419 1220 2506 personaliter

92 2526 291 2612 constitutis3
309 2526 396 2593 idem
410 2528 525 2595 Petrus
542 2527 627 2595 filius
642 2529 739 2594 Luha
755 2526 919 2612 quandam
935 2534 1053 2593 terram
1068 2546 1125 2594 seu
1142 2545 1223 2612 pos·

93 2635 269 2702 sessionem
285 2656 380 2703 suam
395 2637 627 2704 hereditariam
643 2638 768 2704 Romad
783 2644 936 2706 uocatam
953 2637 987 2704 in
1004 2635 1220 2704 Comitatude

93 2743 244 2809 Zothmar
259 2744 353 2810 iuxta
369 2744 501 2811 fluuium
516 2747 636 2813 Zomus
653 2747 856 2834 existentem,
873 2746 965 2812 euius
994 2744 1124 2829 quidem
1149 2763 1219 2828 pos·

93 2851 245 2918 sessionis
263 2851 500 2919 dimidietatem
516 2853 598 2939 ipsis
613 2853 690 2936 filijs
708 2850 844 2920 Comitis
861 2855 955 2936 Drug
971 2869 1031 2936 pro
1050 2851 1163 2919 deeem
1189 2857 1221 2916 et

92 2964 161 3024 octo
176 2959 306 3044 mareis,
324 2958 422 3026 oliam
438 2981 515 3029 uero
532 2960 765 3027 dimidietatem
782 2959 928 3027 eiusdem
953 2957 1092 3024 Nioolao
1109 2957 1215 3041 Voya·

93 3065 172 3133 uode
189 3067 257 3134 filio
274 3067 423 3153 Magistri
440 3071 589 3156 Maurieij
606 3090 666 3155 pro
684 3069 820 3154 triginta
844 3067 963 3133 mareis
973 3065 1103 3149 argenti
1114 3065 1219 3130 dietus

92 3173 205 3242 Petrus
221 3176 312 3262 prius
330 3197 366 3243 se
381 3177 511 3263 pignori
538 3180 702 3265 obligasse
718 3179 855 3261 dicebat,
874 3182 941 3242 tum
958 3195 1015 3260 pro
1030 3174 1106 3259 ipsa
1122 3192 1218 3257 peeu·

90 3283 147 3348 nia
162 3283 319 3354 videlieet
336 3286 497 3356 desemel
514 3294 587 3356 oete
604 3287 727 3355 mareis
747 3307 788 3354 ex
808 3291 901 3371 parte
917 3285 1056 3351 filiorum
1080 3279 1216 3349 Comitis

91 3391 192 3477 Drug,
209 3399 241 3459 et
261 3414 321 3480 pro
348 3395 484 3477 triginta
501 3397 617 3464 mareis
649 3395 778 3480 argenti
811 3416 851 3462 ex
866 3399 959 3480 parte
976 3389 1053 3457 dieti
1085 3389 1215 3456 Nieolai

91 3498 281 3585 Woyauode
297 3504 447 3589 reoeptis,
465 3511 500 3568 ut
516 3505 725 3589 prediximus,
742 3509 810 3570 tum
826 3501 931 3568 eeiam
941 3499 974 3564 in
994 3496 1217 3565 oouoambium

90 3607 258 3674 cuiusdam
289 3615 376 3676 terre
407 3631 465 3678 seu
489 3613 705 3698 possessionis
729 3611 890 3678 diotorum
914 3608 1052 3676 filiorum
1082 3605 1217 3673 Comitis

90 3715 180 3798 Drug
197 3717 352 3805 Thulugd
366 3725 481 3785 uocate
496 3720 530 3784 in
547 3718 708 3786 Comitatu
725 3717 920 3804 Byhoriensi
937 3715 1117 3800 existentis,
1128 3709 1220 3780 dedit

92 3831 124 3888 et
140 3824 335 3910 assignabit,
352 3826 431 3910 quin
448 3827 561 3913 pocius
571 3826 717 3892 uendidit
733 3825 793 3893 sub
809 3824 903 3891 metis
920 3823 1016 3892 eertis
1032 3828 1064 3887 et
1073 3819 1217 3907 antiquis

90 3951 163 3996 eum
177 3931 245 3998 suis
261 3932 468 4019 vtilitatibus,
483 3935 607 4003 seilicet
621 3934 748 4016 tributo,
766 3941 798 4000 et
814 3932 951 4002 eeclesia
967 3931 1001 3998 in
1011 3931 1135 3998 honore
1145 3930 1217 3998 Om-

89 4041 178 4104 nium
194 4041 386 4107 Sanetorum
403 4041 437 4108 in
454 4043 529 4129 ipsu
543 4049 631 4112 terra
648 4042 797 4124 fundata,
823 4042 953 4127 piseina
976 4041 1010 4105 in
1036 4037 1135 4105 fluuio
1161 4038 1217 4104 Ze

89 4167 171 4234 mus,
187 4170 227 4214 ae
243 4151 320 4236 alijs
338 4151 553 4238 pertinenoijs
579 4151 750 4239 uniuersis,
775 4148 951 4237 sepedictis
978 4147 1055 4234 filijs
1082 4145 1216 4214 Comitis

89 4254 189 4342 Drug,
206 4265 238 4323 et
252 4276 310 4342 per
326 4259 414 4344 ipsos
431 4258 574 4345 ipsorum
600 4261 781 4346 heredibus,
808 4258 1028 4341 heredumque
1053 4274 1219 4323 suceesso-

88 4364 190 4450 ribus,
207 4367 275 4433 iure
290 4377 449 4456 perpetuo
467 4378 499 4436 et
514 4369 768 4436 irreuoeabiliter
786 4364 1037 4454 possidendam;
1054 4361 1209 4452 quemad-

88 4473 220 4542 modum
236 4477 300 4561 ipsi
317 4477 375 4563 filij
395 4475 529 4546 Comitis
544 4478 637 4562 Drug
662 4483 871 4546 memoratam
895 4472 1134 4561 possessiouem
1163 4492 1213 4538 eo·

88 4603 160 4648 rum
177 4582 327 4673 Thnlugd
342 4589 541 4657 nominatam
567 4587 717 4658 similiter
741 4608 814 4658 enm
838 4585 905 4654 auis
931 4577 1134 4670 utilitatibus,
1162 4605 1212 4652 ee-
