3112 5158
865 279 929 344 142

339 471 486 560 petitorio
497 478 684 557 perpetuum
703 469 870 538 silencium
886 471 1087 556 inponentes.
1099 469 1160 536 Per
1173 467 1381 534 diffinitiuanr
1393 481 1465 533 seu·

338 583 477 647 tenciam
489 581 716 645 decernentes:
730 586 763 645 vt
773 577 1098 666 Arcbyepiscopales,
1111 577 1251 663 Capituli
1264 572 1464 658 Strigonien-

339 688 393 772 sis,
406 694 438 752 et
454 687 599 752 Ecclesia
615 685 726 752 Sancti
741 685 864 751 Thome
880 688 1028 772 populos,
1045 685 1131 751 intra
1147 683 1302 751 fossatum
1314 679 1464 746 Ciuitatis
1553 669 1554 744 i

338 794 569 878 strigoniensis
588 785 618 860 et
636 801 729 860 extra
744 796 947 877 constitutos,
975 811 1036 859 nec
1052 795 1085 858 in
1101 794 1152 860 ius
1181 811 1307 877 uocare,
1324 785 1462 867 Judicis,

340 903 525 969 Juratorum
543 901 694 968 assistere
710 899 838 986 iudicio,
855 921 915 968 nec
933 903 1030 968 ullam
1052 909 1149 967 nacta
1170 900 1340 968 occasione
1356 895 1464 978 aliqua

340 1010 470 1093 exigere
489 1007 659 1075 collectam
676 1009 815 1076 debeant
831 1011 884 1076 uel
910 1007 1064 1096 audeant,
1097 1009 1212 1075 necin
1239 1026 1294 1073 eos
1320 1002 1463 1069 iurisdie-
1553 989 1554 996 ἵ

340 1117 467 1207 cionem
482 1135 540 1183 seu
556 1115 775 1183 cohercionem
807 1118 953 1200 aliquam
980 1137 1151 1200 exercere,
1177 1113 1318 1198 quodsi
1343 1119 1463 1177 contra·
1553 1095 1554 1106 ¹

337 1225 421 1290 rium
432 1229 627 1308 attemptare
647 1225 890 1313 presumserint,
907 1243 1034 1292 omnem
1061 1245 1176 1311 penam
1193 1221 1419 1310 pecuniariam
1436 1225 1464 1283 et
1553 1203 1554 1212 ¹

340 1333 550 1418 personalem,
569 1333 601 1397 in
627 1335 742 1417 quibus
768 1333 812 1399 ad
837 1341 990 1419 nostram,
1009 1333 1180 1400 karissime
1205 1329 1318 1397 matris
1344 1333 1462 1409 nostre,

291 1529 294 1534 Ι
341 1440 574 1506 venerabilium
590 1449 728 1526 patrum,
747 1443 909 1509 Beronum
921 1450 952 1508 et
964 1441 1172 1527 plurimorum
1186 1437 1342 1506 nobilium
1359 1432 1462 1516 Regni

341 1549 442 1613 nostri
458 1547 653 1614 instanciam
670 1547 756 1615 idem
772 1532 978 1616 venerabilis
991 1551 1091 1614 Pater
1113 1554 1144 1612 et
1160 1545 1345 1633 Capitulum
1372 1561 1463 1607 suum

341 1653 515 1721 liberaliter
547 1655 856 1742 condescendentes,
888 1655 1089 1724 remissionis
1114 1655 1162 1722 eis
1188 1651 1295 1720 lacere
1322 1651 1463 1734 graciam

340 1765 573 1849 promiserunt3
602 1771 633 1830 et
652 1766 679 1830 si
698 1766 747 1830 uel
764 1765 1011 1850 appellacionis,
1039 1784 1096 1832 seu
1122 1760 1371 1848 prouocationis,
1398 1757 1465 1824 siue
1553 1797 1554 1800 =

342 1872 402 1937 sub
419 1871 527 1955 aliquo
554 1873 621 1938 alio
646 1871 755 1938 fucate
779 1893 836 1940 sue
860 1871 991 1938 malicie
1021 1872 1204 1938 uelamento
1236 1871 1321 1935 circa
1354 1884 1465 1931 ornnes

340 1979 516 2063 premissos
532 1981 695 2065 articulos,
713 1981 766 2047 uel
781 1979 927 2063 singulos
951 1979 1180 2066 premissorum
1208 1977 1348 2063 sopitam
1375 1975 1466 2041 litem

339 2088 504 2175 refricare,
521 2093 552 2154 et
570 2087 604 2152 in
619 2087 760 2155 recidiuc
777 2087 988 2155 dissensionis
1005 2086 1258 2174 presumpserint
1273 2083 1466 2150 resuscitare

339 2195 544 2280 scrupulum;
561 2216 664 2280 penas
680 2197 886 2282 pecuniarias
914 2203 946 2262 ct
967 2197 1165 2282 personales,
1193 2213 1328 2278 quarum
1354 2189 1467 2257 remis-

340 2301 463 2366 sionem
482 2308 602 2388 nostra,
619 2303 790 2370 karissime
807 2303 918 2370 metris
935 2309 1051 2387 nostre,
1069 2300 1304 2368 venerabilium
1320 2307 1468 2383 patrum,

340 2407 503 2473 Beronum
519 2415 550 2474 et
567 2411 724 2476 nobilium
741 2413 844 2494 Regni
860 2413 962 2478 nostri
977 2411 1117 2477 obtinuit
1132 2409 1339 2496 interucncio,
1358 2412 1392 2472 ct
1410 2426 1465 2472 ex-

343 2517 645 2584 communicacionis
663 2520 839 2606 sentencie,
857 2519 898 2585 de
914 2539 979 2602 qua
996 2540 1052 2587 cos
1069 2519 1199 2586 absolui
1215 2525 1328 2584 nostra
1345 2527 1377 2582 et
1390 2533 1467 2600 prc-

341 2621 512 2690 missarum
528 2627 668 2692 omniurn
686 2646 897 2712 personarum
913 2627 1007 2693 nobis
1023 2627 1248 2694 assistencium
1264 2623 1419 2708 frequens
1441 2627 1470 2686 et

344 2731 487 2816 assidua,
504 2753 568 2798 non
585 2734 655 2800 sine
673 2736 772 2801 multa
788 2715 989 2820 difficultate,
1007 2735 1112 2820 potuit
1128 2733 1299 2818 instancia,
1316 2735 1389 2815 ipso
1420 2729 1468 2793 sa·

346 2847 398 2905 cto
413 2841 516 2906 subici
532 2842 749 2908 merebuntur.
768 2841 836 2908 Nec
853 2842 1006 2908 liceateis
1024 2839 1132 2924 aliquo
1149 2840 1334 2927 priuilegio,
1363 2859 1471 2904 aurea

341 2949 393 3012 uel
410 2967 504 3014 cerea
521 2949 610 3015 bulla
628 2970 748 3036 presso,
766 2969 862 3034 super
879 2950 1047 3034 premissis
1063 2950 1211 3017 omnibus
1227 2947 1275 3015 uti
1299 2947 1333 3012 in
1359 2947 1472 3031 ligura

339 3055 358 3118 J
362 3053 457 3138 udieij
471 3055 524 3120 uel
536 3064 637 3141 extra,
652 3065 763 3122 contra
774 3057 1084 3148 archyepiscopum,
1097 3057 1347 3142 Capitulnmque
1360 3075 1472 3140 suuni,

339 3161 542 3246 Propositum
558 3170 591 3229 et
607 3163 785 3230 Ecclesiam
803 3165 913 3232 Sancti
930 3165 1062 3249 Tlrome,
1079 3171 1233 3250 quantum
1259 3164 1302 3229 ad
1331 3182 1474 3230 uenera-

339 3268 436 3336 bilem
451 3277 576 3354 patrem
593 3278 626 3338 ct
641 3273 819 3338 Ecclesiam
846 3294 936 3340 suam
963 3272 1217 3357 Strigoniensem
1243 3273 1331 3338 eirea
1357 3269 1475 3338 omnia

339 3379 501 3462 premissa
517 3385 549 3442 et
566 3377 697 3460 singula
713 3381 944 3464 premissorum
954 3431 963 3464 ,
982 3381 1143 3448 reuocatis
1159 3382 1192 3447 in
1208 3379 1335 3446 irritum
1350 3399 1478 3446 ‘eorun-

340 3483 412 3548 dem
429 3483 548 3551 ciuium
565 3487 672 3552 aureis
689 3489 740 3552 uel
757 3486 859 3555 cereis
877 3488 1023 3555 omnibus
1040 3489 1281 3572 instrumentis3
1310 3487 1477 3552 subituris

339 3589 565 3658 nichilominus
583 3593 708 3661 ciuibus
725 3616 854 3682 penam,
872 3615 966 3680 quam
993 3597 1234 3664 refricatoribus
1252 3603 1283 3663 et
1307 3593 1481 3660 recidiua-

339 3697 461 3766 toribus
494 3700 671 3784 sopitarum
703 3723 763 3788 per
794 3703 1000 3770 diffinitiuam
1031 3705 1230 3774 sentenciam
1262 3705 1481 3789 questionum

338 3805 507 3889 imponunt
522 3815 728 3892 utrorumque
743 3809 868 3876 Jurium
887 3812 1030 3895 legitime
1046 3813 1223 3900 saeciones,
1243 3819 1274 3878 et
1291 3833 1356 3878 non
1383 3811 1482 3876 leuis

338 3914 539 3981 auctoritatis
556 3915 659 3982 tocius
678 3917 781 3999 Regni
799 3920 910 4005 nostri,
944 3927 980 3986 ut
1005 3921 1216 4007 premisimus,
1252 3941 1321 3986 mos
1350 3919 1480 4004 uulga-

339 4027 400 4083 tus.
417 4018 459 4084 Vt
475 4025 582 4086 autem
594 4021 635 4087 de
651 4023 769 4101 leodic,
781 4028 889 4112 curijs,
907 4029 1000 4112 areis,
1019 4049 1076 4095 seu
1092 4025 1228 4112 edifioiJs
1244 4013 1483 4112 predictarum

338 4124 572 4207 strigoniensis
590 4139 622 4193 et
632 4129 742 4195 Sancti
760 4129 883 4198 Thome
900 4134 1118 4201 Reclesiarum
1132 4135 1264 4220 mansis,
1279 4133 1484 4201 mansiona-

339 4231 406 4319 rijs,
424 4253 481 4299 seu
497 4235 655 4322 iukylinis
671 4237 759 4304 intre
775 4225 932 4307 fossatum
951 4241 1184 4325 Strigoniensis
1204 4241 1354 4308 Ciuitatis
1386 4245 1485 4321 exis-

337 4340 486 4426 tentibus,
503 4359 599 4424 super
617 4343 732 4426 quibus
759 4346 852 4412 nobis
880 4349 1124 4416 sentencialiter·
1151 4349 1369 4415 indicentibus
1404 4372 1487 4436 pro-

336 4447 403 4512 uidi
419 4453 450 4512 et
467 4448 598 4515 discreti
617 4451 688 4536 viri,
708 4453 866 4536 Magister·
884 4453 1066 4542 Cyprianus
1082 4459 1199 4524 Lector
1215 4457 1487 4546 strigoniensis

257 4633 262 4646 Ι
336 4553 491 4644 Magister
518 4555 727 4644 Serapbynus
758 4560 944 4646 Prepesitus
969 4563 1188 4646 Posoniensis,
1216 4565 1372 4648 Magister
1406 4568 1494 4636 Wr-
