3170 5166
617 899 694 968 253.

84 1075 197 1144 [sevon
214 1079 612 1166 eomaalorszepoironak
623 1081 811 1160 itoletleoele,
828 1081 971 1168 melylyel
986 1104 1025 1148 aa
1040 1080 1111 1149 Aba
1137 1067 1228 1150 aera·-

82 1185 244 1271 zatsepbeli
262 1186 390 1252 Sardor-
407 1185 572 1253 Comeaaelr
579 1187 649 1270 fiai
659 1190 690 1251 es
710 1185 837 1272 caepae
845 1189 913 1272 fiai
926 1191 996 1254 leat
1007 1189 1230 1256 Beana-Zur·-

87 1293 179 1356 dala
210 1301 292 1357 aevu
314 1293 449 1378 foldbea
466 1301 580 1360 linteae
610 1296 819 1381 osalctlyozciat
833 1295 960 1382 telphon
976 1297 1102 1383 hupyja.
1121 1301 1217 1365 1300.

194 1486 263 1554 Nos
280 1488 395 1556 (lomes
413 1489 458 1555 st.
478 1487 656 1572 Vieejudex
674 1485 769 1556 Ourie
786 1489 910 1556 domini
935 1491 1035 1574 Regis
1062 1491 1218 1559 memorie

83 1593 351 1661 commendantes
368 1595 590 1678 significamus
606 1597 724 1680 quibus
741 1597 875 1682 expedit
889 1597 1052 1666 uniuersis
1083 1617 1213 1682 presen-

83 1700 169 1768 cium
186 1721 245 1788 per
260 1707 414 1788 tenorem,
432 1702 520 1786 quod
538 1702 584 1769 st.
602 1703 688 1771 filius
706 1703 840 1770 Comitis
865 1703 985 1788 Kriges
1012 1723 1072 1788 pro
1097 1705 1211 1771 Deme·

82 1809 159 1894 trio,
175 1808 365 1877 Alexandro
383 1816 415 1876 et
430 1811 571 1877 Nicolao
590 1810 756 1894 Magistris
787 1810 865 1897 filijs
880 1811 1015 1878 Comitis
1032 1810 1215 1878 Alexandri
1301 1857 1308 1864 -

84 1916 125 1982 de
142 1935 263 1999 genere
279 1917 352 1982 Aba
368 1915 505 1985 dominis
523 1919 602 2006 suis,
620 1923 652 1984 et
667 1917 816 1984 Andreas
830 1917 914 1984 filius
932 1917 1077 2002 Ghepani
1093 1937 1153 2003 pro
1178 1936 1214 1984 se
1331 1959 1335 1968 ·

86 2029 120 2088 et
136 2021 281 2093 Omodeo
297 2022 399 2092 tratre
414 2045 482 2110 suo,
498 2045 537 2092 ao
554 2024 680 2093 Gemite
697 2024 786 2090 Miko
812 2024 897 2092 dioto
924 2021 1066 2112 Ohurka,
1093 2023 1135 2089 ad
1160 2045 1215 2090 no

83 2135 185 2198 stram
201 2131 394 2200 aooedentes
411 2133 626 2218 personaliter
650 2133 855 2219 presenciam
881 2129 1096 2198 exhibuerunt
1120 2130 1228 2197 nobis

84 2238 293 2306 memoriales
317 2239 445 2308 litteras
470 2240 611 2326 Capituli
636 2238 806 2324 Agriensis
832 2245 1036 2306 continentes
1061 2237 1147 2303 hune
1170 2243 1212 2304 le·

85 2364 215 2410 norem:

192 2453 297 2520 Datur
312 2472 371 2537 pro
387 2452 546 2520 memoria
561 2453 622 2519 stb.
642 2450 855 2537 (kevetkezik
882 2473 920 2520 az
946 2451 1016 2537 egri
1041 2451 1215 2536 kaptalam

83 2558 151 2624 nalr
165 2562 414 2647 tlirvenylrezesi
426 2561 636 2646 bizonysaga‚
646 2560 728 2626 mint
743 2561 839 2628 alabb
856 2563 931 2630 261.
947 2581 993 2627 sz.
1008 2557 1054 2646 a.)

190 2667 259 2734 Nos
275 2667 375 2752 igitur
391 2668 471 2737 visis
489 2675 520 2734 et
535 2667 688 2753 perlectis
704 2668 821 2736 litteris
839 2667 982 2753 Capituli
998 2668 1105 2753 ipsam
1131 2664 1212 2732 diui-

82 2776 210 2843 sionem
226 2781 310 2842 terre
325 2775 589 2844 Bennazurduka
604 2781 720 2868 uoeate
737 2775 933 2842 auctoritate
948 2773 1122 2839 iudiciaria
1135 2772 1225 2838 rati«

83 2883 221 2952 ficantes
237 2891 270 2952 et
286 2887 507 2972 approbantes
535 2884 740 2969 presentibus
766 2883 918 2951 duximus
944 2879 1212 2948 confirmandam.

81 2989 204 3057 Datum
221 2990 314 3057 Bnde
329 2991 465 3076 septimo
484 2989 537 3056 die
562 2989 798 3074 quindenarum
824 2987 1014 3054 Natiuitatis
1039 2987 1134 3053 Beati
1159 2987 1225 3052 Jo-·

82 3096 205 3164 hannis
221 3098 370 3185 Baptiste
385 3118 471 3167 auno
481 3095 615 3163 Domini
629 3094 757 3163 M⁰OCO
765 3108 783 3162 ⁰.

83 3291 223 3360 OEredetie
237 3294 412 3363 bllrhirtytn,
426 3310 442 3346 a
455 3291 533 3348 hatul
555 3296 605 3347 oda
627 3299 751 3361 nyomott
773 3290 920 3361 peesltnuk
942 3283 1080 3346 tiredeke
1098 3301 1225 3354 maguam
1302 3271 1305 3281 ’

341 3385 420 3451 m6g3
445 3385 558 3437 sbudai
567 3387 618 3437 kir.
633 3387 754 3437 lamanai
766 3379 961 3448 levilttrban.)
