3112 5158
570 311 729 410 jo*

87 499 257 584 sexaginta
272 521 401 571 mareas
417 502 646 590 superaddidit
663 509 694 572 et
709 503 865 589 perdoluit
880 523 990 571 coram
1000 503 1106 573 nobis.
1116 504 1204 572 Obli-

87 615 199 690 gantos
214 632 252 679 se
267 619 376 699 partes
393 620 504 682 mutuo
521 613 659 681 inuicem
676 633 775 699 super
791 615 887 682 terris
902 614 1079 698 prenotatis
1095 616 1137 680 ab
1148 635 1213 681 om·

88 715 178 784 uibus
192 719 342 806 inpetere
356 721 541 790 volentibus
559 719 749 790 defensuros
765 722 909 808 proprijs
926 721 1094 788 laboribus
1110 727 1142 786 et
1160 740 1213 786 ex-

87 825 204 906 pensis.
222 828 260 894 In
277 828 368 897 cuius
384 830 431 896 rei
447 830 634 898 memoriam
651 836 909 915 perpetuamque
933 829 1120 897 firmitatem
1145 849 1215 914 pre·

87 939 191 1002 sentes
208 937 427 1006 concessimus
442 938 569 1007 litteras
584 938 684 1023 sigilli
701 939 806 1006 nostri
830 938 1010 1006 munimine
1033 940 1214 1006 roboratas.

88 1040 202 1108 Datum
220 1037 256 1108 in'
270 1045 395 1112 octauis
410 1047 587 1114 Beatorum
603 1046 691 1112 Petri
708 1053 740 1113 et
755 1045 852 1112 Pauli
878 1045 1103 1132 Apostolorum
1130 1065 1215 1112 anuo

88 1149 212 1216 Domini
227 1151 347 1218 Μ’(ΒΟ0
363 1154 573 1237 nonagesimo
588 1155 742 1222 secundo.
760 1155 900 1222 Domino
915 1152 1080 1221 Anthonio
1096 1153 1218 1238 Prepo·
1267 1209 1276 1222 .

88 1256 157 1343 sito,
173 1257 340 1342 Stephano
349 1259 495 1345 Lactora,
506 1259 598 1326 Iwan
609 1261 759 1348 (lantone,
769 1261 907 1330 Martino
919 1259 1058 1329 Custode
1068 1258 1216 1326 Ecclesie

89 1369 192 1429 nostre
207 1364 374 1449 Magistris
403 1368 628 1436 existentibus.

90 1559 230 1625 (Eredetia,
245 1560 420 1633 bdrhdrtytm
434 1571 540 1618 ardrds
554 1564 783 1631 aelyemasindron
796 1567 905 1632 stlggbtt
918 1563 1011 1632 peccet
1023 1565 1172 1629 elveeaett;
1197 1582 1215 1618 a

406 1654 491 1705 budai
500 1653 553 1705 kir.
569 1655 694 1706 kamarai
707 1650 898 1721 lereltutrbau.)
1011 1688 1015 1697 ·

610 2469 665 2537 66.

91 2667 262 2731 Auorodm'
277 2665 499 2752 leptolooook
524 2664 796 2752 bobooyodplovelo,
811 2667 895 2752 hopy
921 2667 1012 2732 Peter
1036 2689 1135 2732 comes
1159 2668 1218 2732 Ite·
1302 2657 1306 2668 “

90 2775 261 2856 owmtrflc,
279 2777 310 2839 ca
330 2772 465 2839 Oukou-i
481 2775 616 2860 Moukpa
632 2798 741 2856 cocum,
757 2775 908 2862 bizooyoa
927 2799 1021 2864 porea
1047 2785 1142 2862 iipyot
1165 2775 1218 2841 ba·

406 2887 598 2968 rutrodporao
615 2883 789 2949 diorte'ztelo.
807 2883 903 2950 1292.

197 3079 263 3145 Nos
289 3076 474 3163 Capitulum
500 3076 647 3146 Ecclesia
673 3077 786 3144 Sancti
811 3078 994 3166 Myobaelis
1021 3077 1218 3160 Archangeli

89 3183 130 3250 de
147 3177 261 3253 (lesbo
280 3187 401 3252 Ferreo
418 3189 529 3251 notum
548 3183 685 3251 facimus
712 3190 826 3254 tenore
857 3185 1062 3272 presencium
1089 3185 1215 3253 uniuer-

89 3291 145 3376 sis,
161 3293 248 3374 quod
266 3293 382 3360 Comes
398 3292 513 3360 Petrus
529 3293 616 3360 iilius
641 3295 786 3378 [temerij
815 3293 857 3360 ab
882 3313 949 3361 rua
974 3299 1077 3381 parte,
1104 3293 1219 3362 Comes

87 3397 223 3486 biarbys
239 3400 282 3468 de
299 3399 413 3468 Oukou
430 3399 472 3466 ab
490 3400 595 3467 altera
610 3421 719 3467 coram
735 3401 830 3468 uobis
862 3398 1081 3486 personaliter
1098 3402 1218 3469 consti-

86 3508 146 3571 tuti
163 3507 352 3594 recitarunt,
369 3509 453 3592 quod
470 3528 540 3575 cum
558 3508 644 3576 idem
662 3509 776 3576 Comes
793 3510 907 3576 Petrus
924 3510 1030 3594 ipsum
1057 3508 1215 3576 Comitem

87 3613 224 3701 Markys
242 3615 285 3680 ad
303 3617 501 3699 presenciam
519 3614 641 3683 domini
668 3615 798 3684 Nicolai
825 3615 972 3684 Palatini
999 3612 1111 3682 ordine
1130 3615 1219 3701 jndi-

86 3721 189 3788 ciario
214 3730 382 3803 caecasset
406 3724 439 3789 in
465 3723 551 3791 iacto
578 3723 748 3791 cniusdam
773 3731 866 3808 terre,
894 3743 956 3808 que
982 3743 1003 3788 a
1028 3723 1160 3790 Harena
1187 3730 1219 3789 et

88 3827 186 3913 (iuge
201 3830 243 3897 de
259 3830 481 3917 propinquiori
497 3831 585 3898 linea
601 3829 896 3915 consanguinitatis
914 3830 1051 3897 Comitis
1075 3829 1217 3913 Itemerij

86 3935 363 4004 descendentibus
380 3938 443 4024 ipsi
460 3938 579 4006 Gomiti
596 3938 731 4024 Markys
748 3943 952 4022 prouenerat‚
969 3937 1090 4022 etipsa
1117 3953 1219 4004 causa

86 4042 172 4109 inter
189 4051 296 4130 partes
315 4045 520 4129 aliquamdiu
537 4045 651 4114 fuisset
668 4045 846 4112 ventilata:
862 4045 995 4112 tandem
1011 4050 1121 4130 partes
1148 4063 1218 4129 pro-

84 4156 159 4236 pter
187 4151 305 4218 bonum
338 4153 428 4238 pacis
451 4154 544 4220 iuxta
568 4152 766 4220 sentenciam
793 4156 826 4216 et
851 4151 1020 4218 arbitrium
1046 4151 1218 4236 proborum

85 4259 230 4326 virorum
245 4261 279 4326 in
295 4259 394 4326 talem
411 4261 502 4346 pacis
518 4268 550 4328 et
565 4259 734 4328 concordie
750 4259 875 4326 titulum
893 4258 1113 4345 deuenerunt3
1132 4258 1219 4343 quod

84 4367 290 4454 proscriptus
307 4367 421 4436 Comes
437 4368 573 4456 Markys
590 4367 729 4454 receptis
756 4374 880 4452 septem
906 4367 1024 4432 marcis
1051 4387 1070 4431 a
1098 4365 1221 4433 Gemite

85 4475 189 4542 Petro
207 4475 336 4558 reliquit
361 4476 466 4562 ipsam
493 4483 623 4560 terram,
648 4475 780 4541 racione
805 4474 897 4539 cuius
922 4473 1082 4555 agebatur·
1110 4479 1221 4538 contra

84 4583 210 4668 ipsum,
228 4582 346 4652 Comiti
362 4583 459 4652 Petro
470 4585 668 4671 supradicto,
684 4590 752 4651 tam
763 4601 820 4667 per
830 4581 936 4664 ipsum
952 4597 1049 4663 quam
1064 4599 1123 4664 per
1139 4599 1217 4648 suos
