3098 5172
104 1179 220 1249 Mittor
236 1179 409 1246 adderaode
435 1181 708 1265 dizonysdpdeoele‚
734 1186 816 1270 dopy
843 1183 994 1248 Istociaes
1020 1184 1139 1252 Mittor
1157 1184 1232 1272 Apo

103 1289 161 1353 don
169 1291 250 1374 fiai,
269 1289 417 1376 Bratoey
432 1295 515 1352 nevit
531 1287 714 1353 birtoleukat
743 1289 848 1356 Ochae
859 1293 1016 1356 cemesnde
1041 1295 1232 1380 dteoqedtek.

610 1394 707 1461 1295.

204 1554 275 1622 Nos
298 1555 339 1624 N.
353 1555 534 1644 Palatinus,
552 1557 668 1624 Comes
685 1556 912 1646 symigiensis,
929 1557 1092 1648 Albensis,
1118 1569 1149 1628 et
1173 1565 1229 1632 Ju-

102 1649 161 1720 dex
172 1655 392 1731 Cumanorum
408 1661 730 1750 tenorepreseneium
747 1671 967 1750 protestamur
982 1665 1228 1750 singnifioantes

104 1766 281 1836 rniuersis:
297 1771 385 1856 qnod
401 1773 587 1858 Stephanus
605 1772 691 1839 tilius
707 1773 781 1858 Apo
795 1773 879 1840 Bani
896 1791 954 1858 pro
970 1793 1005 1840 se
1021 1781 1053 1840 et
1068 1775 1227 1843 Nioholao

101 1873 196 1943 fratre
212 1898 274 1946 sno
290 1897 400 1946 eoram
424 1881 520 1950 nobis
538 1880 753 1968 personaliter
768 1879 962 1948 constitutus
979 1875 1143 1950 condensus
1169 1891 1225 1966 est,

102 1983 263 2066 quandam
279 1987 518 2072 possessionem
535 1988 676 2074 ipsorum
693 1989 836 2076 Bratuey
852 1997 1011 2076 uocatam,
1028 1990 1070 2056 ob
1085 2009 1226 2070 amorem

101 2089 284 2160 dileccionis
301 2095 518 2180 proximitatis
534 2104 565 2163 et
576 2097 711 2163 raeione
725 2115 941 2181 expensarum
952 2117 991 2163 an
1001 2097 1227 2207 dampnorum,

99 2219 174 2282 quas
190 2208 223 2268 et
240 2220 303 2286 qne
318 2201 433 2271 Comes
449 2202 559 2271 Oohuz
575 2209 733 2288 cognatus
755 2223 865 2269 eorum
895 2224 953 2288 pro
983 2203 1064 2287 ipsis
1081 2213 1129 2271 est
1154 2227 1226 2290 per·

100 2326 221 2394 pessus,
240 2309 346 2377 eidem
363 2310 480 2378 Oomiti
504 2310 613 2378 Oehnz
641 2315 673 2377 et
688 2311 756 2378 suis
773 2309 947 2378 heredibus
963 2316 1117 2397 perpetuo
1134 2320 1164 2380 et
1181 2313 1227 2380 in·

98 2416 320 2484 resonabiliter
335 2415 564 2504 possidendam
577 2417 763 2484 eontulisse.
780 2419 900 2484 Datum
917 2418 950 2483 in
967 2416 1094 2502 Segosd
1111 2438 1226 2486 seeun-

98 2523 136 2589 do
153 2525 204 2592 die
225 2523 461 2607 quindenarum
482 2528 691 2594 Pentecostes
707 2545 792 2592 anno
807 2525 938 2592 Domini
954 2525 1074 2592 Μθθῦ0
1086 2545 1226 2610 nonage-

97 2630 174 2699 simo
190 2630 314 2719 quinto.

95 2791 416 2862 OEredetiobdrhdrtydn,
439 2794 545 2862 melyen
566 2793 675 2848 ahitul
699 2794 751 2848 oda
774 2803 901 2862 nyomott
920 2791 1066 2864 poosdtneir
1088 2791 1215 2852 toreddke

324 2901 441 2954 magram
452 2905 458 2950 ς
472 2902 489 2938 a
501 2885 583 2939 bndai
595 2887 647 2938 kir.
671 2886 795 2940 kamarai
808 2885 994 2954 lerditdrbsn.)

553 3171 764 3186 *om-n·-

87 3885 240 3956 Lodmadr
254 3891 442 3976 eaeterpama‘
457 3891 546 3957 desole
563 3915 601 3956 az
617 3887 805 3976 osztonpamo’
819 3885 1048 3973 ko'ptaloonak
1064 3885 1127 3951 oda
1143 3884 1215 3951 itdlt‘

87 4021 107 4062 a
124 3998 245 4064 Miletos
260 3999 444 4094 aazteoqami
456 3999 579 4084 polyer·
605 3999 690 4064 ettad
715 4019 752 4060 az
777 3996 963 4082 eaeterparai
988 4017 1029 4061 az.
1056 3993 1215 4058 Domodeos

281 4109 414 4194 epyddzi
428 4107 604 4173 keritletben
621 4106 773 4194 :edfoplalt
780 4105 897 4192 selden.
916 4104 1012 4171 1295.

191 4305 315 4372 Damus
331 4323 390 4390 pro
406 4301 571 4389 memoria,
589 4297 675 4386 quod
694 4319 766 4368 enm
794 4299 927 4369 disereti
951 4297 1025 4386 viri,
1042 4296 1211 4366 karissimi

81 4406 112 4472 in
129 4407 269 4479 Domino
286 4409 403 4480 iratres
419 4411 528 4494 nostri,
547 4410 705 4493 Magister
720 4407 869 4475 Thomas
894 4405 1087 4492 Propositus
1103 4411 1136 4471 et
1150 4403 1211 4472 Oa·

81 4515 219 4600 pitninm
236 4517 383 4610 Eoolesie
399 4523 513 4586 nostro
537 4514 792 4601 strigoniensis,
810 4531 909 4600 super
933 4514 1022 4580 santo
1040 4512 1211 4579 uerborum

79 4631 110 4692 et
126 4623 295 4694 uulnerum
318 4627 526 4713 iobagionum
546 4645 693 4713 suornm,
709 4621 843 4709 Maiyna
859 4619 985 4688 seiiieet
1001 4617 1117 4707 villici,
1135 4614 1210 4704 Ohy
