<?xml version="1.0" encoding="UTF-8"?>
<!DOCTYPE html PUBLIC "-//W3C//DTD XHTML 1.0 Transitional//EN"
    "http://www.w3.org/TR/xhtml1/DTD/xhtml1-transitional.dtd">
<html xmlns="http://www.w3.org/1999/xhtml" xml:lang="en" lang="en">
 <head>
  <title>
</title>
<meta http-equiv="Content-Type" content="text/html;charset=utf-8" />
  <meta name='ocr-system' content='tesseract 3.04.00' />
  <meta name='ocr-capabilities' content='ocr_page ocr_carea ocr_par ocr_line ocrx_word'/>
</head>
<body>
  <div class='ocr_page' id='page_1' title='image "./codexdiplomatic19wenzgoog_0159.png"; bbox 0 0 3112 5158; ppageno 0'>
   <div class='ocr_carea' id='block_1_1' title="bbox 625 237 784 334">
    <p class='ocr_par' dir='ltr' id='par_1_1' title="bbox 625 237 784 334">
     <span class='ocr_line' id='line_1_1' title="bbox 625 237 784 334; baseline 0 -34"><span class='ocrx_word' id='word_1_1' title='bbox 625 237 784 334; x_wconf 58' lang='lat' dir='ltr'>„ffl-</span> 
     </span>
    </p>
   </div>
   <div class='ocr_carea' id='block_1_2' title="bbox 30 427 1269 4604">
    <p class='ocr_par' dir='ltr' id='par_1_2' title="bbox 30 427 1269 1054">
     <span class='ocr_line' id='line_1_2' title="bbox 137 427 1266 508; baseline -0.005 -10"><span class='ocrx_word' id='word_1_2' title='bbox 137 432 198 498; x_wconf 88' lang='lat' dir='ltr'>bis.</span> <span class='ocrx_word' id='word_1_3' title='bbox 216 429 279 508; x_wconf 85' lang='lat' dir='ltr'>Qui</span> <span class='ocrx_word' id='word_1_4' title='bbox 307 428 436 499; x_wconf 87' lang='lat' dir='ltr'>demum</span> <span class='ocrx_word' id='word_1_5' title='bbox 462 430 504 496; x_wconf 88' lang='lat' dir='ltr'>ad</span> <span class='ocrx_word' id='word_1_6' title='bbox 530 451 589 496; x_wconf 86' lang='lat' dir='ltr'>nos</span> <span class='ocrx_word' id='word_1_7' title='bbox 615 429 737 497; x_wconf 88' lang='lat' dir='ltr'>reuersi</span> <span class='ocrx_word' id='word_1_8' title='bbox 764 431 978 498; x_wconf 89' lang='lat' dir='ltr'>communiter</span> <span class='ocrx_word' id='word_1_9' title='bbox 1003 437 1035 496; x_wconf 88' lang='lat' dir='ltr'>et</span> <span class='ocrx_word' id='word_1_10' title='bbox 1060 427 1266 496; x_wconf 88' lang='lat' dir='ltr'>concorditer</span> 
     </span>
     <span class='ocr_line' id='line_1_3' title="bbox 34 537 1266 638; baseline -0.002 -32"><span class='ocrx_word' id='word_1_11' title='bbox 34 573 37 638; x_wconf 50' lang='lat' dir='ltr'>p</span> <span class='ocrx_word' id='word_1_12' title='bbox 134 539 323 624; x_wconf 87' lang='lat' dir='ltr'>retulerunt,</span> <span class='ocrx_word' id='word_1_13' title='bbox 339 543 376 604; x_wconf 89' lang='lat' dir='ltr'>ut</span> <span class='ocrx_word' id='word_1_14' title='bbox 391 545 512 604; x_wconf 90' lang='lat' dir='ltr'>terram</span> <span class='ocrx_word' id='word_1_15' title='bbox 531 537 676 624; x_wconf 87' lang='lat' dir='ltr'>ipsorum</span> <span class='ocrx_word' id='word_1_16' title='bbox 692 537 793 623; x_wconf 83' lang='lat' dir='ltr'>Myka</span> <span class='ocrx_word' id='word_1_17' title='bbox 819 543 851 606; x_wconf 89' lang='lat' dir='ltr'>et</span> <span class='ocrx_word' id='word_1_18' title='bbox 875 537 1011 606; x_wconf 76' lang='lat' dir='ltr'><strong>fratrum</strong></span> <span class='ocrx_word' id='word_1_19' title='bbox 1038 557 1168 604; x_wconf 88' lang='lat' dir='ltr'>suornm</span> <span class='ocrx_word' id='word_1_20' title='bbox 1197 557 1266 622; x_wconf 90' lang='lat' dir='ltr'>pre·</span> 
     </span>
     <span class='ocr_line' id='line_1_4' title="bbox 137 643 1269 728; baseline 0 -18"><span class='ocrx_word' id='word_1_21' title='bbox 137 645 295 712; x_wconf 91' lang='lat' dir='ltr'>dictorum</span> <span class='ocrx_word' id='word_1_22' title='bbox 310 646 396 714; x_wconf 88' lang='lat' dir='ltr'>inter</span> <span class='ocrx_word' id='word_1_23' title='bbox 419 646 536 713; x_wconf 85' lang='lat' dir='ltr'>fluuios</span> <span class='ocrx_word' id='word_1_24' title='bbox 552 645 743 714; x_wconf 86' lang='lat' dir='ltr'>Waranista</span> <span class='ocrx_word' id='word_1_25' title='bbox 771 651 803 712; x_wconf 89' lang='lat' dir='ltr'>et</span> <span class='ocrx_word' id='word_1_26' title='bbox 832 645 984 713; x_wconf 90' lang='lat' dir='ltr'>Lococha</span> <span class='ocrx_word' id='word_1_27' title='bbox 1010 643 1211 728; x_wconf 80' lang='lat' dir='ltr'>existentem,</span> <span class='ocrx_word' id='word_1_28' title='bbox 1237 651 1269 712; x_wconf 87' lang='lat' dir='ltr'>et</span> 
     </span>
     <span class='ocr_line' id='line_1_5' title="bbox 32 738 1261 838; baseline 0 -20"><span class='ocrx_word' id='word_1_29' title='bbox 32 738 33 746; x_wconf 9' lang='grc' dir='ltr'>ἵ</span> <span class='ocrx_word' id='word_1_30' title='bbox 133 753 240 838; x_wconf 82' lang='lat' dir='ltr'>ipsum</span> <span class='ocrx_word' id='word_1_31' title='bbox 255 753 451 838; x_wconf 82' lang='lat' dir='ltr'>particulam</span> <span class='ocrx_word' id='word_1_32' title='bbox 478 759 562 819; x_wconf 88' lang='lat' dir='ltr'>terre</span> <span class='ocrx_word' id='word_1_33' title='bbox 587 753 679 820; x_wconf 82' lang='lat' dir='ltr'>iuxta</span> <span class='ocrx_word' id='word_1_34' title='bbox 704 755 856 837; x_wconf 89' lang='lat' dir='ltr'>ryuulum</span> <span class='ocrx_word' id='word_1_35' title='bbox 871 753 1042 821; x_wconf 87' lang='lat' dir='ltr'>Heberche</span> <span class='ocrx_word' id='word_1_36' title='bbox 1057 752 1261 834; x_wconf 80' lang='lat' dir='ltr'>existentem,</span> 
     </span>
     <span class='ocr_line' id='line_1_6' title="bbox 30 859 1257 947; baseline -0.001 -22"><span class='ocrx_word' id='word_1_37' title='bbox 30 903 31 916; x_wconf 55' lang='lat'>,</span> <span class='ocrx_word' id='word_1_38' title='bbox 135 859 282 946; x_wconf 89' lang='lat' dir='ltr'>predicte</span> <span class='ocrx_word' id='word_1_39' title='bbox 298 867 383 927; x_wconf 88' lang='lat' dir='ltr'>terre</span> <span class='ocrx_word' id='word_1_40' title='bbox 399 859 542 946; x_wconf 88' lang='lat' dir='ltr'>ipsorum</span> <span class='ocrx_word' id='word_1_41' title='bbox 569 859 765 947; x_wconf 81' lang='lat' dir='ltr'>contiguam,</span> <span class='ocrx_word' id='word_1_42' title='bbox 793 867 826 928; x_wconf 89' lang='lat' dir='ltr'>ct</span> <span class='ocrx_word' id='word_1_43' title='bbox 850 861 885 927; x_wconf 89' lang='lat' dir='ltr'>in</span> <span class='ocrx_word' id='word_1_44' title='bbox 900 860 993 926; x_wconf 90' lang='lat' dir='ltr'>metis</span> <span class='ocrx_word' id='word_1_45' title='bbox 1019 859 1163 928; x_wconf 89' lang='lat' dir='ltr'>eiusdem</span> <span class='ocrx_word' id='word_1_46' title='bbox 1188 878 1257 926; x_wconf 91' lang='lat' dir='ltr'>con·</span> 
     </span>
     <span class='ocr_line' id='line_1_7' title="bbox 130 967 1254 1054; baseline 0 -23"><span class='ocrx_word' id='word_1_47' title='bbox 130 967 267 1054; x_wconf 85' lang='lat' dir='ltr'>elusam,</span> <span class='ocrx_word' id='word_1_48' title='bbox 281 967 490 1053; x_wconf 81' lang='lat' dir='ltr'>presentibus</span> <span class='ocrx_word' id='word_1_49' title='bbox 507 967 655 1034; x_wconf 89' lang='lat' dir='ltr'>omnibus</span> <span class='ocrx_word' id='word_1_50' title='bbox 672 967 904 1036; x_wconf 88' lang='lat' dir='ltr'>commetaneis</span> <span class='ocrx_word' id='word_1_51' title='bbox 915 975 946 1034; x_wconf 88' lang='lat' dir='ltr'>et</span> <span class='ocrx_word' id='word_1_52' title='bbox 961 967 1077 1034; x_wconf 85' lang='lat' dir='ltr'>uicinis</span> <span class='ocrx_word' id='word_1_53' title='bbox 1088 967 1254 1033; x_wconf 86' lang='lat' dir='ltr'>circueun-</span> 
     </span>
    </p>

    <p class='ocr_par' dir='ltr' id='par_1_3' title="bbox 129 1069 1263 1376">
     <span class='ocr_line' id='line_1_8' title="bbox 131 1069 1258 1161; baseline -0.002 -21"><span class='ocrx_word' id='word_1_54' title='bbox 131 1073 175 1140; x_wconf 89' lang='lat' dir='ltr'>do</span> <span class='ocrx_word' id='word_1_55' title='bbox 190 1081 223 1140; x_wconf 90' lang='lat' dir='ltr'>et</span> <span class='ocrx_word' id='word_1_56' title='bbox 239 1076 484 1161; x_wconf 86' lang='lat' dir='ltr'>reambnlando,</span> <span class='ocrx_word' id='word_1_57' title='bbox 502 1094 542 1141; x_wconf 89' lang='lat' dir='ltr'>ac</span> <span class='ocrx_word' id='word_1_58' title='bbox 558 1094 662 1142; x_wconf 87' lang='lat' dir='ltr'>nonas</span> <span class='ocrx_word' id='word_1_59' title='bbox 687 1079 791 1142; x_wconf 85' lang='lat' dir='ltr'>metas</span> <span class='ocrx_word' id='word_1_60' title='bbox 816 1073 911 1142; x_wconf 85' lang='lat' dir='ltr'>iuxta</span> <span class='ocrx_word' id='word_1_61' title='bbox 935 1081 1063 1142; x_wconf 88' lang='lat' dir='ltr'>ueteres</span> <span class='ocrx_word' id='word_1_62' title='bbox 1093 1069 1258 1158; x_wconf 84' lang='lat' dir='ltr'>erigendo,</span> 
     </span>
     <span class='ocr_line' id='line_1_9' title="bbox 129 1178 1261 1276; baseline 0.001 -29"><span class='ocrx_word' id='word_1_63' title='bbox 129 1181 300 1248; x_wconf 79' lang='lat' dir='ltr'>statuisset</span> <span class='ocrx_word' id='word_1_64' title='bbox 315 1181 401 1248; x_wconf 88' lang='lat' dir='ltr'>idem</span> <span class='ocrx_word' id='word_1_65' title='bbox 417 1183 571 1267; x_wconf 82' lang='lat' dir='ltr'>Magister</span> <span class='ocrx_word' id='word_1_66' title='bbox 587 1183 714 1276; x_wconf 84' lang='lat' dir='ltr'>Petrus,</span> <span class='ocrx_word' id='word_1_67' title='bbox 743 1188 891 1266; x_wconf 84' lang='lat' dir='ltr'>presente</span> <span class='ocrx_word' id='word_1_68' title='bbox 915 1178 1027 1248; x_wconf 89' lang='lat' dir='ltr'>eodem</span> <span class='ocrx_word' id='word_1_69' title='bbox 1052 1179 1181 1249; x_wconf 90' lang='lat' dir='ltr'>homine</span> <span class='ocrx_word' id='word_1_70' title='bbox 1207 1201 1261 1248; x_wconf 91' lang='lat' dir='ltr'>no·</span> 
     </span>
     <span class='ocr_line' id='line_1_10' title="bbox 134 1287 1263 1376; baseline 0.002 -24"><span class='ocrx_word' id='word_1_71' title='bbox 134 1293 204 1354; x_wconf 89' lang='lat' dir='ltr'>stro</span> <span class='ocrx_word' id='word_1_72' title='bbox 239 1287 303 1373; x_wconf 88' lang='lat' dir='ltr'>ipsi</span> <span class='ocrx_word' id='word_1_73' title='bbox 322 1289 438 1355; x_wconf 89' lang='lat' dir='ltr'>Comiti</span> <span class='ocrx_word' id='word_1_74' title='bbox 454 1289 565 1375; x_wconf 84' lang='lat' dir='ltr'>Myka,</span> <span class='ocrx_word' id='word_1_75' title='bbox 577 1287 755 1356; x_wconf 86' lang='lat' dir='ltr'>Benedicto</span> <span class='ocrx_word' id='word_1_76' title='bbox 764 1339 773 1374; x_wconf 91' lang='lat'>,</span> <span class='ocrx_word' id='word_1_77' title='bbox 788 1287 931 1376; x_wconf 83' lang='lat' dir='ltr'>Phylipo</span> <span class='ocrx_word' id='word_1_78' title='bbox 941 1339 950 1374; x_wconf 96' lang='lat'>,</span> <span class='ocrx_word' id='word_1_79' title='bbox 967 1289 1115 1374; x_wconf 84' lang='lat' dir='ltr'>Nycolao</span> <span class='ocrx_word' id='word_1_80' title='bbox 1125 1339 1135 1374; x_wconf 98' lang='lat'>,</span> <span class='ocrx_word' id='word_1_81' title='bbox 1157 1290 1263 1374; x_wconf 86' lang='lat' dir='ltr'>Bytou</span> 
     </span>
    </p>

    <p class='ocr_par' dir='ltr' id='par_1_4' title="bbox 121 1393 1261 2340">
     <span class='ocr_line' id='line_1_11' title="bbox 129 1393 1261 1484; baseline 0.005 -25"><span class='ocrx_word' id='word_1_82' title='bbox 129 1401 161 1460; x_wconf 88' lang='lat' dir='ltr'>et</span> <span class='ocrx_word' id='word_1_83' title='bbox 176 1393 335 1462; x_wconf 84' lang='lat' dir='ltr'>fratribus</span> <span class='ocrx_word' id='word_1_84' title='bbox 351 1415 462 1463; x_wconf 87' lang='lat' dir='ltr'>eorum</span> <span class='ocrx_word' id='word_1_85' title='bbox 479 1396 645 1484; x_wconf 78' lang='lat' dir='ltr'>predictis,</span> <span class='ocrx_word' id='word_1_86' title='bbox 661 1395 751 1462; x_wconf 90' lang='lat' dir='ltr'>nullo</span> <span class='ocrx_word' id='word_1_87' title='bbox 776 1399 908 1482; x_wconf 86' lang='lat' dir='ltr'>penitus</span> <span class='ocrx_word' id='word_1_88' title='bbox 933 1396 1171 1476; x_wconf 80' lang='lat' dir='ltr'>contradictore</span> <span class='ocrx_word' id='word_1_89' title='bbox 1197 1398 1261 1466; x_wconf 83' lang='lat' dir='ltr'>exi·</span> 
     </span>
     <span class='ocr_line' id='line_1_12' title="bbox 129 1499 1257 1591; baseline 0 -23"><span class='ocrx_word' id='word_1_90' title='bbox 129 1507 246 1569; x_wconf 88' lang='lat' dir='ltr'>stentc.</span> <span class='ocrx_word' id='word_1_91' title='bbox 279 1501 379 1570; x_wconf 78' lang='lat' dir='ltr'>Cuius</span> <span class='ocrx_word' id='word_1_92' title='bbox 411 1505 540 1588; x_wconf 88' lang='lat' dir='ltr'>quidem</span> <span class='ocrx_word' id='word_1_93' title='bbox 572 1512 656 1570; x_wconf 90' lang='lat' dir='ltr'>terre</span> <span class='ocrx_word' id='word_1_94' title='bbox 672 1511 767 1591; x_wconf 85' lang='lat' dir='ltr'>mete,</span> <span class='ocrx_word' id='word_1_95' title='bbox 778 1511 876 1588; x_wconf 89' lang='lat' dir='ltr'>prout</span> <span class='ocrx_word' id='word_1_96' title='bbox 884 1499 948 1590; x_wconf 86' lang='lat' dir='ltr'>per&#39;</span> <span class='ocrx_word' id='word_1_97' title='bbox 955 1502 1085 1570; x_wconf 88' lang='lat' dir='ltr'>eosdem</span> <span class='ocrx_word' id='word_1_98' title='bbox 1096 1503 1257 1572; x_wconf 88' lang='lat' dir='ltr'>hominem</span> 
     </span>
     <span class='ocr_line' id='line_1_13' title="bbox 130 1610 1255 1697; baseline 0.004 -23"><span class='ocrx_word' id='word_1_99' title='bbox 130 1615 273 1675; x_wconf 87' lang='lat' dir='ltr'>uestrum</span> <span class='ocrx_word' id='word_1_100' title='bbox 292 1617 324 1675; x_wconf 91' lang='lat' dir='ltr'>et</span> <span class='ocrx_word' id='word_1_101' title='bbox 339 1616 484 1678; x_wconf 88' lang='lat' dir='ltr'>nostrum</span> <span class='ocrx_word' id='word_1_102' title='bbox 503 1611 730 1697; x_wconf 77' lang='lat' dir='ltr'>comprehense</span> <span class='ocrx_word' id='word_1_103' title='bbox 761 1610 935 1678; x_wconf 88' lang='lat' dir='ltr'>extiterunt</span> <span class='ocrx_word' id='word_1_104' title='bbox 967 1616 1066 1694; x_wconf 82' lang='lat' dir='ltr'>atque</span> <span class='ocrx_word' id='word_1_105' title='bbox 1097 1610 1177 1696; x_wconf 80' lang='lat' dir='ltr'>vise,</span> <span class='ocrx_word' id='word_1_106' title='bbox 1193 1611 1255 1679; x_wconf 87' lang='lat' dir='ltr'>hoo</span> 
     </span>
     <span class='ocr_line' id='line_1_14' title="bbox 129 1715 1256 1802; baseline 0.003 -22"><span class='ocrx_word' id='word_1_107' title='bbox 129 1715 244 1782; x_wconf 90' lang='lat' dir='ltr'>ordine</span> <span class='ocrx_word' id='word_1_108' title='bbox 260 1715 497 1800; x_wconf 86' lang='lat' dir='ltr'>distinguntur:</span> <span class='ocrx_word' id='word_1_109' title='bbox 514 1718 624 1784; x_wconf 88' lang='lat' dir='ltr'>Prima</span> <span class='ocrx_word' id='word_1_110' title='bbox 640 1723 728 1783; x_wconf 86' lang='lat' dir='ltr'>mete</span> <span class='ocrx_word' id='word_1_111' title='bbox 742 1716 859 1802; x_wconf 87' lang='lat' dir='ltr'>incipit</span> <span class='ocrx_word' id='word_1_112' title='bbox 883 1738 905 1782; x_wconf 88' lang='lat' dir='ltr'>a</span> <span class='ocrx_word' id='word_1_113' title='bbox 930 1715 1029 1784; x_wconf 88' lang='lat' dir='ltr'>fluuio</span> <span class='ocrx_word' id='word_1_114' title='bbox 1046 1715 1164 1801; x_wconf 82' lang='lat' dir='ltr'>Goron,</span> <span class='ocrx_word' id='word_1_115' title='bbox 1198 1717 1256 1783; x_wconf 90' lang='lat' dir='ltr'>nbi</span> 
     </span>
     <span class='ocr_line' id='line_1_15' title="bbox 129 1820 1255 1910; baseline 0.003 -22"><span class='ocrx_word' id='word_1_116' title='bbox 129 1820 266 1904; x_wconf 88' lang='lat' dir='ltr'>quidam</span> <span class='ocrx_word' id='word_1_117' title='bbox 283 1825 429 1910; x_wconf 60' lang='lat' dir='ltr'>munius,</span> <span class='ocrx_word' id='word_1_118' title='bbox 448 1826 502 1908; x_wconf 92' lang='lat' dir='ltr'>qui</span> <span class='ocrx_word' id='word_1_119' title='bbox 520 1825 691 1892; x_wconf 89' lang='lat' dir='ltr'>Heburche</span> <span class='ocrx_word' id='word_1_120' title='bbox 705 1825 898 1910; x_wconf 85' lang='lat' dir='ltr'>nominatur,</span> <span class='ocrx_word' id='word_1_121' title='bbox 917 1823 1005 1890; x_wconf 89' lang='lat' dir='ltr'>cadit</span> <span class='ocrx_word' id='word_1_122' title='bbox 1021 1825 1054 1890; x_wconf 93' lang='lat' dir='ltr'>in</span> <span class='ocrx_word' id='word_1_123' title='bbox 1069 1824 1177 1908; x_wconf 89' lang='lat' dir='ltr'>ipsum</span> <span class='ocrx_word' id='word_1_124' title='bbox 1197 1823 1255 1891; x_wconf 90' lang='lat' dir='ltr'>flu·</span> 
     </span>
     <span class='ocr_line' id='line_1_16' title="bbox 123 1929 1256 2018; baseline 0.002 -22"><span class='ocrx_word' id='word_1_125' title='bbox 123 1929 214 1996; x_wconf 89' lang='lat' dir='ltr'>oium</span> <span class='ocrx_word' id='word_1_126' title='bbox 231 1931 393 2018; x_wconf 80' lang='lat' dir='ltr'>Geron,et</span> <span class='ocrx_word' id='word_1_127' title='bbox 404 1931 448 1997; x_wconf 91' lang='lat' dir='ltr'>ibi</span> <span class='ocrx_word' id='word_1_128' title='bbox 465 1937 540 1998; x_wconf 89' lang='lat' dir='ltr'>sunt</span> <span class='ocrx_word' id='word_1_129' title='bbox 556 1931 715 1998; x_wconf 90' lang='lat' dir='ltr'>dnemete</span> <span class='ocrx_word' id='word_1_130' title='bbox 726 1939 830 1998; x_wconf 88' lang='lat' dir='ltr'>terree</span> <span class='ocrx_word' id='word_1_131' title='bbox 841 1937 979 2017; x_wconf 89' lang='lat' dir='ltr'>ueteres,</span> <span class='ocrx_word' id='word_1_132' title='bbox 998 1937 1031 1996; x_wconf 91' lang='lat' dir='ltr'>et</span> <span class='ocrx_word' id='word_1_133' title='bbox 1041 1930 1105 1997; x_wconf 91' lang='lat' dir='ltr'>dne</span> <span class='ocrx_word' id='word_1_134' title='bbox 1114 1949 1210 2015; x_wconf 91' lang='lat' dir='ltr'>none,</span> <span class='ocrx_word' id='word_1_135' title='bbox 1221 1932 1256 1998; x_wconf 91' lang='lat' dir='ltr'>in</span> 
     </span>
     <span class='ocr_line' id='line_1_17' title="bbox 125 2018 1254 2128; baseline 0.004 -25"><span class='ocrx_word' id='word_1_136' title='bbox 125 2057 262 2119; x_wconf 84' lang='lat' dir='ltr'>querum</span> <span class='ocrx_word' id='word_1_137' title='bbox 279 2058 344 2104; x_wconf 85' lang='lat' dir='ltr'>une</span> <span class='ocrx_word' id='word_1_138' title='bbox 359 2046 411 2108; x_wconf 89' lang='lat' dir='ltr'>est</span> <span class='ocrx_word' id='word_1_139' title='bbox 433 2040 529 2106; x_wconf 88' lang='lat' dir='ltr'>arbor</span> <span class='ocrx_word' id='word_1_140' title='bbox 544 2042 652 2128; x_wconf 82' lang='lat' dir='ltr'>zylfa,</span> <span class='ocrx_word' id='word_1_141' title='bbox 687 2059 750 2124; x_wconf 88' lang='lat' dir='ltr'>que</span> <span class='ocrx_word' id='word_1_142' title='bbox 775 2040 861 2106; x_wconf 87' lang='lat' dir='ltr'>vltra</span> <span class='ocrx_word' id='word_1_143' title='bbox 887 2040 994 2123; x_wconf 87' lang='lat' dir='ltr'>ipsum</span> <span class='ocrx_word' id='word_1_144' title='bbox 1020 2037 1163 2106; x_wconf 88' lang='lat' dir='ltr'>riuulum</span> <span class='ocrx_word' id='word_1_145' title='bbox 1190 2018 1254 2108; x_wconf 65' lang='lat' dir='ltr'>lie?</span> 
     </span>
     <span class='ocr_line' id='line_1_18' title="bbox 122 2143 1248 2234; baseline 0.003 -25"><span class='ocrx_word' id='word_1_146' title='bbox 122 2145 243 2212; x_wconf 86' lang='lat' dir='ltr'>burcho</span> <span class='ocrx_word' id='word_1_147' title='bbox 258 2151 308 2213; x_wconf 88' lang='lat' dir='ltr'>est</span> <span class='ocrx_word' id='word_1_148' title='bbox 317 2195 327 2230; x_wconf 98' lang='lat'>,</span> <span class='ocrx_word' id='word_1_149' title='bbox 344 2167 408 2230; x_wconf 90' lang='lat' dir='ltr'>qne</span> <span class='ocrx_word' id='word_1_150' title='bbox 425 2147 558 2230; x_wconf 90' lang='lat' dir='ltr'>quidem</span> <span class='ocrx_word' id='word_1_151' title='bbox 577 2154 708 2234; x_wconf 84' lang='lat' dir='ltr'>separet</span> <span class='ocrx_word' id='word_1_152' title='bbox 723 2168 744 2214; x_wconf 91' lang='lat' dir='ltr'>a</span> <span class='ocrx_word' id='word_1_153' title='bbox 759 2153 848 2214; x_wconf 88' lang='lat' dir='ltr'>terra</span> <span class='ocrx_word' id='word_1_154' title='bbox 864 2147 1004 2214; x_wconf 84' lang='lat' dir='ltr'>filiornm</span> <span class='ocrx_word' id='word_1_155' title='bbox 1031 2145 1142 2230; x_wconf 73' lang='lat' dir='ltr'>Sauli,</span> <span class='ocrx_word' id='word_1_156' title='bbox 1170 2143 1248 2212; x_wconf 89' lang='lat' dir='ltr'>inde</span> 
     </span>
     <span class='ocr_line' id='line_1_19' title="bbox 121 2253 1248 2340; baseline 0.001 -23"><span class='ocrx_word' id='word_1_157' title='bbox 121 2253 272 2319; x_wconf 86' lang='lat' dir='ltr'>aseendit</span> <span class='ocrx_word' id='word_1_158' title='bbox 289 2253 412 2322; x_wconf 85' lang='lat' dir='ltr'>directe</span> <span class='ocrx_word' id='word_1_159' title='bbox 428 2275 487 2340; x_wconf 89' lang='lat' dir='ltr'>per</span> <span class='ocrx_word' id='word_1_160' title='bbox 503 2257 641 2322; x_wconf 87' lang='lat' dir='ltr'>eundem</span> <span class='ocrx_word' id='word_1_161' title='bbox 659 2255 801 2322; x_wconf 75' lang='lat' dir='ltr'>munium</span> <span class='ocrx_word' id='word_1_162' title='bbox 817 2253 1007 2340; x_wconf 86' lang='lat' dir='ltr'>Hebnrche,</span> <span class='ocrx_word' id='word_1_163' title='bbox 1033 2259 1066 2320; x_wconf 88' lang='lat' dir='ltr'>et</span> <span class='ocrx_word' id='word_1_164' title='bbox 1096 2253 1248 2339; x_wconf 87' lang='lat' dir='ltr'>peruenit</span> 
     </span>
    </p>

    <p class='ocr_par' dir='ltr' id='par_1_5' title="bbox 113 2359 1252 3420">
     <span class='ocr_line' id='line_1_20' title="bbox 122 2359 1252 2449; baseline 0.001 -25"><span class='ocrx_word' id='word_1_165' title='bbox 122 2359 164 2425; x_wconf 83' lang='lat' dir='ltr'>ad</span> <span class='ocrx_word' id='word_1_166' title='bbox 180 2360 264 2426; x_wconf 85' lang='lat' dir='ltr'>dues</span> <span class='ocrx_word' id='word_1_167' title='bbox 280 2367 386 2428; x_wconf 89' lang='lat' dir='ltr'>metas</span> <span class='ocrx_word' id='word_1_168' title='bbox 403 2369 526 2430; x_wconf 82' lang='lat' dir='ltr'>terreas</span> <span class='ocrx_word' id='word_1_169' title='bbox 544 2369 689 2448; x_wconf 85' lang='lat' dir='ltr'>veteres,</span> <span class='ocrx_word' id='word_1_170' title='bbox 707 2363 741 2430; x_wconf 92' lang='lat' dir='ltr'>in</span> <span class='ocrx_word' id='word_1_171' title='bbox 758 2383 895 2445; x_wconf 88' lang='lat' dir='ltr'>quarum</span> <span class='ocrx_word' id='word_1_172' title='bbox 907 2381 972 2429; x_wconf 88' lang='lat' dir='ltr'>una</span> <span class='ocrx_word' id='word_1_173' title='bbox 987 2366 1037 2430; x_wconf 91' lang='lat' dir='ltr'>est</span> <span class='ocrx_word' id='word_1_174' title='bbox 1048 2363 1145 2428; x_wconf 78' lang='lat' dir='ltr'>arbor</span> <span class='ocrx_word' id='word_1_175' title='bbox 1154 2385 1252 2449; x_wconf 72' lang='lat' dir='ltr'>ppar-</span> 
     </span>
     <span class='ocr_line' id='line_1_21' title="bbox 122 2469 1249 2557; baseline 0.002 -23"><span class='ocrx_word' id='word_1_176' title='bbox 122 2469 261 2556; x_wconf 77' lang='lat' dir='ltr'>tyaasu,</span> <span class='ocrx_word' id='word_1_177' title='bbox 284 2475 318 2535; x_wconf 87' lang='lat' dir='ltr'>et</span> <span class='ocrx_word' id='word_1_178' title='bbox 334 2469 416 2536; x_wconf 85' lang='lat' dir='ltr'>duas</span> <span class='ocrx_word' id='word_1_179' title='bbox 433 2477 538 2538; x_wconf 85' lang='lat' dir='ltr'>metas</span> <span class='ocrx_word' id='word_1_180' title='bbox 553 2491 657 2538; x_wconf 86' lang='lat' dir='ltr'>nouas</span> <span class='ocrx_word' id='word_1_181' title='bbox 675 2491 717 2538; x_wconf 88' lang='lat' dir='ltr'>ex</span> <span class='ocrx_word' id='word_1_182' title='bbox 742 2477 877 2554; x_wconf 88' lang='lat' dir='ltr'>utraque</span> <span class='ocrx_word' id='word_1_183' title='bbox 903 2475 996 2557; x_wconf 88' lang='lat' dir='ltr'>parte</span> <span class='ocrx_word' id='word_1_184' title='bbox 1022 2469 1126 2556; x_wconf 89' lang='lat' dir='ltr'>ipsius</span> <span class='ocrx_word' id='word_1_185' title='bbox 1152 2469 1249 2536; x_wconf 89' lang='lat' dir='ltr'>riuuli</span> 
     </span>
     <span class='ocr_line' id='line_1_22' title="bbox 119 2575 1246 2667; baseline 0.003 -28"><span class='ocrx_word' id='word_1_186' title='bbox 119 2583 253 2659; x_wconf 86' lang='lat' dir='ltr'>erectas,</span> <span class='ocrx_word' id='word_1_187' title='bbox 273 2577 307 2641; x_wconf 94' lang='lat' dir='ltr'>in</span> <span class='ocrx_word' id='word_1_188' title='bbox 325 2595 461 2660; x_wconf 86' lang='lat' dir='ltr'>quarum</span> <span class='ocrx_word' id='word_1_189' title='bbox 476 2597 542 2644; x_wconf 89' lang='lat' dir='ltr'>nna</span> <span class='ocrx_word' id='word_1_190' title='bbox 558 2584 608 2646; x_wconf 89' lang='lat' dir='ltr'>est</span> <span class='ocrx_word' id='word_1_191' title='bbox 623 2580 723 2667; x_wconf 74' lang='lat' dir='ltr'>epifa,</span> <span class='ocrx_word' id='word_1_192' title='bbox 741 2598 803 2663; x_wconf 87' lang='lat' dir='ltr'>qne</span> <span class='ocrx_word' id='word_1_193' title='bbox 818 2584 973 2664; x_wconf 86' lang='lat' dir='ltr'>separant</span> <span class='ocrx_word' id='word_1_194' title='bbox 988 2599 1009 2643; x_wconf 89' lang='lat' dir='ltr'>a</span> <span class='ocrx_word' id='word_1_195' title='bbox 1025 2576 1112 2644; x_wconf 87' lang='lat' dir='ltr'>silua</span> <span class='ocrx_word' id='word_1_196' title='bbox 1131 2575 1246 2660; x_wconf 84' lang='lat' dir='ltr'>Regali</span> 
     </span>
     <span class='ocr_line' id='line_1_23' title="bbox 118 2684 1250 2773; baseline 0.004 -28"><span class='ocrx_word' id='word_1_197' title='bbox 118 2691 250 2766; x_wconf 87' lang='lat' dir='ltr'>aparte</span> <span class='ocrx_word' id='word_1_198' title='bbox 274 2685 550 2770; x_wconf 78' lang='lat' dir='ltr'>septemtrionali,</span> <span class='ocrx_word' id='word_1_199' title='bbox 583 2686 701 2754; x_wconf 89' lang='lat' dir='ltr'>deinde</span> <span class='ocrx_word' id='word_1_200' title='bbox 733 2705 792 2770; x_wconf 87' lang='lat' dir='ltr'>per</span> <span class='ocrx_word' id='word_1_201' title='bbox 822 2688 930 2773; x_wconf 92' lang='lat' dir='ltr'>ipsum</span> <span class='ocrx_word' id='word_1_202' title='bbox 947 2684 1097 2770; x_wconf 85' lang='lat' dir='ltr'>ryuulum</span> <span class='ocrx_word' id='word_1_203' title='bbox 1127 2684 1250 2750; x_wconf 88' lang='lat' dir='ltr'>Hebur·</span> 
     </span>
     <span class='ocr_line' id='line_1_24' title="bbox 114 2788 1246 2880; baseline 0.004 -27"><span class='ocrx_word' id='word_1_204' title='bbox 114 2788 173 2855; x_wconf 87' lang='lat' dir='ltr'>che</span> <span class='ocrx_word' id='word_1_205' title='bbox 204 2788 329 2856; x_wconf 87' lang='lat' dir='ltr'>directe</span> <span class='ocrx_word' id='word_1_206' title='bbox 359 2792 584 2858; x_wconf 85' lang='lat' dir='ltr'>asscendendo</span> <span class='ocrx_word' id='word_1_207' title='bbox 616 2795 768 2878; x_wconf 90' lang='lat' dir='ltr'>peruenit</span> <span class='ocrx_word' id='word_1_208' title='bbox 799 2793 841 2862; x_wconf 89' lang='lat' dir='ltr'>ad</span> <span class='ocrx_word' id='word_1_209' title='bbox 873 2797 973 2878; x_wconf 87' lang='lat' dir='ltr'>caput</span> <span class='ocrx_word' id='word_1_210' title='bbox 1004 2793 1108 2880; x_wconf 90' lang='lat' dir='ltr'>ipsius</span> <span class='ocrx_word' id='word_1_211' title='bbox 1135 2792 1246 2880; x_wconf 83' lang='lat' dir='ltr'>ryuuli</span> 
     </span>
     <span class='ocr_line' id='line_1_25' title="bbox 118 2896 1251 2988; baseline 0.005 -28"><span class='ocrx_word' id='word_1_212' title='bbox 118 2896 303 2980; x_wconf 87' lang='lat' dir='ltr'>Heburche,</span> <span class='ocrx_word' id='word_1_213' title='bbox 320 2905 352 2964; x_wconf 91' lang='lat' dir='ltr'>et</span> <span class='ocrx_word' id='word_1_214' title='bbox 367 2899 412 2966; x_wconf 94' lang='lat' dir='ltr'>ibi</span> <span class='ocrx_word' id='word_1_215' title='bbox 430 2907 480 2967; x_wconf 90' lang='lat' dir='ltr'>est</span> <span class='ocrx_word' id='word_1_216' title='bbox 496 2922 562 2967; x_wconf 88' lang='lat' dir='ltr'>uno</span> <span class='ocrx_word' id='word_1_217' title='bbox 577 2904 674 2968; x_wconf 86' lang='lat' dir='ltr'>arbor</span> <span class='ocrx_word' id='word_1_218' title='bbox 703 2901 804 2988; x_wconf 80' lang='lat' dir='ltr'>bpkfo</span> <span class='ocrx_word' id='word_1_219' title='bbox 828 2908 915 2968; x_wconf 88' lang='lat' dir='ltr'>terra</span> <span class='ocrx_word' id='word_1_220' title='bbox 931 2903 1065 2986; x_wconf 84' lang='lat' dir='ltr'>signata</span> <span class='ocrx_word' id='word_1_221' title='bbox 1080 2920 1138 2986; x_wconf 87' lang='lat' dir='ltr'>pro</span> <span class='ocrx_word' id='word_1_222' title='bbox 1165 2905 1251 2966; x_wconf 88' lang='lat' dir='ltr'>meta</span> 
     </span>
     <span class='ocr_line' id='line_1_26' title="bbox 113 3003 1246 3095; baseline 0.006 -30"><span class='ocrx_word' id='word_1_223' title='bbox 113 3003 200 3070; x_wconf 89' lang='lat' dir='ltr'>inter</span> <span class='ocrx_word' id='word_1_224' title='bbox 216 3003 297 3072; x_wconf 83' lang='lat' dir='ltr'>duas</span> <span class='ocrx_word' id='word_1_225' title='bbox 315 3014 420 3074; x_wconf 87' lang='lat' dir='ltr'>metes</span> <span class='ocrx_word' id='word_1_226' title='bbox 440 3016 572 3095; x_wconf 87' lang='lat' dir='ltr'>terreas,</span> <span class='ocrx_word' id='word_1_227' title='bbox 588 3029 651 3092; x_wconf 88' lang='lat' dir='ltr'>que</span> <span class='ocrx_word' id='word_1_228' title='bbox 667 3009 782 3076; x_wconf 90' lang='lat' dir='ltr'>iterum</span> <span class='ocrx_word' id='word_1_229' title='bbox 800 3015 952 3094; x_wconf 88' lang='lat' dir='ltr'>separant</span> <span class='ocrx_word' id='word_1_230' title='bbox 967 3029 987 3073; x_wconf 88' lang='lat' dir='ltr'>a</span> <span class='ocrx_word' id='word_1_231' title='bbox 1003 3013 1096 3093; x_wconf 86' lang='lat' dir='ltr'>parte</span> <span class='ocrx_word' id='word_1_232' title='bbox 1106 3015 1246 3092; x_wconf 89' lang='lat' dir='ltr'>septem-</span> 
     </span>
     <span class='ocr_line' id='line_1_27' title="bbox 113 3110 1246 3202; baseline 0.004 -27"><span class='ocrx_word' id='word_1_233' title='bbox 113 3110 261 3180; x_wconf 85' lang='lat' dir='ltr'>tritonali</span> <span class='ocrx_word' id='word_1_234' title='bbox 286 3133 308 3178; x_wconf 84' lang='lat' dir='ltr'>a</span> <span class='ocrx_word' id='word_1_235' title='bbox 333 3115 421 3180; x_wconf 87' lang='lat' dir='ltr'>silua</span> <span class='ocrx_word' id='word_1_236' title='bbox 435 3117 569 3202; x_wconf 86' lang='lat' dir='ltr'>Regali;</span> <span class='ocrx_word' id='word_1_237' title='bbox 587 3117 707 3184; x_wconf 87' lang='lat' dir='ltr'>deinde</span> <span class='ocrx_word' id='word_1_238' title='bbox 723 3117 889 3185; x_wconf 88' lang='lat' dir='ltr'>asscendit</span> <span class='ocrx_word' id='word_1_239' title='bbox 914 3117 957 3183; x_wconf 89' lang='lat' dir='ltr'>ad</span> <span class='ocrx_word' id='word_1_240' title='bbox 981 3136 1080 3182; x_wconf 90' lang='lat' dir='ltr'>unum</span> <span class='ocrx_word' id='word_1_241' title='bbox 1106 3121 1246 3180; x_wconf 89' lang='lat' dir='ltr'>montem</span> 
     </span>
     <span class='ocr_line' id='line_1_28' title="bbox 113 3217 1245 3312; baseline 0.004 -30"><span class='ocrx_word' id='word_1_242' title='bbox 113 3217 184 3285; x_wconf 88' lang='lat' dir='ltr'>siue</span> <span class='ocrx_word' id='word_1_243' title='bbox 200 3238 299 3288; x_wconf 88' lang='lat' dir='ltr'>unum</span> <span class='ocrx_word' id='word_1_244' title='bbox 317 3221 426 3309; x_wconf 87' lang='lat' dir='ltr'>berch,</span> <span class='ocrx_word' id='word_1_245' title='bbox 444 3229 475 3288; x_wconf 90' lang='lat' dir='ltr'>et</span> <span class='ocrx_word' id='word_1_246' title='bbox 492 3223 600 3292; x_wconf 88' lang='lat' dir='ltr'>tendit</span> <span class='ocrx_word' id='word_1_247' title='bbox 627 3245 742 3292; x_wconf 90' lang='lat' dir='ltr'>uersus</span> <span class='ocrx_word' id='word_1_248' title='bbox 771 3225 937 3312; x_wconf 88' lang='lat' dir='ltr'>orientem,</span> <span class='ocrx_word' id='word_1_249' title='bbox 965 3231 996 3290; x_wconf 91' lang='lat' dir='ltr'>et</span> <span class='ocrx_word' id='word_1_250' title='bbox 1020 3223 1169 3310; x_wconf 86' lang='lat' dir='ltr'>peruenit</span> <span class='ocrx_word' id='word_1_251' title='bbox 1201 3223 1245 3288; x_wconf 90' lang='lat' dir='ltr'>ad</span> 
     </span>
     <span class='ocr_line' id='line_1_29' title="bbox 114 3326 1246 3420; baseline 0.011 -31"><span class='ocrx_word' id='word_1_252' title='bbox 114 3326 281 3406; x_wconf 85' lang='lat' dir='ltr'>quandam</span> <span class='ocrx_word' id='word_1_253' title='bbox 297 3329 429 3396; x_wconf 83' lang='lat' dir='ltr'>wallum</span> <span class='ocrx_word' id='word_1_254' title='bbox 447 3350 510 3414; x_wconf 90' lang='lat' dir='ltr'>que</span> <span class='ocrx_word' id='word_1_255' title='bbox 520 3331 665 3414; x_wconf 73' lang='lat' dir='ltr'>ssgurfeu</span> <span class='ocrx_word' id='word_1_256' title='bbox 675 3339 889 3420; x_wconf 85' lang='lat' dir='ltr'>nuncupatur,</span> <span class='ocrx_word' id='word_1_257' title='bbox 905 3333 959 3400; x_wconf 92' lang='lat' dir='ltr'>ubi</span> <span class='ocrx_word' id='word_1_258' title='bbox 978 3339 1053 3401; x_wconf 88' lang='lat' dir='ltr'>sunt</span> <span class='ocrx_word' id='word_1_259' title='bbox 1069 3334 1133 3401; x_wconf 90' lang='lat' dir='ltr'>due</span> <span class='ocrx_word' id='word_1_260' title='bbox 1148 3339 1246 3417; x_wconf 88' lang='lat' dir='ltr'>mete,</span> 
     </span>
    </p>

    <p class='ocr_par' dir='ltr' id='par_1_6' title="bbox 101 3429 1245 4280">
     <span class='ocr_line' id='line_1_30' title="bbox 114 3429 1245 3530; baseline 0.01 -35"><span class='ocrx_word' id='word_1_261' title='bbox 114 3429 148 3497; x_wconf 94' lang='lat' dir='ltr'>in</span> <span class='ocrx_word' id='word_1_262' title='bbox 175 3452 313 3516; x_wconf 88' lang='lat' dir='ltr'>quarum</span> <span class='ocrx_word' id='word_1_263' title='bbox 344 3455 410 3502; x_wconf 88' lang='lat' dir='ltr'>una</span> <span class='ocrx_word' id='word_1_264' title='bbox 426 3444 477 3502; x_wconf 88' lang='lat' dir='ltr'>est</span> <span class='ocrx_word' id='word_1_265' title='bbox 492 3440 618 3526; x_wconf 71' lang='lat' dir='ltr'>apansa,</span> <span class='ocrx_word' id='word_1_266' title='bbox 634 3441 717 3507; x_wconf 90' lang='lat' dir='ltr'>etin</span> <span class='ocrx_word' id='word_1_267' title='bbox 733 3441 801 3508; x_wconf 89' lang='lat' dir='ltr'>alia</span> <span class='ocrx_word' id='word_1_268' title='bbox 817 3445 867 3508; x_wconf 89' lang='lat' dir='ltr'>est</span> <span class='ocrx_word' id='word_1_269' title='bbox 883 3443 997 3530; x_wconf 80' lang='lat' dir='ltr'>tealfa,</span> <span class='ocrx_word' id='word_1_270' title='bbox 1015 3462 1078 3526; x_wconf 87' lang='lat' dir='ltr'>que</span> <span class='ocrx_word' id='word_1_271' title='bbox 1092 3442 1245 3508; x_wconf 83' lang='lat' dir='ltr'>similiter</span> 
     </span>
     <span class='ocr_line' id='line_1_31' title="bbox 113 3543 1245 3635; baseline 0.009 -31"><span class='ocrx_word' id='word_1_272' title='bbox 113 3548 301 3626; x_wconf 81' lang='lat' dir='ltr'>separante</span> <span class='ocrx_word' id='word_1_273' title='bbox 317 3543 404 3609; x_wconf 88' lang='lat' dir='ltr'>silua</span> <span class='ocrx_word' id='word_1_274' title='bbox 419 3544 555 3629; x_wconf 75' lang='lat' dir='ltr'>Regali,</span> <span class='ocrx_word' id='word_1_275' title='bbox 573 3546 650 3614; x_wconf 90' lang='lat' dir='ltr'>inde</span> <span class='ocrx_word' id='word_1_276' title='bbox 667 3548 1025 3617; x_wconf 86' lang='lat' dir='ltr'>directeasscendendo</span> <span class='ocrx_word' id='word_1_277' title='bbox 1042 3550 1191 3635; x_wconf 87' lang='lat' dir='ltr'>peruenit</span> <span class='ocrx_word' id='word_1_278' title='bbox 1203 3549 1245 3614; x_wconf 92' lang='lat' dir='ltr'>ad</span> 
     </span>
     <span class='ocr_line' id='line_1_32' title="bbox 113 3644 1238 3746; baseline 0.011 -37"><span class='ocrx_word' id='word_1_279' title='bbox 113 3644 196 3712; x_wconf 85' lang='lat' dir='ltr'>duos</span> <span class='ocrx_word' id='word_1_280' title='bbox 212 3655 334 3732; x_wconf 85' lang='lat' dir='ltr'>metas,</span> <span class='ocrx_word' id='word_1_281' title='bbox 351 3647 515 3734; x_wconf 87' lang='lat' dir='ltr'>inquibus</span> <span class='ocrx_word' id='word_1_282' title='bbox 533 3651 658 3721; x_wconf 88' lang='lat' dir='ltr'>duabus</span> <span class='ocrx_word' id='word_1_283' title='bbox 685 3663 761 3722; x_wconf 88' lang='lat' dir='ltr'>sunt</span> <span class='ocrx_word' id='word_1_284' title='bbox 787 3657 849 3724; x_wconf 90' lang='lat' dir='ltr'>due</span> <span class='ocrx_word' id='word_1_285' title='bbox 874 3657 1009 3726; x_wconf 91' lang='lat' dir='ltr'>arbores</span> <span class='ocrx_word' id='word_1_286' title='bbox 1033 3658 1157 3746; x_wconf 63' lang='lat' dir='ltr'>caepa,</span> <span class='ocrx_word' id='word_1_287' title='bbox 1184 3655 1238 3721; x_wconf 89' lang='lat' dir='ltr'>de-</span> 
     </span>
     <span class='ocr_line' id='line_1_33' title="bbox 112 3750 1236 3850; baseline 0.011 -34"><span class='ocrx_word' id='word_1_288' title='bbox 112 3750 192 3820; x_wconf 89' lang='lat' dir='ltr'>inde</span> <span class='ocrx_word' id='word_1_289' title='bbox 209 3774 269 3838; x_wconf 88' lang='lat' dir='ltr'>per</span> <span class='ocrx_word' id='word_1_290' title='bbox 285 3753 423 3822; x_wconf 88' lang='lat' dir='ltr'>eundem</span> <span class='ocrx_word' id='word_1_291' title='bbox 439 3757 536 3824; x_wconf 91' lang='lat' dir='ltr'>berch</span> <span class='ocrx_word' id='word_1_292' title='bbox 552 3769 649 3846; x_wconf 83' lang='lat' dir='ltr'>gyrat</span> <span class='ocrx_word' id='word_1_293' title='bbox 657 3813 668 3850; x_wconf 84' lang='lat'>,</span> <span class='ocrx_word' id='word_1_294' title='bbox 688 3768 720 3828; x_wconf 91' lang='lat' dir='ltr'>et</span> <span class='ocrx_word' id='word_1_295' title='bbox 737 3763 943 3848; x_wconf 87' lang='lat' dir='ltr'>protenditur</span> <span class='ocrx_word' id='word_1_296' title='bbox 972 3785 1086 3832; x_wconf 85' lang='lat' dir='ltr'>uersus</span> <span class='ocrx_word' id='word_1_297' title='bbox 1111 3770 1236 3850; x_wconf 87' lang='lat' dir='ltr'>partem</span> 
     </span>
     <span class='ocr_line' id='line_1_34' title="bbox 107 3860 1239 3958; baseline 0.008 -32"><span class='ocrx_word' id='word_1_298' title='bbox 107 3860 368 3951; x_wconf 86' lang='lat' dir='ltr'>meridionalem,</span> <span class='ocrx_word' id='word_1_299' title='bbox 386 3872 418 3932; x_wconf 91' lang='lat' dir='ltr'>et</span> <span class='ocrx_word' id='word_1_300' title='bbox 435 3869 584 3950; x_wconf 88' lang='lat' dir='ltr'>peruenit</span> <span class='ocrx_word' id='word_1_301' title='bbox 601 3870 645 3936; x_wconf 89' lang='lat' dir='ltr'>ad</span> <span class='ocrx_word' id='word_1_302' title='bbox 660 3877 727 3938; x_wconf 88' lang='lat' dir='ltr'>tres</span> <span class='ocrx_word' id='word_1_303' title='bbox 753 3879 857 3939; x_wconf 88' lang='lat' dir='ltr'>metas</span> <span class='ocrx_word' id='word_1_304' title='bbox 884 3880 1018 3958; x_wconf 87' lang='lat' dir='ltr'>ueteres,</span> <span class='ocrx_word' id='word_1_305' title='bbox 1043 3874 1077 3938; x_wconf 92' lang='lat' dir='ltr'>in</span> <span class='ocrx_word' id='word_1_306' title='bbox 1103 3889 1239 3954; x_wconf 86' lang='lat' dir='ltr'>quarum</span> 
     </span>
     <span class='ocr_line' id='line_1_35' title="bbox 106 3966 1244 4067; baseline 0.014 -36"><span class='ocrx_word' id='word_1_307' title='bbox 106 3966 240 4036; x_wconf 84' lang='lat' dir='ltr'>duabus</span> <span class='ocrx_word' id='word_1_308' title='bbox 256 3977 333 4037; x_wconf 89' lang='lat' dir='ltr'>sont</span> <span class='ocrx_word' id='word_1_309' title='bbox 349 3970 412 4039; x_wconf 90' lang='lat' dir='ltr'>due</span> <span class='ocrx_word' id='word_1_310' title='bbox 429 3975 561 4044; x_wconf 89' lang='lat' dir='ltr'>arbores</span> <span class='ocrx_word' id='word_1_311' title='bbox 578 3980 693 4067; x_wconf 85' lang='lat' dir='ltr'>tealfa,</span> <span class='ocrx_word' id='word_1_312' title='bbox 712 3987 744 4047; x_wconf 91' lang='lat' dir='ltr'>et</span> <span class='ocrx_word' id='word_1_313' title='bbox 760 3979 804 4046; x_wconf 91' lang='lat' dir='ltr'>ad</span> <span class='ocrx_word' id='word_1_314' title='bbox 820 3980 901 4048; x_wconf 86' lang='lat' dir='ltr'>duas</span> <span class='ocrx_word' id='word_1_315' title='bbox 916 4001 1020 4048; x_wconf 88' lang='lat' dir='ltr'>nouas</span> <span class='ocrx_word' id='word_1_316' title='bbox 1045 3987 1150 4047; x_wconf 85' lang='lat' dir='ltr'>metas</span> <span class='ocrx_word' id='word_1_317' title='bbox 1179 3985 1244 4047; x_wconf 87' lang='lat' dir='ltr'>ter-</span> 
     </span>
     <span class='ocr_line' id='line_1_36' title="bbox 102 4076 1235 4174; baseline 0.011 -33"><span class='ocrx_word' id='word_1_318' title='bbox 102 4093 198 4162; x_wconf 80' lang='lat' dir='ltr'>reas,</span> <span class='ocrx_word' id='word_1_319' title='bbox 215 4076 258 4145; x_wconf 87' lang='lat' dir='ltr'>de</span> <span class='ocrx_word' id='word_1_320' title='bbox 274 4077 353 4146; x_wconf 88' lang='lat' dir='ltr'>inde</span> <span class='ocrx_word' id='word_1_321' title='bbox 369 4078 537 4151; x_wconf 90' lang='lat' dir='ltr'>deseendit</span> <span class='ocrx_word' id='word_1_322' title='bbox 552 4085 595 4152; x_wconf 86' lang='lat' dir='ltr'>ad</span> <span class='ocrx_word' id='word_1_323' title='bbox 610 4107 708 4156; x_wconf 90' lang='lat' dir='ltr'>unam</span> <span class='ocrx_word' id='word_1_324' title='bbox 741 4091 872 4173; x_wconf 88' lang='lat' dir='ltr'>vallem,</span> <span class='ocrx_word' id='word_1_325' title='bbox 888 4109 951 4174; x_wconf 88' lang='lat' dir='ltr'>quc</span> <span class='ocrx_word' id='word_1_326' title='bbox 976 4087 1235 4156; x_wconf 81' lang='lat' dir='ltr'>Wereoterteffeo</span> 
     </span>
     <span class='ocr_line' id='line_1_37' title="bbox 101 4187 1237 4280; baseline 0.014 -35"><span class='ocrx_word' id='word_1_327' title='bbox 101 4193 329 4272; x_wconf 87' lang='lat' dir='ltr'>nuncupater;</span> <span class='ocrx_word' id='word_1_328' title='bbox 347 4195 380 4254; x_wconf 92' lang='lat' dir='ltr'>et</span> <span class='ocrx_word' id='word_1_329' title='bbox 395 4187 472 4257; x_wconf 90' lang='lat' dir='ltr'>inde</span> <span class='ocrx_word' id='word_1_330' title='bbox 490 4190 659 4261; x_wconf 89' lang='lat' dir='ltr'>descendit</span> <span class='ocrx_word' id='word_1_331' title='bbox 684 4217 800 4264; x_wconf 90' lang='lat' dir='ltr'>nersns</span> <span class='ocrx_word' id='word_1_332' title='bbox 828 4203 955 4280; x_wconf 88' lang='lat' dir='ltr'>partem</span> <span class='ocrx_word' id='word_1_333' title='bbox 987 4195 1237 4263; x_wconf 86' lang='lat' dir='ltr'>meridionalem</span> 
     </span>
    </p>

    <p class='ocr_par' dir='ltr' id='par_1_7' title="bbox 101 4287 1239 4390">
     <span class='ocr_line' id='line_1_38' title="bbox 101 4287 1239 4390; baseline 0.014 -38"><span class='ocrx_word' id='word_1_334' title='bbox 101 4287 147 4352; x_wconf 89' lang='lat' dir='ltr'>ad</span> <span class='ocrx_word' id='word_1_335' title='bbox 165 4299 266 4375; x_wconf 91' lang='lat' dir='ltr'>caput</span> <span class='ocrx_word' id='word_1_336' title='bbox 283 4293 450 4361; x_wconf 88' lang='lat' dir='ltr'>cuiusdam</span> <span class='ocrx_word' id='word_1_337' title='bbox 468 4297 567 4365; x_wconf 87' lang='lat' dir='ltr'>riuuli</span> <span class='ocrx_word' id='word_1_338' title='bbox 582 4300 758 4370; x_wconf 83' lang='lat' dir='ltr'>Jezenioha</span> <span class='ocrx_word' id='word_1_339' title='bbox 783 4304 900 4390; x_wconf 88' lang='lat' dir='ltr'>uocati,</span> <span class='ocrx_word' id='word_1_340' title='bbox 918 4303 974 4387; x_wconf 89' lang='lat' dir='ltr'>qui</span> <span class='ocrx_word' id='word_1_341' title='bbox 990 4301 1239 4390; x_wconf 88' lang='lat' dir='ltr'>separatadhuc</span> 
     </span>
    </p>

    <p class='ocr_par' dir='ltr' id='par_1_8' title="bbox 98 4397 1239 4498">
     <span class='ocr_line' id='line_1_39' title="bbox 98 4397 1239 4498; baseline 0.017 -39"><span class='ocrx_word' id='word_1_342' title='bbox 98 4413 120 4458; x_wconf 84' lang='lat' dir='ltr'>a</span> <span class='ocrx_word' id='word_1_343' title='bbox 137 4397 226 4464; x_wconf 84' lang='lat' dir='ltr'>silua</span> <span class='ocrx_word' id='word_1_344' title='bbox 241 4399 368 4489; x_wconf 85' lang='lat' dir='ltr'>Regali,</span> <span class='ocrx_word' id='word_1_345' title='bbox 382 4401 436 4470; x_wconf 88' lang='lat' dir='ltr'>nbi</span> <span class='ocrx_word' id='word_1_346' title='bbox 453 4414 527 4472; x_wconf 89' lang='lat' dir='ltr'>sunt</span> <span class='ocrx_word' id='word_1_347' title='bbox 545 4407 607 4474; x_wconf 88' lang='lat' dir='ltr'>dne</span> <span class='ocrx_word' id='word_1_348' title='bbox 622 4417 716 4496; x_wconf 89' lang='lat' dir='ltr'>mete,</span> <span class='ocrx_word' id='word_1_349' title='bbox 728 4411 761 4476; x_wconf 95' lang='lat' dir='ltr'>in</span> <span class='ocrx_word' id='word_1_350' title='bbox 773 4433 910 4496; x_wconf 87' lang='lat' dir='ltr'>quarum</span> <span class='ocrx_word' id='word_1_351' title='bbox 920 4433 986 4479; x_wconf 91' lang='lat' dir='ltr'>una</span> <span class='ocrx_word' id='word_1_352' title='bbox 1001 4419 1050 4479; x_wconf 89' lang='lat' dir='ltr'>est</span> <span class='ocrx_word' id='word_1_353' title='bbox 1058 4411 1239 4498; x_wconf 69' lang='lat' dir='ltr'>ppartcrufc</span> 
     </span>
    </p>

    <p class='ocr_par' dir='ltr' id='par_1_9' title="bbox 100 4505 1228 4604">
     <span class='ocr_line' id='line_1_40' title="bbox 100 4505 1228 4604; baseline 0.012 -35"><span class='ocrx_word' id='word_1_354' title='bbox 100 4505 184 4571; x_wconf 84' lang='lat' dir='ltr'>etin</span> <span class='ocrx_word' id='word_1_355' title='bbox 200 4506 271 4572; x_wconf 84' lang='lat' dir='ltr'>alia</span> <span class='ocrx_word' id='word_1_356' title='bbox 288 4517 337 4576; x_wconf 88' lang='lat' dir='ltr'>est</span> <span class='ocrx_word' id='word_1_357' title='bbox 353 4512 472 4601; x_wconf 78' lang='lat' dir='ltr'>dytfo3</span> <span class='ocrx_word' id='word_1_358' title='bbox 500 4522 532 4580; x_wconf 91' lang='lat' dir='ltr'>et</span> <span class='ocrx_word' id='word_1_359' title='bbox 557 4517 604 4584; x_wconf 88' lang='lat' dir='ltr'>sic</span> <span class='ocrx_word' id='word_1_360' title='bbox 621 4538 676 4603; x_wconf 88' lang='lat' dir='ltr'>per</span> <span class='ocrx_word' id='word_1_361' title='bbox 703 4519 807 4604; x_wconf 87' lang='lat' dir='ltr'>ipsum</span> <span class='ocrx_word' id='word_1_362' title='bbox 836 4517 975 4589; x_wconf 89' lang='lat' dir='ltr'>riuulum</span> <span class='ocrx_word' id='word_1_363' title='bbox 1001 4517 1228 4588; x_wconf 87' lang='lat' dir='ltr'>descendendo</span> 
     </span>
    </p>
   </div>
   <div class='ocr_carea' id='block_1_3' title="bbox 0 0 1560 5158">
    <p class='ocr_par' dir='ltr' id='par_1_10' title="bbox 0 0 1560 5158">
     <span class='ocr_line' id='line_1_41' title="bbox 0 0 1560 5158; baseline 0 1"><span class='ocrx_word' id='word_1_364' title='bbox 0 0 1560 5158; x_wconf 95' lang='lat' dir='ltr'> </span> 
     </span>
    </p>
   </div>
  </div>
 </body>
</html>
