3170 5166
839 891 917 961 243.

320 1087 385 1158 m.
413 1091 526 1156 Eadre
552 1089 915 1176 attejanojdt1290h'
938 1092 1256 1177 admprivilepo'amdt
1280 1117 1318 1158 uz
1343 1105 1445 1158 ecater-

608 1199 699 1282 pami
714 1197 873 1283 laptulao
888 1203 1048 1265 azdrnrira.
1065 1200 1163 1266 1300.

422 1390 569 1458 Andreas
586 1391 647 1458 Dei
656 1393 770 1476 gracia
785 1393 964 1476 Hungarie,
974 1393 1156 1478 Dalmacie,
1175 1393 1321 1477 Croucie,
1336 1395 1446 1478 Reme,

315 1497 439 1584 Scruie,
457 1497 823 1584 Gallicie,Lodomerie,
851 1496 1019 1580 comante,
1048 1498 1260 1582 Bulgarieque
1283 1500 1354 1566 Rex
1380 1520 1445 1567 om·
1562 1561 1563 1592 ,

318 1606 414 1672 nibus
430 1605 551 1671 Christi
578 1605 729 1672 fidelibus
746 1606 886 1672 salutem
902 1606 936 1670 in
953 1605 1093 1672 Domino
1125 1607 1364 1690 sempiternam.
1395 1608 1447 1674 Ad

316 1713 542 1779 uniuersorum
553 1713 716 1797 noticiam,
727 1719 794 1779 tam
805 1713 1017 1800 presencium,
1029 1733 1126 1796 quam
1136 1711 1316 1781 futurorum
1332 1715 1446 1781 harum
1562 1719 1563 1728 ’

316 1821 401 1887 serie
417 1811 566 1885 volumus
583 1819 773 1904 peruenire;
790 1819 876 1902 quod
891 1819 1025 1887 disereti
1042 1820 1114 1906 viri,
1130 1819 1275 1889 Thomas
1291 1821 1447 1888 videlicet

314 1923 520 2009 Prepesitus,
551 1928 717 2007 totumque
751 1923 938 2010 Capitulum
963 1925 1111 1992 Ecclesia
1135 1925 1370 2010 Strigoniensis
1402 1931 1447 1993 ad

318 2039 427 2098 nostre
444 2031 658 2099 Celsitndinis
669 2035 863 2100 accedentes
874 2033 1076 2119 presenciam
1087 2085 1096 2119 ,
1115 2033 1331 2102 exhibuerunt
1353 2037 1448 2102 nobis
1562 2121 1563 2128 ἵ

317 2137 527 2225 priuilegium
545 2139 707 2224 ipsorum,
723 2159 820 2224 super
851 2140 938 2206 facto
956 2140 1088 2224 telonij,
1106 2159 1164 2207 sen
1195 2141 1307 2207 tributi
1324 2142 1448 2225 Strigo·
1562 2137 1563 2192 l

317 2247 441 2314 niensis
457 2247 649 2331 confectum,
666 2253 698 2312 ct
715 2246 951 2332 quodpropter
971 2253 1152 2331 presentem
1179 2245 1390 2332 discordiam,
1412 2253 1447 2314 in
1562 2285 1563 2314 r

316 2373 381 2436 qua
395 2357 544 2438 Regnum
561 2354 730 2437 Hungarie
747 2375 805 2439 per
827 2354 947 2420 lactum
965 2353 1144 2419 infidelium
1161 2355 1324 2421 Baronum
1342 2355 1449 2421 inuol-
1562 2337 1563 2376 ³

316 2463 411 2546 uitur,
428 2461 462 2526 in
478 2459 811 2544 fluctuacionibusquc
838 2459 982 2526 eiusdem
998 2460 1102 2543 Regni
1129 2460 1266 2528 diuersis
1283 2461 1448 2528 torbacio·

316 2571 412 2634 nibus
428 2567 572 2633 Ecclesie
589 2567 815 2652 percellentur,
828 2574 860 2632 et
876 2571 1008 2651 propter
1021 2567 1081 2633 hoc
1096 2566 1125 2632 si
1141 2588 1205 2632 non
1221 2569 1430 2653 impossibile
1443 2594 1452 2652 ς

316 2687 424 2743 tamen
440 2675 574 2742 difficile
592 2676 636 2741 sit
654 2675 839 2741 huiusmodi
857 2677 1075 2740 instrumenta
1084 2726 1094 2760 ,
1127 2696 1184 2742 seu
1215 2676 1389 2762 priuilegia
1402 2677 1453 2766 ¹ad

316 2782 499 2868 frequentes
520 2782 718 2868 questiones,
736 2801 797 2863 que
813 2781 970 2850 aduersus
986 2781 1169 2849 Ecclesiam
1185 2790 1367 2866 mouentur,
1379 2792 1454 2848 tute

316 2899 348 2956 et
364 2893 433 2957 sine
449 2889 598 2975 periculo
614 2889 780 2972 exhibc1·i;
806 2909 866 2972 pro
883 2909 921 2955 eo
948 2889 1047 2972 ijdem
1065 2887 1249 2974 l'repositus
1265 2897 1297 2954 et
1313 2887 1456 2975 Capitu-

316 2999 383 3064 lum
398 2996 492 3065 nobis
511 2996 676 3063 humiliter
692 2996 901 3080 suplicarunt,
917 3002 1130 3080 petentesque
1154 3017 1174 3061 a
1190 2995 1284 3062 nobis
1302 3017 1376 3062 cum
1397 2999 1452 3062 in·

318 3105 453 3192 stanoia,
471 3111 507 3170 ut
524 3105 567 3190 id,
585 3103 671 3188 quod
688 3102 945 3187 de'benignitatc
975 3105 1080 3186 Regia
1104 3101 1281 3188 processit,
1297 3111 1328 3168 et
1343 3103 1458 3188 priui-

316 3211 490 3296 legialibus
507 3211 624 3277 litteris
642 3212 864 3276 confirmatum
881 3211 998 3295 extitit,
1016 3211 1057 3275 de
1074 3209 1189 3278 cadem
1205 3217 1316 3275 nostra
1333 3211 1460 3294 benig-

319 3321 421 3385 nitate
437 3318 554 3404 Regia,
573 3317 616 3382 ad
633 3319 795 3384 cautelam
822 3318 977 3384 maiorem
996 3323 1028 3382 et
1047 3317 1191 3382 Ecclesia
1208 3321 1328 3382 statum
1343 3320 1462 3382 tucio-

316 3447 394 3512 rem,
411 3424 492 3492 illud
509 3424 597 3491 idem
614 3423 822 3509 priuilegium
839 3424 1048 3507 dignaremur
1066 3423 1242 3508 duplicare.
1261 3423 1361 3490 ouius
1383 3427 1464 3507 qni-

317 3535 388 3601 dem
413 3533 575 3619 priuilegij
593 3539 685 3600 tenor
701 3533 776 3600 talis
795 3539 870 3599 est:

426 3641 574 3708 Andreas
585 3643 626 3706 D.
636 3662 684 3725 gr.
695 3641 930 3725 Hungaricstb.
942 3643 1012 3706 Rex
1023 3641 1084 3708 stb.
1097 3637 1311 3728 (ktivetkezik
1321 3638 1468 3704 fluun-

317 3751 374 3817 drc
384 3749 563 3834 kiralynak
577 3749 688 3816 laco-i
699 3749 1011 3835 vamprivilegiuma,
1019 3749 1101 3814 mint
1109 3747 1260 3832 Fejernal
1269 3745 1348 3812 God.
1358 3747 1469 3834 Dipl.

317 3859 371 3926 VI.
389 3859 422 3926 k.
440 3858 460 3924 l.
476 3878 501 3922 r.
519 3859 596 3926 344.
613 3855 656 3939 1.;
674 3855 710 3920 ki
722 3859 869 3923 azonban
881 3855 1132 3922 azthibasanaz
1146 3857 1242 3942 1295.
1254 3856 1472 3942 evreteszi.)

425 3962 494 4030 Nos
526 3963 636 4045 itaque
669 3963 711 4028 ad
746 3963 939 4029 instanciam
976 3969 1008 4028 et
1042 3961 1237 4046 peticionem
1266 3960 1472 4044 legitimam

317 4080 350 4139 et
375 4069 570 4154 condignam
604 4069 746 4136 virorum
779 4069 991 4137 discretorum
1023 4075 1201 4136 nostrornm
1233 4066 1385 4134 fidelium
1436 4079 1477 4137 et
1562 4073 1563 4080 ’

316 4179 591 4265 predileotorum,
620 4176 745 4243 Thome
773 4177 926 4244 videlicet
951 4177 1113 4262 Prepositi
1139 4183 1170 4241 et
1187 4173 1328 4261 Capituli
1347 4182 1476 4260 presa·

316 4293 432 4374 torum,
460 4285 689 4352 fauorabiliter
714 4286 883 4363 inclinati;
914 4287 1022 4370 ipsum
1048 4285 1258 4371 priuilegium
1274 4303 1337 4349 non
1358 4289 1478 4355 abra-

317 4415 400 4472 sum,
424 4414 489 4460 non
505 4393 734 4480 cancellatum,
755 4413 815 4460 nec
831 4392 996 4480 abolitum,
1016 4413 1077 4460 nec
1093 4393 1258 4475 uiolatum,
1270 4411 1330 4458 nec
1347 4391 1393 4458 in
1406 4397 1478 4462 ali·

316 4521 383 4582 qua
393 4499 443 4567 sui
453 4506 546 4585 parte
560 4501 766 4588 diminutum,
778 4499 817 4568 de
828 4503 927 4570 uerbo
944 4501 986 4568 ad
998 4503 1133 4568 uerbum
1149 4499 1284 4566 rescribi
1298 4497 1484 4571 faciendo
