3170 5166
805 802 883 871 268.

286 967 320 1036 A
336 967 518 1034 kereeztmelt
535 968 720 1052 eezterporni
736 966 963 1051 kortoeotje'nek
987 967 1134 1050 jelecte‘se
1150 968 1217 1032 III.
1250 968 1360 1033 Endre
1373 970 1421 1032 ts·-

291 1078 425 1163 rdlpiroz
441 1099 462 1140 a
479 1076 598 1160 Bapna
622 1074 801 1160 hdpodpbea
832 1077 948 1139 tdrtc‘nt
962 1073 1049 1140 birdc'
1073 1077 1270 1162 etpretajron
1288 1082 1421 1162 tdrpya'-

773 1184 952 1248 bamldoO.

398 1339 684 1408 Excellentissimo
701 1341 839 1408 Domino
856 1361 915 1409 suo
934 1340 1066 1409 domino
1082 1340 1211 1407 Andree
1227 1343 1289 1410 Dei
1307 1344 1421 1426 gracia

291 1448 417 1518 Illustri
448 1447 529 1532 Regi
559 1448 728 1532 Huugerie
760 1448 946 1515 Conuentus
987 1448 1224 1514 Cruciferorum
1254 1446 1421 1535 (Ecclesie

286 1556 401 1627 Sancti
417 1557 518 1639 Regis
534 1552 707 1641 Stephani)
719 1553 760 1622 de
775 1553 939 1638 Strigoaio
956 1555 1125 1623 oraciones
1140 1556 1175 1622 in
1190 1556 1341 1624 Domino.
1360 1557 1421 1624 Ve-

286 1672 360 1734 stra
374 1664 501 1732 nouerit
514 1664 620 1750 Regia
636 1661 881 1749 celsitudonos
897 1661 1060 1748 recepisse
1075 1664 1204 1731 litteras
1220 1663 1357 1731 Comitis
1374 1665 1423 1731 St.

288 1768 490 1841 Viceiudicis
507 1769 604 1838 Ourie
619 1771 813 1838 screnitatis
830 1767 975 1859 (Vestro)
992 1771 1026 1838 in
1042 1771 1103 1840 hec
1119 1773 1222 1840 uerba
1240 1795 1247 1837 :

397 1879 484 1945 Viris
499 1877 662 1963 religiosis
677 1879 737 1946 stb.
751 1879 911 1963 Magistro
927 1885 960 1945 et
976 1877 1157 1947 Conuentni
1180 1878 1420 1947 cruciferorum

289 1991 413 2057 Domus
427 1984 607 2056 Hosnitaiis
632 1986 695 2054 stb.
711 1983 752 2053 de
767 1985 931 2071 Strigonio
948 1984 1064 2056 Comes
1080 1986 1127 2055 St
1142 1986 1221 2054 Vioe
1235 1986 1345 2053 Judex
1362 1987 1422 2052 Cu·

290 2100 339 2164 rie
355 2097 414 2164 stb.
442 2093 653 2184 (kdretkezik
669 2095 782 2162 Istron
809 2094 1099 2179 alorsztgbirdnoh
1127 2093 1266 2164 leco-ki
1289 2093 1424 2180 meghr-

291 2223 406 2292 gyaso,
424 2201 507 2268 mint
521 2197 654 2268 fentebb
671 2203 748 2270 259.
766 2221 810 2269 sz.
827 2198 872 2288 a.)
922 2283 926 2292 .

397 2311 466 2377 Nos
481 2329 558 2378 vero
575 2309 731 2395 peticioni
748 2307 894 2376 eiusdem
910 2309 1044 2377 Comitis
1053 2309 1214 2395 Stephani
1229 2308 1424 2377 satisfacere

289 2417 447 2503 uolentes,
464 2437 537 2483 cum
552 2418 678 2502 prefato
702 2415 853 2484 dohanne
877 2415 1007 2484 homine
1030 2423 1139 2484 uerno
1164 2419 1308 2484 nostrum
1324 2414 1426 2483 homi·

290 2542 365 2590 nem
381 2521 578 2606 fidedignum
594 2523 725 2590 nomine
748 2521 958 2592 Benedictum
987 2523 1139 2591 clericum
1164 2523 1237 2589 Cori
1253 2523 1355 2590 nostri
1369 2523 1427 2590 ad-

289 2629 450 2716 premissa
473 2627 662 2714 exequenda
678 2650 737 2715 pro
762 2631 947 2699 testimonio
964 2632 1149 2699 ouranimue
1173 2627 1350 2712 destinari3
1366 2633 1422 2712 qni

291 2737 419 2804 demum
435 2737 476 2804 ad
494 2757 555 2805 noe
572 2737 699 2805 rediens
720 2738 813 2806 nobis
830 2737 931 2806 dixit:
950 2738 1036 2822 quod
1046 2739 1133 2806 idem
1143 2737 1313 2805 Johannes
1328 2738 1425 2804 homo

290 2853 400 2913 uester
415 2846 474 2912 sub
501 2846 684 2914 testimonio
716 2847 860 2913 eiusdem
885 2845 1027 2914 hominis
1058 2847 1161 2918 nostri
1191 2844 1298 2932 ipsum
1323 2846 1424 2929 Megi-

290 2960 392 3020 strum
408 2953 516 3021 Zoard
530 2953 564 3018 in
582 2954 825 3039 possessionem
836 2952 1012 3020 eorundem
1022 2952 1161 3020 filiorum
1171 2951 1298 3020 Audrce
1308 2953 1426 3040 Beyna

291 3067 441 3129 uocatam
457 3060 490 3126 in
507 3060 620 3128 eodem
638 3061 802 3128 Comitatu
817 3060 1036 3146 strigoniensi
1053 3060 1245 3128 existentem
1262 3080 1322 3146 pro
1338 3059 1426 3127 tacto

291 3168 476 3255 principaly
492 3175 523 3235 et
540 3169 673 3235 racione
689 3168 909 3254 predictorum
934 3175 1060 3253 septem
1079 3166 1280 3252 iudiciorum,
1297 3174 1330 3233 et
1346 3167 1426 3234 alio-

291 3295 362 3340 rum
378 3280 504 3359 septem
519 3273 711 3342 indiciorum
727 3274 903 3344 secundum
921 3274 1145 3342 diuersitatem
1161 3274 1330 3342 accionum
1347 3275 1428 3341 dicti

290 3382 440 3466 Magistri
455 3381 570 3460 Zoard‚
586 3387 620 3447 et
645 3380 778 3467 insuper
804 3381 941 3450 duorum
972 3381 1163 3449 iudiciorum
1179 3381 1428 3467 introduxisset,

289 3495 325 3556 et
348 3485 436 3555 adie
451 3488 706 3558 introducoionis
721 3510 824 3575 usque
842 3489 1153 3575 quintumdecimum
1169 3487 1255 3555 diem
1271 3507 1427 3573 permen-

287 3616 400 3663 eurum
417 3597 449 3661 in
466 3595 591 3682 ecdem,
610 3596 798 3664 conuocatis
814 3599 1043 3666 commetaneis
1060 3604 1091 3664 et
1107 3597 1234 3684 vicinis,
1250 3597 1284 3662 in
1301 3597 1427 3666 ibidem

286 3723 332 3768 ex
347 3703 469 3770 eisdem
484 3701 578 3770 ntrllo
595 3703 834 3772 contradictore
852 3705 1023 3772 existente.
1050 3703 1197 3771 Dixiseet
1218 3703 1324 3770 eciam
1340 3703 1427 3770 idem

290 3809 386 3876 homo
402 3816 511 3878 uester
526 3811 627 3879 uerbo
643 3817 750 3878 uestro
766 3811 871 3897 Regio
888 3813 1012 3881 eisdem
1023 3809 1239 3897 tilijsAndree
1251 3816 1284 3879 et
1294 3811 1428 3877 domiue

291 3919 388 3984 matri
403 3915 579 3985 eorundem
593 3918 627 3985 in
653 3919 770 4002 uigilia
785 3919 1013 4007 Apostolorum
1033 3919 1121 3988 Petri
1139 3925 1171 3986 et
1186 3917 1292 4004 Pauli,
1311 3918 1427 3985 uideli-

289 4033 342 4093 cet
356 4024 438 4092 teria
448 4026 559 4112 tercia,
570 4031 607 4092 nt
618 4026 746 4114 abipsa
761 4027 845 4094 feria
860 4029 962 4096 tercia
977 4027 1216 4114 quintodecimo
1234 4025 1289 4092 die
1305 4026 1428 4110 (conti

290 4131 369 4220 nuo)
385 4133 600 4218 computando
619 4140 731 4201 contre
756 4134 863 4221 ipsum
881 4136 1076 4220 Magistrum
1091 4134 1200 4204 Zoard
1215 4138 1429 4216 compareant

291 4259 401 4307 coram
417 4238 522 4328 uobis,
540 4260 638 4327 super
665 4237 752 4308 iacto
770 4241 944 4329 principali
970 4243 1183 4329 peremptorie
1215 4241 1427 4326 responsuri;

291 4351 324 4412 et
339 4353 415 4412 ente
430 4348 672 4434 responsionem
689 4366 800 4417 eorum
827 4349 1035 4419 satisfaciant
1060 4349 1102 4416 de
1117 4345 1249 4434 iudicijs
1280 4345 1428 4435 supradi-

282 4451 361 4520 ctis.
383 4453 505 4521 Datum
529 4453 584 4521 die
608 4454 769 4526 dominico
797 4463 872 4544 post
905 4457 1022 4527 festum
1039 4456 1269 4544 Apostolorum
1284 4454 1375 4522 Petri
1393 4461 1429 4520 et

289 4559 388 4627 Pauli
404 4579 489 4628 enno
505 4561 640 4629 Domini
656 4563 815 4634 M⁰Otitit
