3132 5162
300 483 444 550 iniuncto
461 481 508 550 eis
527 489 558 549 et
573 485 715 569 ipsorum
732 481 875 567 cuilibet,
908 478 993 566 quod
1025 489 1157 566 propter·
1190 481 1248 547 hoc
1281 480 1360 565 ipsis
1390 475 1431 540 de

303 592 373 656 iure
390 592 485 656 fuerit
499 588 741 674 iniungendum,
755 587 951 656 fraternitati
962 597 1015 654 tue
1031 587 1222 654 auctoritate
1235 587 1431 672 presentium

304 699 509 765 concedimus
526 697 732 782 facultatem3
749 698 880 782 proviso
898 703 932 764 ut
947 697 1044 762 iidem
1062 693 1283 761 concubinarii
1302 715 1431 780 prorsus

300 827 321 872 a
338 826 373 872 se
388 805 546 872 obiiciant
562 804 769 891 concubinas,
786 805 874 872 etde
892 805 955 872 hiis
972 804 1025 870 vel
1041 803 1114 870 aliis
1125 804 1432 870 minimoresumen-
1501 893 1504 898 Ι

300 915 351 980 dis
371 919 515 1000 prestent
528 913 690 998 ydoneam
723 911 911 980 cautionem.
949 911 1107 978 Nolumus
1138 919 1256 996 tamen,
1289 915 1325 975 ut
1349 908 1435 975 tales

303 1019 498 1088 concubinas
513 1021 604 1107 ipsas
621 1019 771 1086 abiurare
788 1019 970 1105 compellas.
988 1020 1107 1084 Datum
1123 1018 1211 1104 apud
1227 1016 1433 1083 Urbemvete-

304 1148 370 1194 rem
387 1127 426 1194 11.
442 1147 551 1194 nonas
567 1126 765 1212 Septembris
776 1127 985 1195 Pontificatus
1001 1145 1087 1193 anno
1104 1126 1204 1192 nostri
1221 1125 1327 1190 tertio.

306 1305 541 1370 (Tlreiner,Vetera
552 1308 731 1358 Monumenta
741 1307 881 1358 slavorum
899 1307 1121 1358 Moridionalium
1138 1306 1278 1356 historiam
1291 1304 1434 1355 illustran-

628 1398 677 1457 tia,
690 1399 711 1447 1.
727 1397 782 1448 kot.
799 1398 892 1458 Roma,
915 1397 992 1449 1863.
1008 1389 1110 1462 108.1.)

740 1685 950 1696 μ-

853 2185 886 2250 l.

312 2381 342 2447 A
368 2386 493 2488 repitent
517 2385 742 2470 kriptolunnolr
767 2384 1040 2470 bizorrpso'plevele,
1068 2389 1148 2471 kopp
1176 2387 1304 2452 Romctn
1329 2395 1438 2450 amator

312 2490 401 2556 burrei
417 2503 551 2577 asperent
568 2494 598 2557 e‘a
614 2494 759 2558 laroc-er·
783 2493 931 2578 biaonyos
955 2491 1080 2556 Garum
1105 2493 1232 2558 urelletta'
1257 2493 1439 2559 dirtolculcut

527 2597 652 2665 Anauni
668 2601 788 2666 Bodow
799 2601 959 2666 romescot
975 2599 1113 2664 elodtdlc.
1127 2601 1224 2664 1290.

579 2759 608 2823 Α
768 2762 794 2826 Β
958 2759 983 2826 C
1148 2759 1178 2824 D

418 2937 599 3026 Capitulum
615 2937 762 3006 mucrene
777 2939 950 3006 nitriensis
967 2939 1125 3007 vulneras
1141 2939 1262 3007 cnr-rso
1289 2939 1437 3006 sueinus

310 3052 475 3134 presentes
490 3045 614 3114 litteras
629 3045 822 3132 inspecturis
833 3049 968 3116 salutem
984 3049 1017 3115 in
1036 3067 1084 3136 eo,
1102 3047 1155 3132 qui
1172 3055 1222 3116 est
1232 3049 1373 3114 omnium
1390 3067 1437 3114 aa·

311 3155 371 3222 lus.
384 3153 433 3220 Ad
445 3154 666 3221 uniuersitatis
675 3161 781 3222 vestre
791 3156 944 3224 noticiam
954 3163 1064 3223 tenore
1078 3155 1280 3240 presencium
1293 3157 1440 3222 uolumus
1557 3227 1558 3248 ζ

311 3259 489 3347 peruenire,
521 3261 605 3346 quod
636 3261 818 3328 constitutis
851 3281 959 3328 coram
994 3263 1087 3330 nobis
1114 3264 1269 3347 Magistro
1294 3263 1440 3328 Romano
1557 3249 1558 3260 ¹

312 3369 558 3454 Archidyacono
573 3371 737 3436 Borsiensi
758 3376 789 3435 et
800 3370 954 3438 fratribus
971 3373 1037 3440 auis
1055 3373 1188 3439 Nicolao
1206 3379 1237 3439 et
1252 3370 1385 3439 Andrea
1399 3373 1440 3437 ab
1557 3365 1558 3424 l

312 3497 393 3560 rna;
409 3478 485 3542 item
502 3475 615 3544 Oomos
631 3476 750 3545 Bodow
766 3479 852 3546 filius
878 3477 1056 3545 Alexandri
1083 3479 1124 3544 de
1151 3482 1257 3547 Arsan
1282 3485 1375 3563 parte
1400 3482 1440 3546 ab
1557 3513 1558 3534 2

313 3585 434 3670 altera3
453 3583 588 3668 predicti
607 3586 758 3669 Magister
775 3589 936 3654 Romanus
969 3593 1001 3652 ct
1031 3586 1150 3654 fratres
1182 3589 1231 3653 sui
1263 3587 1442 3652 retulerunt
1557 3569 1558 3634 l

315 3693 445 3759 oraculo
462 3691 536 3758 riuc
552 3692 661 3758 uocis:
688 3692 774 3774 quod
798 3699 917 3758 terram
944 3694 1085 3790 ipsorum
1111 3695 1208 3760 sitam
1234 3694 1327 3760 iuxta
1354 3693 1442 3760 Gron
1557 3755 1558 3794 r

313 3800 396 3865 inter
411 3807 513 3866 terras
529 3799 680 3866 villarum
698 3799 1044 3889 Archiepiscopalium,
1056 3801 1206 3870 videlicet
1222 3821 1262 3865 ex
1275 3822 1338 3867 vna
1348 3811 1441 3888 parte
1557 3799 1558 3880 J

313 3909 395 3974 inter
411 3909 521 3976 villam
538 3908 683 3994 Bogdan‚
701 3916 733 3974 et
750 3929 790 3976 ex
807 3911 909 3976 altera
924 3910 1008 3977 inter
1024 3908 1135 3977 villam
1151 3909 1445 3988 Zodowvoeatam,
1557 3935 1558 3996 r

313 4019 404 4084 titulo
421 4017 598 4104 empcionis
613 4017 693 4102 ipsis
711 4017 905 4100 denotatam,
922 4016 1038 4086 Comiti
1054 4017 1167 4086 Bodon
1184 4019 1249 4085 filio
1267 4018 1443 4086 Alexandri
1557 4023 1558 4106 j

313 4125 474 4192 antedicto
489 4146 547 4212 pro
579 4125 695 4210 viginti
728 4123 844 4190 marcis
877 4123 1103 4194 Viennensium
1136 4126 1351 4214 denariorum,
1384 4147 1442 4213 pro
1557 4145 1558 4186 r

313 4232 459 4318 qualibet
474 4251 582 4299 maroa
598 4232 708 4300 decem
726 4252 845 4319 pensas
862 4235 1089 4322 computando,
1109 4234 1312 4304 vendidisset
1327 4235 1361 4300 in
1374 4274 1376 4278 ι
1389 4234 1442 4300 ha·

314 4339 425 4410 redum
451 4364 654 4413 successores
681 4350 836 4432 perpetuo
862 4345 1104 4432 possidendam,
1131 4343 1305 4411 tenendam
1329 4348 1361 4410 et
1387 4343 1443 4408 ha-

316 4451 475 4540 bendam;
491 4475 530 4520 ac
546 4453 760 4521 vendiderunt
776 4475 882 4522 eoram
902 4453 992 4520 nobis
1019 4474 1076 4539 pro
1103 4453 1198 4519 dictis
1224 4452 1338 4538 viginti
1364 4474 1446 4520 mar·
1557 4453 1558 4532 ξ

316 4563 364 4629 cis
381 4560 477 4649 plene
492 4565 652 4648 receptis5
670 4562 841 4630 reddentes
857 4561 1097 4666 nichilhominis
1115 4566 1304 4648 sepenotato
1331 4561 1450 4628 domiti
