3120 5172
769 331 927 436 ..eea

278 528 384 612 dans,
403 524 490 612 quod
506 547 567 611 per
577 545 636 592 nos
652 525 696 593 ad
706 525 869 594 cautelam
884 526 1048 592 hominnm
1065 527 1151 593 dieta
1167 526 1317 594 Ciuitatis
1331 525 1407 591 'l'ru-

284 637 369 722 gurij
396 655 528 720 presens
554 633 746 700 deberemus
778 633 935 700 conficere
960 633 1125 720 publinnm
1149 635 1406 702 instrumentum.

286 745 406 810 Verum
421 741 466 810 ad
481 741 623 808 futuram
633 741 680 806 rei
690 743 880 808 memoriam
893 749 926 808 et
941 747 1131 828 perpetuam
1147 742 1332 808 firmitatem
1340 759 1412 827 pre·

287 870 364 919 sens
379 849 546 938 publicum
562 849 717 934 seriptum
729 846 848 914 exinde
863 849 1044 915 factumest
1058 869 1117 936 per
1135 869 1251 916 manus
1267 849 1330 915 mei
1339 868 1406 936 pre·

286 957 383 1024 libati
398 955 511 1040 Felieij
528 955 655 1022 Publici
666 955 839 1023 Vestarum
856 955 984 1040 Notarij
994 957 1088 1039 signu
1106 975 1176 1022 meo
1192 955 1300 1044 solito,
1316 957 1416 1022 inter·-

288 1085 351 1150 que
367 1063 493 1132 Judieis
509 1069 542 1129 et
556 1069 701 1129 nostrum
725 1062 1004 1148 infrascriptarum
1019 1064 1148 1130 testium
1165 1063 1410 1150 subscriptioni-

277 1175 349 1239 'bus
365 1172 564 1238 roboratum.

396 1278 466 1361 Ego
482 1275 617 1344 Searrus
632 1277 716 1344 filius
733 1277 863 1345 Andree
878 1277 990 1344 militis
1006 1278 1114 1345 Judex
1129 1277 1236 1346 Veste.

278 1375 286 1384 ’
398 1385 467 1466 Ego
484 1383 627 1452 Thomas
642 1385 727 1452 filius
743 1386 907 1470 quondum
924 1385 1071 1470 Vgnlntti
1087 1387 1181 1454 testie
1196 1405 1269 1454 anm
1286 1387 1348 1452 stb

530 1578 653 1644 (Lucina,
665 1583 795 1634 Memoria
808 1583 925 1633 nturiehe
944 1583 971 1632 di
983 1583 1057 1634 'I‘rau
1073 1582 1132 1634 135.
1146 1581 1177 1647 l.)

822 2382 897 2450 188.

295 2575 361 2646 m.
377 2579 489 2646 Eadro
504 2583 615 2668 kirdty
629 2581 805 2666 magerbein·
815 2581 884 2644 tibh
894 2581 1142 2668 ndqrddmeqyei
1149 2581 1330 2668 jdezdynak
1341 2603 1425 2668 meq-

295 2689 440 2754 azeretedt
456 2689 609 2774 tdrqyazd
622 2687 762 2752 1291-kt
777 2687 1057 2774 bizonyeeqbvelte
1071 2687 1200 2755 Furkna
1223 2700 1333 2754 mester
1346 2689 1419 2754 Fut·

641 2793 756 2878 kuefla
773 2799 930 2860 szdmdra.
949 2794 1047 2859 1298.

403 2987 556 3057 Andreas
563 2989 625 3056 Dei
635 2989 747 3074 graeia
756 2987 932 3074 Hungarie,
943 2988 1126 3075 Dalmaaie,
1144 2987 1290 3074 Groneia,
1308 2991 1418 3074 Reme,

285 3095 419 3180 ¹Seruie,
438 3094 584 3179 Gallieie,
599 3095 802 3181 Lodomerie,
819 3094 988 3180 Cumania,
1005 3095 1219 3180 Bulgarieque
1236 3095 1306 3162 Rex
1322 3095 1419 3162 omni·

297 3202 359 3270 bus
374 3201 497 3269 Christi
510 3202 663 3270 fidelibus
688 3223 823 3289 presens
841 3203 997 3288 seriptum
1022 3203 1217 3289 inspecturis
1235 3202 1374 3269 salutem
1390 3203 1426 3268 in

300 3307 443 3375 omnium
459 3309 636 3396 saluatore,
661 3310 712 3375 Ad
722 3311 945 3378 uniuersorum
962 3309 1118 3376 noticiam
1134 3315 1201 3375 tam
1220 3307 1427 3395 presencium

301 3436 398 3500 qnam
413 3417 587 3482 futurorum
603 3416 717 3482 barum
743 3417 826 3484 serie
850 3417 1000 3484 uolumus
1026 3418 1206 3504 peruenire,
1234 3417 1322 3500 quod
1336 3433 1424 3482 aeae

299 3523 380 3588 dens
397 3522 440 3588 ad
456 3529 598 3588 nostram
615 3523 820 3607 presenciam
837 3523 991 3608 Magister
1006 3523 1277 3591 Fareasiusfilius
1292 3524 1429 3608 Fuleus,

299 3627 456 3712 Magister
486 3627 719 3695 Pineemarum
745 3630 875 3698 domine
906 3631 1028 3714 Regine
1059 3629 1235 3697 karissime
1266 3629 1425 3696 consortis

191 3733 195 3742 '
301 3743 423 3820 nostre,
450 3733 587 3802 dilectus
606 3743 637 3802 et
652 3735 758 3802 fidelis
776 3742 904 3819 noster,
940 3735 1086 3803 exhibuit
1110 3735 1204 3803 nobis
1229 3737 1356 3803 litteras
1372 3751 1424 3801 no·

302 3847 387 3908 stras
403 3859 501 3926 super
517 3842 603 3908 santo
619 3842 761 3908 omnium
777 3843 1017 3927 possessionum
1044 3843 1149 3928 ipsius
1168 3841 1254 3908 idem
1271 3842 1428 3926 Magister

301 3949 475 4016 Fareasius
493 3945 580 4035 (rgy)
597 3945 760 4015 contentas
785 3949 819 4014 in
845 3949 1005 4014 comitatu
1030 3948 1426 4031 Neugradieusiexisten·

306 4057 400 4136 nium,
415 4063 531 4142 petens
548 4075 568 4119 a
583 4053 676 4120 nobis
695 4074 767 4120 aum
783 4055 966 4142 instancia,
983 4061 1018 4120 vt
1043 4055 1174 4123 easdem
1190 4063 1280 4122 ratas
1297 4054 1426 4136 habere,

302 4169 335 4229 et
350 4169 461 4228 nostro
476 4163 648 4246 priuilegio
664 4160 874 4246 dignaremur
891 4164 1094 4230 confirmare.
1125 4161 1268 4241 Quarum
1296 4163 1425 4247 quidem

301 4272 482 4340 litterarum
496 4276 591 4337 tenor
606 4269 682 4336 talis
698 4277 767 4337 est:

279 4359 283 4370 '
410 4375 535 4443 Damus
550 4396 610 4464 pro
627 4375 783 4442 memoria
799 4375 861 4442 etb.
889 4373 1102 4463 (kbvetkezik
1118 4399 1229 4463 ugyan
1243 4379 1303 4446 III.
1320 4377 1430 4444 Endre

282 4483 481 4585 'kirttynuk
501 4481 635 4550 real-ki
661 4482 912 4567 tdrvtnykentsi
929 4482 1235 4570 bizonyssglevele,
1261 4483 1346 4551 mint
1360 4483 1425 4549 fen·

303 4592 382 4659 tent
399 4587 452 4654 2⁷.
470 4607 515 4653 sn.
536 4589 579 4672 n.)
