3112 5158
833 945 907 1017 101.

323 1127 373 1196 Aa
390 1132 577 1216 eaeterparni
601 1132 827 1220 ledptalanueie
851 1129 1130 1215 bieonyedpleuele,
1155 1127 1239 1214 bopy
1255 1149 1275 1190 a
1301 1123 1451 1210 Ndprddi

322 1239 450 1302 edrmele
475 1240 542 1304 tdhb
551 1240 712 1328 ιφὀὁὸάρμα
728 1238 916 1305 Sadesenben
939 1239 1010 1303 le'ub'
1031 1235 1216 1302 birtolrukat
1247 1232 1377 1302 Fartus
1400 1253 1446 1298 eo·

589 1369 660 1427 mee,
681 1344 925 1429 Fulbuafldaalc
940 1344 1057 1410 electra.
1074 1343 1092 1406 1
1097 1343 1172 1409 29-1.

582 1507 611 1574 A
870 1502 897 1571 B
1157 1497 1183 1568 O

434 1701 603 1770 Vniuersis
620 1700 740 1769 Christi
756 1700 907 1768 fidelibus
930 1704 1096 1786 presentes
1110 1697 1240 1764 litteras
1257 1693 1452 1781 inspecturis

323 1809 512 1895 Capitulum
531 1809 676 1877 Ecclesia
691 1809 926 1892 strigoniensis
942 1807 1081 1874 salutem
1105 1806 1139 1872 in
1169 1795 1311 1870 Domino
1328 1801 1449 1886 sempi-

322 1921 459 1984 ternam.
477 1919 529 1983 Ad
545 1917 768 1984 uniuersorum
784 1915 937 1982 noticiam
954 1921 1065 1981 tenore
1082 1912 1284 2000 presencium
1297 1911 1450 1978 volumus
1516 1950 1523 1968 t

321 2025 511 2106 peruenire:
541 2023 628 2108 quod
652 2023 804 2106 Wytalus
829 2029 860 2086 et
885 2021 969 2087 Peru
996 2019 1054 2104 lilij
1082 2017 1244 2102 Gregorij,
1270 2022 1302 2082 et
1326 2017 1450 2083 Paulus

321 2133 406 2200 filius
423 2129 566 2197 eiusdem
583 2131 743 2214 Wytalus,
760 2150 818 2214 pro
835 2149 870 2195 se
888 2135 920 2195 et
936 2148 994 2213 pro
1012 2125 1188 2194 Benedicto
1204 2125 1306 2191 tratre
1323 2144 1382 2191 suo
1408 2121 1451 2188 de

320 2240 454 2320 Fuleus,
469 2237 663 2322 johagiones
679 2235 783 2302 Casiri
800 2237 843 2302 de
873 2233 1028 2319 Nerrgrad
1045 2231 1088 2299 ad
1105 2239 1249 2299 nostram
1267 2231 1449 2316 personali·

324 2355 373 2414 ter
390 2345 581 2420 aecedentes
597 2344 797 2429 presentiam
814 2345 954 2410 confessi
971 2348 1053 2425 sunt,
1065 2341 1149 2407 duas
1161 2345 1269 2425 partes
1281 2337 1451 2406 cniusdam

322 2461 407 2520 terre
423 2473 481 2518 sue
496 2451 691 2519 hereditarie
706 2451 832 2517 Zeelren
850 2455 963 2516 vocate
973 2449 1060 2533 ipsos
1074 2446 1308 2530 contingentes,
1326 2445 1389 2512 site
1406 2447 1453 2510 v'r·

321 2558 442 2623 delicet
457 2555 543 2623 intra
559 2559 799 2639 possessionem
817 2557 967 2639 Farlrasij
986 2555 1121 2623 Comitis
1140 2549 1196 2638 lilij
1216 2553 1341 2620 Fullrus
1358 2552 1451 2618 simi-

320 2663 396 2730 liter
412 2665 539 2730 Zeehen
556 2669 680 2750 socrate,
697 2663 886 2730 vendidisse
901 2683 973 2728 eum
991 2662 1138 2728 omuibus
1165 2661 1356 2728 vtilitntibus
1381 2660 1454 2727 suis

322 2767 428 2835 eidem
440 2769 600 2836 Farlrasio
610 2767 728 2835 domiti
739 2769 796 2854 filij
810 2767 895 2856 (igy)
905 2768 1041 2855 Fulkus,
1056 2777 1087 2836 et
1097 2790 1154 2856 per
1165 2791 1235 2837 eum
1248 2769 1315 2836 suis
1325 2767 1452 2834 heredi·

323 2876 384 2943 bus
410 2877 630 2958 heredumque
655 2895 786 2942 suorum
811 2860 1052 2944 successoribus
1078 2898 1136 2963 pro
1162 2877 1279 2964 viginti
1305 2876 1454 2960 quinque

322 2985 439 3050 marcia
455 2985 573 3070 partim
591 2983 623 3048 in
640 2989 776 3066 argento
794 2989 826 3048 et
851 2982 1018 3067 partimin
1043 2983 1253 3053 estimaeione
1275 2983 1454 3066 condigna,

322 3111 380 3176 per
396 3092 500 3176 ipsum
519 3089 676 3156 Comitem
692 3089 886 3154 Furhasium
904 3089 1048 3173 plenarie
1065 3091 1190 3177 solutis,
1206 3099 1238 3158 et
1248 3089 1454 3177 pereosdem

324 3199 476 3284 Wytulus
491 3207 523 3263 et
537 3197 622 3264 filios
638 3215 724 3280 suos,
740 3217 799 3262 nee
814 3217 877 3262 nou
888 3195 973 3262 Petk
998 3196 1129 3264 fratrem
1146 3198 1227 3284 eius,
1248 3200 1455 3282 integraliter

320 3304 471 3391 receptis,
490 3311 644 3390 perpetuo
662 3303 843 3388 etpaeiiice
860 3291 1176 3388 perstreperemus
1202 3305 1323 3372 eisdem
1350 3311 1453 3374 metis

320 3421 353 3476 et
381 3413 537 3494 terminis,
563 3415 682 3495 quibus
706 3411 805 3496 ijdem
830 3409 1021 3495 babuerunt,
1046 3421 1228 3500 tenuerunt,
1256 3422 1288 3480 et
1312 3415 1456 3500 pacifice

319 3521 537 3605 possederunt.
554 3520 605 3584 Ita
632 3519 794 3602 videlieet,
809 3527 844 3586 vt
854 3519 1110 3604 quandocunque
1125 3529 1158 3586 et
1173 3541 1229 3606 per
1239 3542 1456 3608 quoscunque

321 3631 471 3711 pretextu
496 3627 696 3712 prolatarum
722 3625 856 3692 duarum
884 3626 1027 3712 parcium
1052 3635 1134 3694 terro
1161 3637 1334 3695 memorate
1358 3631 1455 3699 idern

322 3731 439 3820 Comes
466 3734 645 3801 Farlsasius
671 3734 723 3800 uel
746 3735 796 3799 sui
819 3735 1023 3819 posteritates
1039 3735 1270 3820 impeterentur,
1298 3725 1457 3822 lVytalns

321 3849 354 3906 et
370 3839 421 3907 sui
437 3841 586 3926 predicti,
603 3860 662 3942 nec
679 3861 741 3906 non
754 3840 838 3906 Petk
849 3840 1055 3924 supradictus
1066 3841 1219 3927 expedire
1231 3845 1453 3932 tenebuntur;

320 3955 416 4032 prout
429 3967 465 4015 se
480 3947 523 4015 ad
537 3947 598 4013 hee
615 3947 744 4014 firmiter
761 3948 956 4033 obligarunt,
981 3950 1122 4035 proprijs
1139 3949 1306 4018 laboribus
1330 3957 1361 4018 et
1393 3974 1453 4020 ex·

320 4053 440 4138 peusis.
458 4053 495 4122 In
512 4056 605 4122 euius
622 4058 666 4121 rei
685 4056 905 4122 testimoninm
922 4063 1090 4142 presentes
1108 4060 1325 4126 concessimus
1342 4060 1452 4146 sigilli

320 4161 421 4229 nostri
444 4161 619 4228 munimine
636 4164 813 4230 roboratas.
835 4165 953 4233 Datum
978 4185 1065 4230 anne
1092 4165 1220 4232 Domini
1245 4167 1363 4236 ΜὈΟυ
1390 4193 1450 4238 no·

318 4271 486 4356 nogesimo
503 4281 627 4358 quarto,
645 4272 751 4357 pridie
761 4271 922 4342 kalendas
938 4273 1068 4358 Aprilis.

318 4463 457 4530 (Ersdetie
470 4467 642 4536 bdrlrdrtyrin,
656 4467 769 4536 melyrb'l
781 4485 798 4522 a
810 4467 904 4537 precer
916 4477 993 4523 veros
1010 4469 1235 4537 selyernzsindron
1258 4475 1344 4543 itiggr
1358 4490 1374 4526 a
1396 4479 1449 4534 bu·

656 4560 701 4614 dsi
714 4561 764 4612 hir.
780 4561 902 4612 lamanai
916 4557 1107 4634 levdltdrban.)
