3098 5172
565 399 730 504 Q

89 591 199 680 uenire,
232 589 407 678 degeneres
423 613 490 662 non
505 600 644 661 recusat.
661 595 801 661 Proinde
819 593 862 662 ad
878 593 1099 662 uniuersorum
1131 593 1212 662 noti-

88 701 163 766 ciam
202 700 320 766 barum
341 701 425 768 serie
448 701 596 769 volumus
621 703 802 792 peruenire,
829 701 915 788 quod
947 702 1096 770 Andreas
1125 701 1211 770 filius

90 807 218 892 Chognd
236 807 276 874 de
302 809 412 875 Lache
437 801 632 877 uduornicus
665 817 776 878 noster
808 811 851 878 ad
883 817 1029 878 nostram
1055 809 1214 877 accedens

91 915 300 1002 presenciam,
316 915 448 982 anobis
464 913 629 983 humiliter
645 917 863 1003 supplicando
888 916 1079 1006 postulauit,
1105 923 1141 984 ut
1165 917 1213 1005 ip·

87 1041 150 1088 snm
165 1027 199 1088 ot
214 1021 334 1092 iratres
352 1045 429 1092 suos
446 1025 541 1092 simul
557 1045 629 1092 cnm
646 1031 733 1093 terra
750 1045 860 1095 eorum
877 1024 1076 1092 hereditaria
1091 1031 1125 1093 et
1149 1045 1213 1092 em·

87 1131 181 1214 pticia
204 1131 295 1218 ipsos
321 1132 534 1220 contingenti,
560 1154 618 1220 pro
646 1135 794 1220 seruicijs
820 1133 889 1203 anis
920 1131 1094 1218 meritoriis
1120 1133 1213 1201 nobis

88 1238 252 1327 impensis,
270 1239 311 1306 de
327 1241 444 1326 Regali
469 1241 698 1312 munificencia
724 1264 745 1309 a
769 1243 926 1328 primaria
948 1241 1137 1309 condicione
1163 1262 1215 1310 eo·

90 1347 221 1416 mndem
239 1350 422 1438 eximendo,
441 1351 475 1417 in
501 1357 607 1418 cetum
633 1359 665 1418 et
690 1371 859 1419 numerum
881 1352 1096 1420 seruienoium
1120 1369 1214 1433 rega-

85 1455 159 1522 lium
176 1465 360 1525 nostrorum
376 1457 555 1526 transferre
571 1458 791 1544 dignaremur.
808 1461 876 1529 Nos
893 1461 1002 1546 igitur,
1028 1461 1145 1544 quibus
1173 1477 1214 1526 ex

87 1561 189 1632 officio
206 1567 350 1652 suscepti
366 1566 536 1650 regiminis
562 1566 718 1635 incumbit
748 1567 853 1634 metiri
879 1575 911 1635 et
934 1585 1073 1654 pensare
1097 1565 1214 1632 merita

85 1671 294 1756 singulorum,
312 1681 344 1741 et
360 1674 531 1758 unicuique
546 1676 638 1742 iuxta
652 1675 837 1742 meritorum
854 1695 985 1742 suorum
1011 1672 1214 1758 exigenciam

84 1779 190 1862 dignis
207 1781 526 1848 remuneracionibus
543 1781 752 1870 respondere,
768 1781 1061 1850 commendabilem
1078 1779 1213 1846 fidelita-

83 1885 187 1976 temlet
196 1897 293 1971 grata
308 1891 467 1974 obsequia
482 1889 585 1975 ipsius
601 1890 742 1977 Andree,
760 1909 822 1974 que
837 1887 932 1957 nobis
948 1891 982 1955 in
993 1889 1131 1956 diuersis
1158 1907 1211 1954 ex-

82 1994 306 2078 pedicionibus
321 1997 427 2081 Regni
442 1997 543 2064 nostri
558 1995 705 2084 fideliter,
723 2018 788 2065 non
804 1999 875 2065 sine
890 1996 992 2084 ipsius
1008 1995 1131 2064 lesione
1155 1993 1213 2058 im-

83 2101 205 2185 pendit,
222 2108 256 2168 et
271 2104 457 2188 specialiter
474 2113 551 2172 tunc
566 2124 637 2172 curn
653 2126 713 2173 nos
739 2105 917 2173 exercitum
944 2111 1090 2171 nostrum
1115 2123 1213 2187 gene·

81 2211 180 2277 ralem
198 2218 312 2278 contra
327 2211 451 2280 Ducem
469 2213 600 2280 Austrie
617 2220 693 2280 tunc
710 2213 882 2300 capitalem
892 2212 1057 2279 inimicum
1067 2219 1213 2278 nostrum

82 2319 305 2404 amissenus,
337 2320 422 2387 idem
456 2319 603 2388 Andreas
634 2323 668 2387 in
700 2322 998 2408 expugnaoionibus
1031 2326 1212 2388 castrorum

81 2428 284 2496 lustralium
300 2449 358 2513 pro
375 2429 534 2496 fidelitate
549 2429 643 2497 nobis
659 2436 692 2496 et
713 2429 839 2498 Corone
865 2429 968 2514 Regio
993 2429 1105 2495 debita
1130 2427 1214 2493 iuter

82 2543 207 2604 ceteros
221 2535 327 2620 Regni
359 2538 462 2604 nostri
480 2539 608 2606 nobiles
632 2537 817 2609 laudabiles
843 2537 991 2606 exhibuit
1016 2537 1212 2620 famulatus;

79 2643 210 2710 demum
228 2665 299 2710 curn
316 2663 377 2710 nos
393 2645 570 2714 exercitum
586 2653 731 2713 nostrum
748 2654 864 2714 contra
881 2647 964 2713 lilios
981 2644 1112 2712 Herrici
1129 2643 1213 2710 Bani

77 2749 119 2818 ad
134 2751 378 2821 contumaciam
395 2759 428 2818 et
447 2752 677 2820 infidelitatem
703 2773 814 2820 eorum
841 2751 1069 2820 conterendam
1094 2751 1212 2819 mouis-

78 2877 197 2946 semus,
228 2858 333 2927 dictus
348 2859 497 2928 Andreas
513 2867 579 2927 tum
595 2862 627 2926 in
647 2861 945 2947 expugnacionibus
972 2865 1152 2927 castrorum
1178 2859 1214 2924 li-

77 2966 197 3034 liorum
214 2967 353 3055 Herrici,
371 2988 469 3052 quam
484 2967 518 3034 in
535 2969 613 3054 alijs
628 2969 663 3035 in
694 2968 829 3053 signum
848 2967 1017 3036 fidelitatis
1043 2987 1213 3052 personam

76 3075 184 3160 ipsius
202 3076 335 3143 casibus
351 3075 479 3142 fortune
495 3095 658 3162 exponere
682 3098 747 3144 non
767 3077 911 3164 expauit,
929 3075 1142 3162 attendentes,
1161 3090 1213 3141 vo·

70 3183 249 3268 lentosque
264 3203 324 3268 pro
341 3184 488 3268 ser'uicijs
504 3186 641 3269 Andree,
658 3184 762 3270 uobis,
780 3191 815 3251 ut
826 3183 1019 3270 premissum
1040 3180 1211 3267 est,lideli-

73 3297 123 3356 ter
144 3290 299 3376 inpensis
314 3309 482 3359 occurrere
492 3291 593 3376 Regio
603 3313 674 3359 curn
685 3292 807 3378 fauore,
827 3309 1022 3376 quamquam
1038 3287 1214 3355 maioribus

72 3395 405 3465 remuneracionibus
432 3397 549 3484 dignus
566 3399 747 3486 haberetur,
774 3399 880 3484 ipsum
905 3397 1068 3464 Andream
1094 3403 1127 3464 et
1151 3395 1213 3462 ira·

71 3513 140 3575 tres
176 3525 258 3574 suos
291 3505 431 3573 (lhemeu
463 3513 495 3571 et
511 3505 660 3573 Rndreus
690 3506 775 3574 filios
801 3503 956 3591 Cbugud‚
983 3505 1088 3571 'Peber
1111 3502 1213 3570 lilium

69 3615 182 3701 Chyk,
220 3613 405 3680 Samuelem
437 3613 537 3681 lilium
552 3613 747 3700 Salomonis,
779 3613 962 3682 Johannem
987 3613 1087 3680 lilium
1114 3614 1212 3680 Geor·

68 3721 144 3810 gij,
180 3719 403 3788 Benedictum
434 3721 537 3790 lilium
578 3723 763 3809 Laurencij,
805 3730 837 3788 et
863 3721 1082 3789 Karachiuum
1114 3718 1214 3786 lilium

68 3829 175 3916 Bcch,
195 3835 233 3898 et
248 3849 308 3915 per
324 3829 412 3915 ipsos
438 3851 548 3898 eorum
581 3829 717 3898 heredes
743 3830 960 3914 heredumque
985 3849 1114 3896 suorum
1144 3846 1214 3894 suo-

65 3957 249 4022 cessores,
281 3937 379 4003 simul
410 3957 482 4003 cum
498 3942 586 4004 terra
611 3958 719 4004 eorum
752 3935 949 4004 hereditaria
979 3935 1089 4003 Lucbe
1119 3953 1213 4001 voca·

65 4053 100 4112 ta
132 4045 237 4132 ipsos
262 4043 464 4128 contingenti
490 4051 521 4111 et
546 4045 709 4132 empticia,
726 4044 770 4113 de
793 4064 926 4112 numero
951 4043 1143 4128 populorum
1159 4039 1214 4108 vd-

64 4154 291 4223 uornicorum
307 4157 491 4219 nostrorum
508 4153 696 4240 eximentes,
728 4159 764 4219 vt
793 4158 952 4238 augeatur
971 4169 1124 4216 numerus
1149 4149 1215 4216 bel-

63 4262 235 4345 latorum,
250 4260 284 4326 in
301 4267 418 4345 cetum,
449 4281 618 4328 nnmerum
636 4268 668 4326 et
685 4261 882 4327 consorcium
901 4259 1005 4343 Regni
1030 4257 1132 4326 nostri
1157 4277 1211 4323 no-

65 4371 193 4438 bilium
216 4385 262 4434 ex
278 4373 368 4433 certa
383 4366 526 4434 sciencia
542 4375 575 4434 et
589 4387 680 4436 mera
695 4366 891 4435 liberalitate
907 4365 1057 4432 duximus
1075 4363 1211 4433 transie-

65 4477 210 4560 rennos
235 4475 385 4544 volentes
400 4481 518 4543 uttam
533 4476 608 4564 ipsi,
624 4495 721 4562 qnam
737 4477 880 4563 ipsorum
895 4471 1033 4541 heredes
1049 4469 1215 4540 heredum·

62 4607 127 4670 que
163 4601 312 4653 suorum
337 4581 535 4669 inposterum
560 4603 773 4669 successores,
798 4603 837 4651 ea
863 4583 1030 4668 gaudeant
1054 4583 1212 4668 libertate,

62 4713 176 4779 eoque
193 4689 380 4778 pociantur
396 4689 525 4778 honore,
537 4693 681 4777 quaveri
698 4699 731 4760 et
747 4691 843 4778 primi
859 4687 963 4774 Regni
979 4690 1080 4755 nostri
1091 4688 1214 4756 nobiles

986 4799 1025 4864 tl
1037 4795 1056 4834 ¹·
