3170 5166
847 913 924 982 278.

324 1109 389 1176 III.
406 1111 519 1175 Endon
533 1111 707 1192 kiro'lpnok
719 1133 888 1198 parancso
904 1137 925 1177 a
941 1111 1127 1180 doresziesek
1153 1113 1256 1180 oddar·
1271 1115 1455 1202 felde'ovizi

319 1219 548 1304 konnentjdhez,
574 1220 654 1305 doqy
681 1219 789 1304 Znyrh
818 1226 901 1284 ororii
924 1218 1243 1306 helyodpfekvdodrdl
1268 1235 1378 1308 teqyen
1404 1227 1456 1310 je.

721 1306 1041 1394 renrornvorrorrr.
1575 1309 1576 1370 r

429 1519 578 1587 Andreas
596 1519 656 1585 Dei
673 1521 786 1604 grania
803 1521 873 1590 Rex
898 1521 1042 1605 Vngoris
1059 1521 1206 1587 fidelibus
1237 1524 1305 1590 suis
1337 1521 1449 1591 Priori
1575 1539 1576 1602 ξ

321 1632 354 1693 et
369 1627 550 1695 (ionusntni
567 1627 805 1696 (iruoiferorum
822 1627 863 1696 do
886 1627 1013 1698 Calidis
1029 1628 1134 1712 Aquis
1149 1630 1288 1697 salutem
1314 1635 1347 1696 et
1378 1651 1453 1716 grs-

321 1734 419 1802 oiam.
436 1735 604 1804 Fidelitati
619 1744 728 1805 vestre
744 1736 954 1826 prooipiondo
979 1737 1183 1824 mandamus,
1199 1744 1360 1822 quatenns
1377 1739 1454 1804 mit-

325 1843 405 1910 tatis
437 1863 534 1910 vnum
552 1865 593 1910 ex
609 1842 704 1912 nobis
721 1843 825 1910 uirum
850 1843 1025 1930 ydoneum,
1058 1862 1167 1910 noram
1198 1863 1262 1928 quo
1293 1845 1456 1930 Magister

323 1949 480 2018 Nioolaus
496 1951 572 2019 aulo
591 1955 701 2018 nostro
716 1952 872 2019 Notarius
888 1950 1094 2038 presentibus
1104 1951 1335 2019 oommotanois
1351 1959 1383 2018 et
1409 1954 1456 2019 vi-

319 2057 403 2125 cinis
418 2057 502 2126 sciat
521 2065 554 2126 et
570 2057 724 2145 inquirat,
742 2065 849 2126 utrum
866 2059 900 2126 in
917 2061 1080 2127 comitatu
1095 2057 1257 2126 Portiensi
1281 2061 1318 2125 in
1333 2060 1453 2126 vieini-

320 2172 387 2232 tato
403 2174 486 2232 terro
502 2165 624 2233 'Paxun
648 2166 691 2232 sit
707 2173 794 2234 terra
810 2167 920 2252 Zsyoh
938 2173 1064 2254 renato,
1082 2173 1115 2235 et
1131 2167 1174 2233 sit
1189 2171 1279 2235 torro
1294 2168 1389 2235 Pauli
1416 2175 1451 2236 st

319 2273 389 2339 Zob
406 2273 544 2340 filiorum
567 2272 696 2360 Rngh
712 2273 921 2360 hereditoria,
940 2295 1002 2341 neo
1019 2295 1080 2360 no3
1121 2280 1153 2341 et
1184 2274 1269 2341 siout
1300 2273 1449 2360 soiu'erit,

320 2379 414 2446 nobis
436 2379 576 2447 fideliter
591 2379 788 2448 rescribatis.
805 2381 925 2447 Dotnm
940 2380 1037 2448 Bnds
1051 2379 1193 2450 sooundo
1219 2380 1272 2448 dis
1303 2379 1451 2468 Philippi

321 2491 356 2554 ot
370 2486 486 2554 Jacobi
502 2487 741 2573 Apostolorum.

410 2680 444 2738 (A
458 2681 604 2736 fsihdrrizi
618 2685 795 2737 konvsntnsk
806 2682 997 2748 jelnntsrsbffl,
1013 2687 1079 2736 mint
1092 2681 1175 2737 aldbb
1189 2686 1252 2736 ³01.
1267 2701 1304 2737 ει.
1319 2689 1357 2742 n.)

856 3483 932 3551 279.

316 3681 381 3748 III.
397 3682 508 3747 Errdre
523 3682 634 3767 kirdly
650 3683 755 3748 Ochos
770 3681 943 3765 com'esnek,
964 3681 1000 3746 ki
1016 3679 1141 3766 dir'rdqot
1149 3677 1260 3766 foyod
1276 3703 1299 3744 a
1325 3681 1449 3769 kirdly-

586 3791 662 3868 notk,
671 3791 786 3875 janait
801 3789 973 3874 biztositja.
989 3767 1040 3853 lio
1056 3787 1176 3852 roe'lkdl.

424 3982 574 4052 Andreas
589 3983 652 4052 Dsi
668 3983 780 4068 granio
794 3985 864 4050 Rex
879 3981 1024 4069 Vugarie
1040 3979 1127 4048 fideli
1137 4000 1197 4047 suo
1207 3979 1327 4048 Comiti
1338 3979 1451 4048 Oohurr

316 4093 456 4160 salutem
482 4097 515 4158 ot
529 4091 685 4176 graciam.
702 4091 767 4158 Pro
784 4109 833 4178 eo,
851 4091 929 4173 qnia
945 4097 978 4158 ts
994 4110 1016 4157 s
1031 4089 1108 4174 filijs
1123 4087 1251 4155 Hernici
1283 4089 1453 4158 retrahen-

317 4199 363 4266 do
379 4199 475 4267 nobis
491 4217 620 4267 omnem
636 4199 830 4267 fidelitatem
847 4198 1003 4266 exhibere
1021 4217 1056 4264 ss
1081 4204 1229 4284 paratus,
1248 4196 1338 4264 omni
1354 4195 1454 4265 dilen·

316 4306 411 4372 oions
426 4311 458 4374 ot
474 4305 588 4374 sonoro
602 4305 706 4389 Regio
721 4305 873 4392 prosequi
889 4303 1038 4372 volumus
1054 4309 1088 4371 st
1111 4301 1280 4390 amplsoti,
1313 4309 1346 4369 et
1377 4323 1454 4388 pos·

317 4414 495 4494 sessiones,
511 4431 596 4499 quos
612 4411 743 4482 anobis
760 4411 818 4481 tibi
844 4408 938 4480 reddi
968 4409 1115 4500 potebas,
1145 4409 1187 4477 ds
1220 4409 1455 4478 munificencia
