3068 5164
836 309 990 410 ἑὲ.-

353 521 555 573 ouoooeooreo
586 505 722 591 pooifioo
753 511 786 572 et
811 505 918 591 quiete
953 505 1210 574 irreuooobiliter
1235 503 1472 591 possidendum.

352 611 452 679 Guiuu
467 609 597 694 quidem
613 619 699 680 torre
715 621 799 679 meto
818 612 880 682 hoo
896 612 1010 680 ordine
1028 613 1265 696 distinguntur:
1283 611 1376 696 quod
1392 613 1471 679 vide·

351 721 427 789 lioot
442 719 546 806 primo
561 727 649 787 meto
665 721 782 807 iuoipit
797 721 841 788 ab
857 721 1020 808 aquilone,
1037 720 1092 788 vbi
1108 727 1184 788 ouut
1198 719 1262 786 due
1279 720 1334 786 nie
1352 721 1472 786 vouieo-

350 837 401 896 tee
418 849 439 894 o
454 828 534 895 villu
547 827 707 912 Perezteg
722 833 754 894 et
770 847 791 892 o
806 827 887 894 villo
902 827 998 894 Korn
1015 827 1270 912 ooniuuguntur;
1288 825 1330 895 de
1342 848 1410 911 quo
1424 849 1471 913 pen

352 937 502 1004 vudeoim
517 941 621 1002 metor
638 935 759 1002 dinoote
774 933 818 1001 od
834 932 999 1002 meridiem
1016 933 1385 1020 doooeuditodprotnm
1401 935 1469 1002 Sod-

355 1045 408 1110 leu
426 1049 658 1130 nuncupatum,
675 1043 729 1108 vbi
746 1043 815 1129 ipro
832 1047 917 1110 mete
932 1043 1109 1127 iunguntur
1123 1044 1198 1128 oliju
1223 1045 1320 1110 metio
1348 1043 1472 1109 (tonino

356 1151 443 1218 Petri
459 1149 650 1238 supradieti,
667 1157 698 1216 et
713 1149 827 1218 eedem
843 1171 901 1236 per
917 1149 1073 1216 Comitem
1099 1151 1226 1216 Petrum
1251 1150 1387 1217 eleuate
1411 1171 1471 1218 sum

351 1265 384 1326 et
399 1263 515 1342 ereote,
533 1275 596 1342 que
612 1261 654 1326 ab
670 1255 835 1326 oooidoote
850 1267 981 1344 separat
994 1266 1112 1324 terram
1138 1257 1259 1340 Oukou,
1287 1259 1330 1324 ab
1358 1261 1471 1326 oriente

354 1385 430 1432 vero
446 1363 578 1452 Morkyo
603 1365 720 1432 Comiti
737 1363 931 1453 supradicto.
958 1366 1051 1444 Quod
1076 1373 1111 1432 vt
1135 1373 1240 1432 ratum
1265 1367 1319 1450 eit,
1346 1386 1472 1452 precem

350 1473 504 1558 seriptum
519 1473 711 1540 contulimus
728 1480 838 1541 nostro
849 1475 958 1560 sigillo
969 1473 1206 1540 eommunimm.
1223 1475 1391 1559 Magistro
1408 1476 1464 1556 ily·

351 1579 464 1648 ohoele
479 1580 656 1666 Proposito,
673 1581 792 1647 Goumo
808 1582 958 1663 (lentore,
983 1579 1094 1648 Blasio
1120 1580 1271 1662 Custode,
1289 1583 1396 1649 Petro
1421 1583 1469 1648 De-

351 1709 431 1754 oauo
448 1687 595 1754 Ecclesie
612 1695 720 1754 nostre
736 1687 959 1755 existentibus.
976 1687 1069 1753 Auno
1086 1687 1127 1754 ab
1154 1689 1394 1757 luooruaoioue
1420 1691 1470 1756 Do-

353 1793 432 1862 mini
448 1795 566 1862 Μῡῡῦο
583 1796 795 1879 nonogesimo
813 1793 968 1862 seeundo.

348 1995 489 2059 (Ugyouo
511 1991 620 2047 voovdri
644 1990 835 2060 kdptnlounok
860 1994 971 2042 rots-trt
997 1989 1151 2054 triruutbot,
1179 1993 1249 2057 moly
1275 1994 1365 2060 Lajos
1393 1992 1470 2060 kirtly

350 2084 418 2133 uoto
434 2084 551 2144 „Datum
565 2086 592 2132 in
606 2083 748 2148 Vysegrud
763 2085 858 2148 quinto
871 2083 915 2134 die
929 2085 990 2134 loeti
1004 2083 1176 2134 Aooeusionie
1191 2082 1320 2134 1)οιπιίῐιίιι
1349 2085 1412 2136 kelt
1434 2101 1471 2150 pr·

348 2170 482 2224 Μαίη.
498 2175 566 2224 1378
583 2173 626 2234 ,iu
639 2174 707 2224 sesto
721 2174 865 2224 Beotorum
879 2173 953 2228 Petri
966 2181 993 2225 et
1006 2173 1084 2222 Pauli
1097 2173 1306 2240 Apostolorum⁸
1325 2175 1407 2239 ujbdl
1420 2177 1469 2226 kin·

593 2261 696 2326 dutott5
711 2279 727 2313 r
741 2263 822 2314 budoi
836 2263 887 2315 kir.
902 2263 1026 2314 komuroi
1040 2260 1229 2329 lovdltdrbun.)

875 3101 949 3169 395.

344 3299 559 3387 domprdmi
574 3299 799 3383 kdptolannole
816 3279 1087 3384 bizooyodyleoole,
1106 3301 1188 3386 doqy
1205 3299 1317 3386 Eytai
1335 3297 1478 3366 Odedeuo

345 3429 441 3472 comen
459 3411 491 3475 έε
507 3407 618 3492 Eyleoo‘
633 3415 711 3470 neott
726 3407 838 3472 troicus
857 3405 1115 3492 sdbirtokolobon
1131 3407 1366 3474 ooztozlrodtole.
1380 3410 1475 3473 1292.

454 3623 523 3688 Noe
550 3617 733 3705 Capitulum
761 3620 1014 3708 Vesprimieusio
1040 3621 1185 3688 Euoleoie
1201 3618 1317 3688 demus
1334 3641 1397 3706 pro
1415 3643 1474 3686 me-

346 3728 458 3810 morio,
483 3727 569 3812 quod
594 3727 717 3795 Gemite
744 3725 876 3795 Chelleo
902 3728 943 3796 de
969 3729 1066 3814 Eyku
1091 3749 1148 3815 pro
1174 3749 1209 3794 so
1225 3735 1258 3794 et
1284 3749 1343 3814 pro
1370 3729 1474 3797 Pone

344 3835 448 3922 llyko,
467 3835 642 3923 Stephano,
660 3843 691 3901 et
710 3857 768 3921 pro
780 3835 950 3923 Oluplilijo
967 3839 1032 3907 uuio
1050 3857 1091 3906 ex
1106 3855 1171 3903 uuo
1182 3843 1283 3922 porte,
1301 3836 1470 3923 Stephano

343 3943 409 4009 filio
425 3943 582 4031 Stephani
600 3944 642 4010 de
653 3942 778 4032 eodem,
794 3943 862 4012 filio
879 3945 1030 4013 videlieet
1045 3945 1155 4012 fratris
1173 3943 1318 4012 eiusdem
1335 3945 1471 4010 Comitis

234 4119 240 4127 ,
341 4049 476 4136 Chelley
492 4069 533 4118 ex
549 4053 662 4136 altere,
681 4071 789 4120 eoram
799 4052 892 4120 nobis
909 4052 1119 4138 personaliter
1129 4050 1321 4137 eonstitutio,
1339 4069 1469 4120 oonoor-

342 4155 423 4222 diter
440 4158 643 4242 propositum
661 4158 765 4224 extitit
782 4177 840 4243 per
857 4160 987 4227 eosdem
1005 4183 1012 4243 ς
1030 4159 1115 4244 quod
1132 4167 1254 4225 terrum
1263 4159 1412 4242 ipsorum
1421 4157 1472 4222 lue

341 4261 528 4332 redituriam
545 4263 579 4328 in
596 4263 693 4352 Eyko
708 4265 866 4350 hobitum,
883 4286 904 4332 o
919 4267 1013 4334 terrie
1030 4271 1240 4349 cognotorum
1266 4283 1404 4331 snorum
1432 4266 1470 4331 de

343 4371 558 4452 generooioue
575 4390 684 4438 eorum
701 4380 889 4458 separatum
906 4381 937 4439 et
954 4372 1139 4440 distinotum
1155 4391 1214 4456 per
1230 4370 1362 4438 modum
1380 4372 1474 4460 punio

342 4484 374 4544 ot
389 4477 560 4545 oouoordie
575 4479 704 4546 interne
720 4479 880 4565 equaliter
890 4477 1090 4566 diuisissent,
1103 4479 1201 4547 eertis
1211 4479 1359 4546 terminio
1371 4489 1472 4564 atque

344 4581 439 4648 metio
453 4581 690 4666 distinguendo.
707 4582 951 4669 omniquidem
967 4593 1053 4654 terro
1069 4593 1101 4655 et
1116 4583 1287 4658 diuisionio
1297 4593 1397 4672 mete,
1417 4587 1473 4654 eir·
