3132 5162
88 501 189 588 litum,
206 521 267 567 neo
282 500 395 582 aliqua
411 501 462 566 sui
480 505 573 584 parte
586 498 751 582 viciatum,
769 502 873 562 ratum
885 497 1042 565 babentes
1059 506 1090 564 et
1106 520 1221 584 accep-

85 617 114 676 tu
124 631 167 693 m,
184 609 226 674 de
244 611 344 675 uerbo
360 608 403 674 ad
421 609 555 674 uerbum
582 608 785 692 presentibus
810 608 968 673 inscrtum
996 605 1221 694 a(u)otoritato

88 717 290 801 presencium
307 715 458 782 duximus
476 713 728 781 confirmandum
746 714 912 798 duppliois
928 715 1031 798 sigilli
1041 717 1141 782 nostri
1152 737 1219 781 mu-

89 825 211 891 nimine
229 825 423 891 roborando.
442 825 563 890 Datum
579 843 638 909 per
669 843 785 888 manus
817 823 951 888 discreti
983 822 1042 887 uiri
1074 823 1221 906 Magistri

87 931 248 998 Theodori
265 931 417 999 Albensis
434 931 580 997 Ecclesie
595 929 758 1015 Proposiii
784 931 858 996 aule
889 937 998 997 nostre
1029 929 1109 996 Vice
1141 931 1244 998 Can·

93 1041 215 1124 cellarij
234 1041 346 1108 dilecti
363 1048 394 1106 et
411 1040 519 1106 fidelis
535 1039 636 1106 nostri
662 1059 750 1104 anno
776 1037 909 1104 Domini
935 1039 967 1102 M
975 1037 1055 1104 ⁰00⁰
1079 1059 1219 1122 nonage-

91 1149 167 1214 simo
179 1148 295 1234 primo,
314 1151 456 1234 septimo
469 1147 633 1214 kalendas
650 1146 859 1233 Septembris,
875 1146 979 1230 Regni
997 1151 1105 1212 autem
1116 1147 1219 1212 nostri

93 1275 174 1321 anno
189 1255 345 1322 secundo,

90 1453 222 1517 (Erodetio
236 1449 413 1520 bb'rhirtyan,
427 1468 444 1504 a
457 1459 535 1504 vbrbs
548 1452 780 1518 selyemzsinbron
805 1453 915 1518 fttggbtt
927 1451 1020 1518 pecsbt
1038 1453 1177 1513 eliserunt,
1201 1465 1218 1501 a

402 1545 485 1595 budai
508 1546 559 1595 kir.
574 1545 697 1596 kamarai
711 1541 901 1610 leveltbrbau.)

546 1829 759 1840 m

615 2366 671 2433 21.

87 2565 147 2629 III.
163 2565 273 2629 Eudo-c
288 2565 460 2650 kiroilpcolo
474 2563 842 2648 Rozcnyobduyauciroat
853 2569 1009 2651 turpyazo
1017 2567 1210 2650 adoma'nyo

90 2673 241 2737 Lcdomeir
264 2673 450 2761 esztcrpomi
473 2673 561 2740 euseb
585 2676 617 2738 aa
642 2696 678 2737 az
704 2677 892 2760 ecaterpami
908 2675 1025 2761 oppida
1049 2679 1212 2741 szdmoiro.

601 2781 699 2847 1291.

199 2975 347 3044 Andreas
364 2976 427 3042 Dei
437 2976 549 3060 gracia
557 2975 738 3062 Hunga'rie,
752 2975 933 3063 Dalmacie,
945 2977 1089 3062 Croaoie,
1101 2977 1213 3065 Reme,

88 3083 207 3170 Seruio,
223 3083 370 3172 Gallicis,
385 3085 587 3171 Lodomerie,
605 3085 772 3172 Cumanis,
788 3084 1006 3168 Buigarioque
1026 3087 1096 3152 Rex
1113 3085 1213 3150 omni-

12 3245 13 3270 p
88 3191 142 3258 bus
158 3189 283 3259 Christi
298 3192 448 3260 fidelibus
464 3199 651 3277 presentem
668 3194 827 3278 paginam
852 3191 1046 3277 inspecturis
1071 3192 1212 3258 salutem

12 3375 13 3380 ἵ
88 3298 118 3364 iu
132 3301 275 3368 omnium
300 3302 476 3370 saluatore.
494 3301 547 3367 Ad
572 3303 803 3370 vniuersorum
827 3301 981 3368 noticiam
1005 3305 1119 3367 tenore
1144 3321 1214 3385 pre-

86 3407 444 3477 sencinmharumserie
455 3409 601 3477 volumus
614 3411 784 3493 peruenire
806 3432 813 3473 :
833 3408 1001 3492 quodcum
1017 3409 1171 3475 internos
1182 3415 1214 3474 et

12 3569 13 3600 p
87 3511 248 3584 dominum
263 3517 433 3585 Albertum
449 3518 512 3585 Dei
529 3517 643 3601 gracie
657 3519 781 3585 Ducem
797 3517 933 3584 Austrie
944 3517 1213 3601 grauissimarum

12 3645 14 3710 μ
87 3623 401 3692 etarduissimarum
433 3645 531 3710 super
556 3627 794 3712 occupaucioue
831 3625 1211 3693 castrorumterritorio·

12 3725 14 3810 ᾗ
85 3751 148 3795 rum
165 3733 423 3820 quamplurium
434 3733 519 3816 juris
535 3732 639 3802 nostri
655 3734 816 3800 suscitata
844 3732 957 3800 fuisset
972 3735 1110 3802 materia
1135 3754 1214 3816 que-

12 3867 14 3940 3
87 3837 233 3925 stionum,
248 3845 281 3904 et
297 3846 495 3925 congregata
511 3860 684 3908 numerosa
699 3861 757 3926 per
777 3841 839 3909 Dei
855 3843 1011 3927 graciam,
1036 3847 1069 3906 et
1093 3840 1213 3907 valida·

12 3945 16 4056 j
86 3947 242 4013 exercitus
269 3949 372 4014 nostri
389 3947 484 4034 mole,
502 3950 610 4036 ipsum
624 3951 749 4016 Ducem
767 3955 800 4016 et
820 3955 921 4016 totam
931 3947 1098 4016 Austriam
1109 3948 1143 4014 in
1160 3969 1213 4016 ex-

12 4059 14 4112 t
85 4059 168 4123 tenso
183 4055 341 4141 brachio,
374 4077 536 4142 manuque
566 4059 700 4126 robusta
716 4057 894 4126 fuissemus
920 4057 1080 4142 aggressi,
1099 4077 1138 4122 ac
1154 4077 1213 4142 pro

13 4165 14 4234 Ῑ
85 4160 231 4248 dampnis
247 4163 541 4233 innumerabilibus
553 4173 585 4233 et
600 4165 738 4234 infinitis
753 4165 886 4250 iniurijs
902 4165 1065 4252 irrogatis,
1085 4165 1213 4233 castris·

87 4287 143 4351 que
160 4271 282 4338 nostris
300 4278 333 4339 et
364 4280 543 4341 nostrorum
569 4275 739 4342 territoriis
764 4295 822 4343 seu
849 4275 1110 4360 possessionibus
1135 4281 1212 4342 aute

14 4385 19 4427 ἰ
85 4385 221 4444 nostram
239 4381 500 4466 coronacionem,
518 4389 550 4448 et
566 4389 655 4468 post,
669 4403 727 4468 per
750 4384 853 4469 ipsius
885 4381 984 4448 Ducis
1016 4382 1209 4448 violenciam

83 4485 306 4566 potencialiter
322 4489 499 4572 occupatis,
516 4489 550 4554 in
580 4511 646 4557 non
677 4511 781 4575 parua
811 4497 904 4576 parte
935 4489 1032 4556 totius
1063 4487 1210 4554 Ducatus

84 4587 351 4666 Austrieuecesse
370 4593 542 4664 habuimus
559 4597 726 4665 inuexisse
741 4619 806 4667 non
816 4595 977 4666 modicam
1003 4597 1207 4682 vastitatem
