3098 5172
811 299 976 400 geo-

327 500 567 582 procnratorcm
583 500 724 562 nostrum
750 497 882 562 nomine
906 515 965 562 sno
991 501 1023 560 et
1046 499 1165 580 nostro,
1191 501 1226 561 nt
1252 494 1436 580 promittitur,

327 606 423 692 lacta,
441 624 513 670 cum
529 603 692 670 instancia
708 604 865 687 requisiti.
882 602 941 670 dui
959 603 1088 687 quidem
1114 603 1360 686 renunciacioni,
1376 623 1437 688 per·

327 713 473 780 missioni
504 716 537 776 et
568 709 715 795 cessioni,
747 711 833 778 sicut
863 731 924 777 nec
949 729 1134 797 possumus,
1160 709 1209 778 ita
1233 709 1334 777 ceiam
1357 711 1434 776 nolu·

327 843 397 889 mus
414 823 448 888 in
465 821 574 905 aliquo
591 819 770 904 contraire3
788 820 848 887 sed
861 819 1014 903 quicquid
1040 840 1098 905 per
1122 817 1261 886 eundem
1287 819 1435 886 dominum

327 933 362 996 B.
381 931 575 1016 Episcopum
592 935 625 996 et
641 933 880 1013 procuratorem
893 933 1051 1010 nostrum,
1068 932 1175 995 sucat
1201 933 1311 994 nostro
1321 927 1436 994 nomine

326 1038 525 1122 factumest,
543 1035 724 1122 laudamus,
741 1038 961 1120 approbamus
986 1041 1019 1100 et
1034 1033 1251 1120 promittimus
1275 1036 1334 1102 sub
1357 1035 1437 1121 penis

325 1145 478 1232 predictis
494 1144 627 1210 firmiter
643 1151 675 1208 et
691 1143 725 1209 in
741 1149 931 1229 perpetuum
947 1144 1129 1209 obseruare.
1161 1142 1200 1208 In
1217 1145 1307 1210 cuius
1323 1143 1366 1208 rei
1382 1142 1436 1224 sig·

326 1275 403 1319 num
420 1261 452 1319 et
469 1251 662 1334 memoriam,
681 1271 721 1316 ao
736 1251 921 1318 firmitatem
932 1256 1133 1336 perpetuam,
1149 1251 1295 1335 sigillum
1308 1258 1435 1318 nostrum

326 1360 532 1450 presentibus
558 1367 608 1426 est
624 1360 819 1446 appositum.
837 1362 953 1426 Actum
970 1367 1002 1427 et
1027 1357 1138 1425 datum
1154 1359 1189 1424 in
1214 1361 1340 1426 octauis
1364 1357 1438 1424 lasti·

327 1471 436 1537 uitatis
453 1467 545 1535 Beati
572 1468 689 1537 Jacobi
705 1469 855 1553 Apostoli
881 1487 967 1535 anno
982 1467 1114 1534 Domini
1138 1467 1312 1536 millesimo
1335 1468 1437 1532 ducen-

326 1577 443 1643 tesimo
459 1575 672 1660 nonagesimo
689 1583 791 1642 sexto.
880 1610 883 1620 ·

409 1754 458 1822 (Aa
472 1757 573 1808 eradeti
586 1752 654 1808 atriu
668 1757 763 1808 Knaua
776 1752 887 1808 Nandor
900 1755 1018 1822 Magyar
1040 1756 1106 1808 Sion
1118 1757 1168 1807 Ill.
1183 1755 1243 1808 lr‘ot.
1258 1755 1319 1805 940.
1333 1751 1361 1820 1.)

786 2007 995 2019 ιι--ν--ιο--υ

848 2475 924 2542 160.

324 2675 389 2740 III.
399 2675 686 2758 Mretirclpoat
696 2675 848 2740 Balmaro
858 2675 1011 2759 helyae'pet
1028 2677 1187 2761 tdrpyazo‘
1202 2675 1383 2759 odomdapo
1393 2673 1440 2738 lst-

477 2788 540 2847 vdn
556 2794 677 2865 mester,
693 2781 822 2848 Hobold
840 2784 999 2865 comesfio
1022 2787 1183 2848 saumana.
1202 2784 1300 2850 1297.

430 2978 577 3046 Andreas
593 2979 655 3045 Dei
665 2979 778 3064 gracia
794 2979 1163 3064 Hnngarie,Dalmacis,
1174 2979 1318 3063 Oroacie,
1342 2979 1442 3057 Rama,

324 3087 446 3174 Seruie,
466 3087 615 3172 Gallicis,
629 3085 831 3171 Lodomcrie‚
860 3083 1027 3166 Cumanis,
1057 3085 1268 3169 Bulgarieque
1291 3088 1361 3154 Rex
1384 3105 1441 3150 om·

324 3197 420 3261 nibus
439 3195 559 3261 Christi
571 3196 722 3262 fidelibus
738 3201 805 3260 tam
816 3193 1018 3280 presentibus
1029 3214 1125 3276 quam
1140 3193 1255 3262 futuris
1266 3195 1400 3262 salntem
1416 3193 1444 3256 iu

324 3303 467 3371 omnium
483 3305 657 3372 saluatoro.
672 3302 808 3385 Regiam
826 3301 917 3368 decet
926 3302 1129 3368 Maiestatem
1161 3302 1310 3386 precibus
1339 3302 1444 3370 coude-

326 3411 480 3479 scendere
497 3412 696 3479 subditorum
712 3411 850 3496 optatis,
869 3410 980 3476 horum
991 3409 1141 3496 maxime,
1155 3413 1210 3494 qui
1228 3411 1290 3478 sibi
1307 3419 1443 3497 tempore

324 3527 482 3604 oportuno
499 3521 790 3587 commendabilem
805 3520 998 3586 famulatum
1014 3521 1048 3585 in
1066 3518 1192 3586 feruore
1208 3520 1377 3587 fidelitatis
1400 3519 1441 3584 in·

323 3627 477 3712 pendisse
494 3627 711 3694 dinoscuntur.
730 3628 871 3695 Proinde
888 3630 929 3694 ad
949 3629 1168 3695 uniuersorum
1178 3627 1331 3695 noticiam
1342 3635 1445 3695 tenore

322 3739 524 3822 presencium
541 3738 688 3804 volumus
703 3741 891 3820 peruenire:
908 3739 995 3820 quod
1007 3737 1163 3820 Magister
1174 3735 1358 3821 Stephanus
1369 3736 1443 3802 filius

323 3843 456 3911 Comitis
467 3845 608 3912 Hoholdi
621 3847 735 3912 (lomes
746 3847 976 3914 Borosdleusis
989 3845 1074 3934 (lgy)
1088 3846 1226 3913 dilectus
1236 3853 1269 3912 et
1278 3846 1383 3912 tidelis
1392 3867 1449 3911 no-

322 3957 388 4016 ster
397 3952 439 4018 ad
450 3959 592 4019 nostram
610 3953 769 4020 accedens
785 3953 1161 4040 presenciam,quandam
1173 3960 1292 4020 terram
1303 3973 1360 4020 seu
1375 3973 1440 4038 pos-

324 4060 501 4127 sessionem
529 4061 681 4127 Belmura
697 4069 849 4128 uocatam
868 4064 900 4126 in
917 4061 1080 4130 comitatu
1092 4049 1218 4129 Castri‘
1231 4063 1355 4146 Ferrey
1381 4060 1441 4127 ari·

321 4173 575 4254 stentem,super
592 4189 677 4252 qnae
687 4170 807 4236 eclesia
817 4169 851 4234 in
862 4168 985 4236 honore
995 4170 1106 4235 Sancti
1117 4169 1256 4254 Nicolay
1268 4173 1443 4236 constructa

323 4294 397 4342 esse
407 4273 691 4361 dicitur,tauquam
701 4297 792 4342 suam
805 4295 875 4344 esse
886 4277 1161 4359 hereditariamet
1170 4279 1212 4346 ab
1230 4277 1301 4365 ipso
1311 4275 1445 4344 indebite

320 4384 510 4467 alienatam,
527 4386 659 4452 anobis
677 4383 739 4452 sibi
756 4383 827 4450 dari
844 4392 876 4451 et
893 4384 1019 4454 restitui
1035 4385 1224 4471 postulauit.
1241 4387 1360 4453 Verum
1371 4385 1443 4468 qnia

320 4491 361 4556 de
371 4493 532 4574 qualitate
543 4499 574 4556 et
591 4495 773 4576 quantitate
791 4494 875 4560 dicte
886 4501 972 4560 terre
987 4515 1045 4562 seu
1061 4498 1276 4580 possessionis
1294 4495 1385 4562 nobis
1396 4509 1442 4557 ue-

323 4601 405 4665 ritas
425 4621 487 4664 nou
514 4605 700 4685 constabat,
728 4610 843 4689 vtrnm,
868 4610 980 4670 nostre
1006 4605 1175 4672 collacioni
1203 4607 1364 4690 pertineat
1387 4618 1442 4664 nec
