3098 5172
815 316 976 418 Q*

323 513 428 580 clasia
445 512 572 579 scilicet
588 513 623 578 in
639 511 758 580 boucre
784 514 878 580 Beati
904 512 1021 580 Jacobi
1047 511 1081 576 in
1106 511 1221 578 eadem
1246 513 1442 598 possessione

324 627 530 707 constructa,
549 626 581 687 et
596 620 734 706 piscina,
750 641 790 688 ae
800 619 1009 707 pertinenaijs
1021 618 1232 706 quibuslibet,
1245 615 1443 702 subbijsden

325 729 418 796 motis
434 739 468 797 et
483 727 642 812 terminis,
660 727 775 810 quibus
794 727 909 794 eadem
925 731 1014 792 terra
1030 727 1073 792 ab
1090 728 1225 810 antiquo
1242 727 1382 793 limitata
1392 725 1444 791 fuit

326 841 358 901 et
374 852 538 920 possessa,
553 832 701 920 predicto
718 835 815 901 Petro
830 833 897 900 filio
914 833 1017 918 Luka,
1034 838 1065 898 et
1082 833 1150 900 suis
1165 831 1338 901 heredibus
1362 831 1444 900 dede-

326 947 400 1009 runt
410 949 442 1008 et
457 942 710 1027 assignauerunt
724 949 884 1028 perpetuo
894 949 927 1008 ct
936 941 1192 1008 irreuocabilitcr
1202 941 1426 1029 possidendam
1438 964 1444 1024 ς

326 1050 489 1136 predictas
505 1049 735 1116 nichilominus
762 1049 896 1134 triginta
921 1068 1049 1114 mareas
1074 1049 1204 1132 argenti
1228 1047 1316 1116 idem
1342 1049 1443 1115 Comes

326 1157 450 1240 Petrus,
468 1163 503 1224 nt
518 1158 704 1242 assumpsit,
722 1163 754 1224 et
770 1157 887 1224 fratres
903 1158 955 1223 sui
971 1157 1110 1242 predicti
1126 1163 1304 1225 memorato
1321 1155 1442 1224 Nicolao

326 1264 509 1351 Vayauode
528 1266 664 1331 reddere
676 1271 707 1333 et
719 1265 889 1332 refundere
899 1265 1104 1334 tenebuntur.
1114 1267 1152 1332 In
1169 1266 1260 1334 onius
1277 1267 1325 1331 rei
1341 1284 1444 1331 memo-

327 1373 409 1438 riam
427 1378 685 1458 perpetuamque
702 1373 887 1441 firmitatem
902 1377 1071 1458 presentes
1098 1372 1318 1440 concessimus
1332 1371 1446 1438 litteras

328 1480 432 1565 sigilli
448 1479 550 1547 nostri
576 1481 754 1547 munimine
779 1481 958 1548 roboratas.
978 1482 1099 1546 Datum
1123 1481 1156 1546 in
1182 1479 1355 1547 Dominica
1378 1481 1446 1544 Esto

327 1587 406 1655 llibi
434 1607 522 1653 anno
540 1589 670 1654 Domini
695 1585 815 1654 M⁰CC⁰
830 1589 1043 1673 nonagesimo
1069 1596 1171 1656 sexto.
1197 1587 1361 1654 Demetrio
1383 1587 1445 1652 Pre-

328 1696 449 1782 pesito,
464 1694 608 1762 Iwanka
623 1696 768 1782 Lectore,
779 1695 865 1764 Juan
885 1693 1035 1784 Centone,
1047 1697 1184 1762 Martino
1200 1695 1348 1764 Custode
1360 1696 1444 1760 llccle

328 1804 377 1872 sie
392 1809 502 1872 nostre
519 1804 739 1872 existentibus.

328 2000 466 2069 (andeste
479 1999 657 2069 bbrblrtyln,
680 2001 794 2068 melyrbl
815 2017 832 2053 a
854 2000 951 2069 peccet
975 1999 1106 2054 tbreeltlre
1128 2007 1208 2054 rbrbs
1232 1999 1447 2068 selyemasiutron

412 2092 480 2158 luge
491 2109 499 2154 ς
511 2105 529 2142 a
541 2087 616 2142 melt.
630 2087 696 2142 blro
710 2088 828 2157 Pertuyi
842 2087 937 2142 caallid
950 2090 1150 2156 napy-snbllbsi
1163 2086 1373 2153 lcvtltlrtban.)

762 2387 976 2402 m—

815 2913 888 2983 lta.

329 3113 550 3203 Aacsaprlmc'
565 3116 797 3206 kdptalaanult
812 3115 1045 3202 telamon-vtum,
1063 3117 1146 3204 bopy
1162 3139 1181 3181 a
1206 3117 1307 3183 Bada
1330 3113 1449 3182 mittet

330 3223 479 3290 lelbeazele
493 3223 591 3290 etzedi
598 3224 720 3312 joqpul
735 3223 858 3307 birnak,
874 3225 905 3291 aa
919 3226 1210 3309 minat-tamarae·
1225 3223 1401 3288 tekiatatbea
1416 3243 1450 3284 aa

469 3332 652 3418 oeaterpumt'
667 3331 755 3398 arceb
772 3333 931 3418 balbadpa
956 3333 1012 3396 elci
1027 3331 1204 3399 amoenat.
1225 3331 1321 3398 1296.

441 3527 510 3594 Nos
526 3526 709 3612 Capitulum
735 3526 882 3594 Ecclesie
911 3527 1175 3615 wesprimiensis
1201 3529 1354 3598 memorie
1377 3545 1452 3594 eom-

330 3634 521 3702 moudantes
537 3635 760 3722 significamus
777 3643 888 3703 tenore
904 3635 1108 3721 presencium
1124 3636 1240 3721 quibus
1250 3636 1382 3720 expedit
1391 3632 1451 3700 vui·

331 3742 453 3828 uersis;
470 3743 557 3829 quod
573 3764 644 3810 cum
660 3745 726 3810 iam
743 3742 866 3811 dudum
884 3745 1054 3812 retroactis
1071 3745 1272 3831 temporibus
1288 3743 1328 3814 lis
1343 3751 1451 3812 etecu-

332 3851 491 3920 trouersia
507 3853 592 3917 inter
608 3851 832 3920 Reverendum
849 3853 883 3919 in
909 3851 1054 3922 Christro
1081 3859 1208 3940 patrem
1234 3859 1266 3920 et
1293 3850 1450 3920 dominum

331 3967 477 4026 nostrum
493 3959 529 4025 B.
547 3958 743 4045 Episcopum
759 3967 792 4026 et
807 3981 866 4028 uos
894 3959 1077 4048 Capitulum
1103 3961 1247 4028 Ecclesie
1274 3956 1451 4046 Wcsprimi-

332 4067 419 4134 ensis
436 4087 477 4135 ex
492 4087 577 4151 una;
595 4073 628 4134 et
646 4067 803 4136 discretos
820 4070 918 4156 uiros,
930 4069 1085 4137 uidelicet
1095 4069 1231 4136 Paulum
1249 4070 1291 4137 de
1308 4067 1451 4153 Vrs,bly·

332 4175 472 4242 konnenr
505 4177 545 4245 de
576 4175 691 4260 Sasad,
708 4177 880 4244 Nicolaum
913 4177 951 4244 de
968 4177 1070 4265 Cbek,
1086 4178 1272 4246 lobannem
1304 4177 1344 4244 de
1358 4177 1452 4256 Keuu,

332 4281 536 4350 Dominieum
552 4285 594 4352 da
608 4284 730 4352 Sancto
754 4284 878 4355 lacobo
901 4293 934 4354 et
967 4287 1093 4354 l'etrum
1126 4285 1166 4352 de
1191 4285 1276 4353 Atta
1300 4281 1450 4362 Ecclesia

332 4389 552 4460 Ecclesiarum
568 4396 736 4483 plebanos,
746 4395 891 4464 eiusdem
909 4397 1067 4483 Dyocesis
1083 4395 1356 4482 wesprimiensis,
1367 4397 1453 4480 parte

334 4517 375 4566 cx
392 4501 504 4584 altera,
521 4499 636 4569 luisset
653 4509 765 4568 exorta
790 4509 823 4568 et
848 4502 975 4569 demum
1001 4502 1042 4569 de
1067 4523 1151 4568 nouo
1177 4503 1333 4569 suscitata
1363 4517 1454 4585 super

334 4605 405 4669 iuro
420 4605 622 4690 percipiendi
640 4607 784 4675 decimas
800 4611 945 4695 integras
963 4619 995 4678 et
1020 4611 1211 4679 uisitacione
1237 4607 1373 4694 Concilij
1399 4607 1452 4671 Ar·
