3170 5166
656 325 817 420 ‚rup-

169 536 215 603 se,
231 525 264 584 et
279 517 433 584 Nicolaus
451 516 536 583 filius
554 515 701 603 Chepaui
717 539 775 604 pro
792 537 837 604 se,
857 518 980 606 Moyse,
998 519 1163 586 Demetrio
1196 520 1295 588 fratre

171 643 238 710 suo,
256 629 290 690 et
304 645 364 710 pro
380 624 538 708 Magistro
554 623 650 691 Petro
668 625 709 691 de
725 625 889 692 Themerd
906 625 948 692 ab
965 628 1068 694 altera
1084 647 1190 694 coram
1207 630 1324 698 nobb:

170 731 389 816 personaliter
405 731 579 816 constituti,
595 751 693 816 super
709 743 811 800 morte
826 733 949 800 Vrbani
960 733 1001 800 de
1012 734 1126 820 Heghe
1135 755 1193 820 per
1203 738 1304 804 arbit·

168 837 250 904 rium
265 838 440 924 proborum
451 837 592 904 uirorum
602 839 714 904 taliter
724 859 759 905 se
770 836 920 904 dixerunt
931 841 1154 908 concordasse:
1166 849 1202 909 ut
1213 843 1299 910 idem

168 945 304 1012 Cosmus
322 965 381 1030 pro
394 953 499 1011 morte
515 945 618 1030 ipsius
652 946 774 1012 Vrbani
801 945 923 1013 eisdem
949 945 1095 1036 Nicolao,
1120 951 1298 1037 Demetrio,

167 1053 284 1136 Moyse
300 1051 597 1136 etMagistroPetro
608 1053 836 1138 assumpsisset
846 1072 883 1119 se
894 1053 1019 1120 soluere
1029 1053 1147 1138 uiginti
1157 1056 1302 1140 quinque
1320 1095 1323 1110 ε

166 1178 294 1225 marcas
310 1158 345 1224 in
361 1167 500 1242 quatuor
515 1161 663 1227 terminis
679 1159 907 1245 infrascriptis,
925 1159 1043 1245 partim
1059 1161 1093 1228 iu
1118 1163 1298 1229 estimatio-

167 1288 209 1332 ne
226 1265 403 1352 condigna,
420 1266 537 1352 partim
553 1287 629 1334 vero
645 1267 679 1333 iu
696 1266 840 1350 denarijs
857 1287 915 1352 pro
931 1273 1077 1352 tempore
1087 1270 1213 1337 Jauriui
1223 1267 1301 1357 Jour-

168 1374 315 1442 rentibus
333 1394 440 1440 coram
458 1374 610 1460 Capitulo
627 1375 800 1442 laudensi.
817 1372 957 1440 Primam
984 1374 1182 1441 solucionem
1215 1375 1303 1442 scili-

168 1489 220 1550 cet
237 1480 384 1565 quinque
406 1501 533 1549 mareas
550 1483 584 1547 in
600 1481 654 1548 die
670 1482 771 1549 Beate
796 1481 978 1566 Margarete
1009 1481 1155 1566 Virginis
1171 1484 1294 1568 persol-

168 1596 224 1656 uet
248 1586 403 1654 iudicium
421 1588 616 1674 incursurus,
631 1590 660 1657 si
677 1587 764 1655 diem
781 1587 947 1655 obmiserit
972 1587 1007 1654 in
1039 1589 1216 1666 aolueudo;
1248 1609 1297 1658 se-

166 1692 307 1760 cundam
334 1714 410 1762 vero
441 1694 568 1762 scilicet
598 1694 748 1762 similiter
779 1695 920 1780 quinque
951 1715 1080 1763 mareas
1113 1697 1147 1762 iu
1178 1695 1320 1764 cuiauis-

167 1801 280 1868 Sanoti
294 1802 394 1886 Regis
409 1802 534 1869 soluere
551 1809 705 1870 tencatur
721 1820 838 1887 penam
856 1803 947 1888 dupli
958 1804 1156 1886 incursurus,
1171 1803 1200 1870 si
1210 1803 1296 1872 diem

168 1908 337 1976 obmiserit
351 1909 385 1974 in
401 1907 586 1984 solucioue;
604 1907 737 1974 terciam
753 1915 861 1974 autem
877 1909 1077 1976 solucionem
1103 1908 1227 1976 scilicet
1258 1909 1299 1976 si-

167 2017 290 2084 militer
306 2018 447 2101 quinque
464 2035 590 2082 marcas
607 2015 639 2080 iu
656 2013 708 2080 die
734 2013 846 2081 Sancti
869 2016 1000 2082 Martini
1027 2015 1190 2101 persoluat
1220 2016 1301 2082 iudi·

168 2124 254 2190 cium
271 2107 462 2190 incursurus
474 2123 502 2190 si
519 2122 605 2189 diem
625 2121 790 2189 obmiscrit
806 2121 839 2186 iu
865 2122 1044 2211 soluendo,
1059 2144 1080 2190 a
1095 2123 1227 2192 residuo
1243 2142 1300 2189 au·-

168 2237 235 2297 tem
253 2231 470 2316 predictarum
486 2230 603 2313 viginti
619 2230 761 2315 quinque
786 2247 965 2297 marcarum
982 2228 1067 2296 idem
1084 2228 1218 2297 Coenum
1234 2229 1301 2314 ple·

168 2336 262 2405 uarie
279 2357 315 2405 sc
331 2338 486 2424 expedire
502 2335 663 2404 tenebitur
678 2337 713 2402 iu
729 2336 855 2418 octonis
871 2335 1057 2424 Epiphania
1072 2335 1211 2420 Domini,
1242 2355 1296 2420 pe-

170 2465 245 2510 nam
263 2444 366 2511 tocius
391 2441 556 2527 homicidij
589 2443 737 2511 incursus
761 2445 791 2511 si
821 2449 954 2511 octauas
984 2445 1088 2532 ipsius
1118 2441 1302 2532 Epiphauie

168 2551 302 2618 Domini
321 2549 488 2619 obmiserit
503 2552 537 2618 in
553 2551 721 2619 soluendo.
738 2551 843 2620 Facta
874 2559 983 2620 autem
1015 2554 1103 2622 finali
1134 2553 1301 2620 solucione

168 2659 274 2726 dictus
291 2657 426 2725 Cosmus
442 2659 485 2725 de
501 2659 582 2745 uilla
598 2659 712 2742 Hegbe
729 2679 801 2726 cum
817 2657 917 2726 fundo
933 2661 1022 2750 curie
1049 2679 1107 2726 sue
1138 2649 1245 2726 debct'
1265 2677 1302 2725 se

167 2763 344 2832 transferre
360 2765 403 2831 ad
418 2766 518 2832 alium
535 2767 648 2853 iocum,
661 2767 785 2834 scilieet
800 2764 843 2832 ad
859 2767 1014 2850 angulum
1040 2765 1185 2834 eiusdem
1215 2773 1302 2834 terre

168 2870 285 2955 Hegbc
303 2869 337 2937 in
355 2891 483 2940 carcere
500 2872 603 2939 eciam
619 2893 675 2959 per
703 2873 939 2956 quinquaginta
970 2871 1039 2940 dies
1056 2893 1298 2960 permansurus,
1314 2934 1317 2940 .

169 2979 331 3045 incoando
347 2980 382 3045 in
399 2979 452 3046 die
468 3001 527 3066 per
558 2979 742 3066 Capitulum
773 2988 979 3066 prenotatum
1010 2981 1191 3064 assignato:
1219 2980 1296 3050 Post

167 3087 229 3154 hcc
245 3093 356 3153 autern
372 3086 537 3172 Nicolaus,
565 3087 691 3174 Moysa,
722 3087 909 3154 Demetrius
941 3094 973 3154 et
1002 3086 1157 3171 Magister
1187 3087 1301 3154 Petrus

167 3195 275 3264 eidem
292 3195 406 3264 Coeum
431 3195 558 3262 litteras
592 3195 811 3281 expeditorias
842 3195 984 3282 Capituli
1015 3193 1173 3264 antedicti
1203 3213 1301 3280 super

173 3303 333 3390 premisso
350 3303 436 3370 facto
453 3302 533 3369 darc
549 3303 763 3388 tenebuntur,
781 3304 983 3388 obligacione
998 3304 1070 3390 tali,
1088 3301 1174 3386 quod
1189 3303 1216 3370 si
1228 3301 1302 3384 quis

167 3413 306 3478 fratrum
321 3418 424 3478 morte
440 3411 576 3496 predicti
603 3410 728 3476 Vrbaui
760 3430 913 3495 processu
943 3409 1098 3495 temporis
1129 3411 1300 3476 materiam

166 3503 522 3603 moueret'questionis,
540 3518 640 3603 ijdem
656 3519 823 3603 Nicotaus,
840 3519 964 3607 Moyse,
981 3515 1166 3584 Demetrius
1183 3525 1215 3582 et
1231 3517 1297 3583 Ma

166 3630 269 3710 gister
283 3624 397 3694 Petrus
414 3626 521 3710 ipsum
540 3623 690 3692 Cosmum
708 3626 849 3711 propriis
874 3625 1041 3692 laboribus
1074 3631 1106 3689 et
1144 3625 1317 3708 expensis-

168 3731 328 3819 oxpedirc
343 3735 550 3801 tenebuntur.
568 3733 688 3798 Datum
705 3731 738 3798 iu
754 3731 861 3798 Bobut
876 3731 909 3796 iu
926 3731 1041 3815 uigilia
1051 3730 1161 3797 Sancti
1178 3728 1297 3796 Johan·

166 3841 220 3906 nis
235 3838 391 3924 Baptiste.

277 3944 489 4012 Kivttlrbl
515 3963 786 4030 ugyauazon
809 3943 1111 4034 ktzzelaSuper
1136 3943 1302 4010 solucione

165 4051 284 4134 uiginti
301 4049 443 4134 quinque
460 4071 643 4118 marcarum
660 4057 772 4116 contra
790 4049 939 4114 Cosmum
956 4045 996 4114 de
1012 4047 1128 4132 Hegbe
1153 4071 1212 4136 pro
1243 4051 1313 4117 Ni·-

165 4159 263 4225 coiao
280 4165 312 4222 et
329 4157 417 4242 aliJs.

164 4319 306 4386 (Eredetie
317 4317 492 4386 borhtnrtn,
507 4319 620 4385 melyrb'l
633 4335 651 4371 u
663 4315 802 4385 ztrpeauec
814 4313 872 4368 mir
885 4316 1028 4380 lebuliott;
1042 4331 1059 4367 a
1071 4331 1157 4367 uemz.
1171 4332 1309 4368 museum·-

626 4403 815 4460 lsveltlrlbsu
825 4405 835 4473 )

629 4587 842 4598 -......·.-—---
