3098 5172
840 329 999 430 Α

354 531 386 590 et
402 523 517 592 Alexio
536 523 603 590 tilio
619 524 777 592 Felioiani
795 525 958 611 predicto,
985 523 1152 610 sepedieto
1178 525 1332 607 Magistro
1349 525 1461 591 Andree

355 632 422 698 lilio
438 631 566 698 Nioolai
592 633 633 698 de
659 631 787 718 Soyud‚
813 653 853 699 eo
870 633 1033 698 uniuersis
1059 631 1232 698 heredibus
1252 633 1390 700 eiusdem
1406 636 1464 698 iure

357 747 513 827 perpetuo
530 747 562 806 et
577 739 781 807 irreuooabili
793 738 1036 826 possidendam,
1048 739 1220 806 tenendam
1233 747 1266 805 et
1280 740 1463 824 habendam

353 849 570 916 instrumenta
602 867 679 914 uero
704 848 810 934 partis
839 847 976 916 aduerse
989 899 999 933 ,
1033 847 1157 914 scilieet
1172 847 1300 914 Nicolei
1324 846 1363 914 de
1377 849 1464 915 linari

356 961 388 1020 et
403 955 508 1020 Alexii
524 956 582 1040 filij
600 955 759 1020 Felioiani
784 957 1015 1042 predictorum,
1032 961 1098 1020 tam
1115 955 1321 1039 priuilegium
1338 956 1464 1022 eiusdem

357 1059 479 1126 domini
498 1063 576 1128 Bele
590 1063 699 1148 Regis,
714 1083 811 1145 quern
831 1063 899 1130 alis
914 1065 1075 1149 uniuersa,
1093 1061 1238 1128 uolentes
1255 1083 1348 1128 cassa
1364 1075 1464 1130 essert

352 1171 479 1238 uiribus
496 1171 657 1257 oarenoia,
675 1178 742 1236 tam
760 1172 839 1254 ipsis
867 1173 1107 1254 instrumentis,
1139 1191 1235 1253 quam
1252 1172 1326 1238 aliis
1336 1225 1345 1258 ,
1373 1173 1461 1256 sique

354 1277 573 1345 fraudulenter
590 1289 829 1362 oonseruarent,
857 1289 1049 1366 perpetuum
1075 1279 1245 1346 silenoinm
1278 1279 1463 1365 imponendo.

354 1388 461 1453 Tenon
478 1405 554 1452 vero
571 1387 733 1472 priuilegii
750 1388 969 1474 predictorum
988 1387 1223 1456 Crucifororum
1239 1388 1332 1454 nobis
1350 1387 1465 1453 exhibiti

355 1494 433 1560 tulis
450 1499 524 1560 est:

461 1599 576 1667 Frater
591 1601 720 1668 Mersus
754 1601 844 1667 Prior
859 1610 891 1670 et
917 1601 1100 1670 conuentus
1118 1601 1355 1668 cruciferorum
1371 1603 1464 1668 Ecule-

354 1712 404 1777 sia
419 1711 538 1776 Sancte
554 1708 724 1775 Trinitatis
743 1708 785 1773 de
802 1708 927 1776 ualidis
953 1711 1056 1794 Aquis
1073 1709 1134 1774 stb.
1163 1707 1376 1796 (ludvetkezik
1391 1730 1408 1773 a
1422 1707 1466 1772 fel·

357 1816 483 1883 hervini
501 1813 711 1882 konventnek
733 1815 868 1883 ruer-ki
896 1815 1193 1902 hizouystglerele‚
1210 1817 1292 1882 mint
1308 1817 1467 1902 gylljteme-
1532 1873 1533 1876 ,

356 1923 471 2008 nyunk
486 1925 545 1988 IX.
563 1923 678 2007 ragyis
695 1943 716 1986 a
731 1921 884 1988 mssouik
909 1922 1031 2008 folyam
1048 1921 1104 1990 1v.
1121 1923 1298 1991 koteteoen
1315 1921 1431 2010 3221.)

464 2035 571 2099 Tenor
588 2051 663 2098 vero
679 2031 845 2097 literarum
864 2041 1046 2099 nostrarum
1063 2034 1140 2098 talis
1158 2041 1207 2100 est
1224 2061 1232 2100 :
1532 2071 1533 2104 r

464 2139 745 2205 Rreellentissimo
770 2139 900 2205 domino
927 2160 985 2206 suo
1010 2141 1138 2206 Andree
1155 2141 1217 2206 Dei
1234 2143 1348 2224 gracia
1363 2139 1467 2206 illustri

359 2248 442 2330 Regi
457 2247 601 2328 Vngarie
626 2244 812 2332 Capitulum
838 2247 984 2314 Eoolesie
1000 2248 1170 2315 Vaoiensis
1186 2249 1356 2313 oraciones
1372 2249 1401 2312 in
1415 2249 1466 2312 Do·

359 2356 445 2420 mino
462 2353 589 2420 debitas
613 2361 645 2421 et
676 2354 823 2422 deuotus.
850 2356 1000 2441 Reeeptis
1033 2356 1149 2422 litteris
1176 2357 1291 2422 Vestre
1307 2353 1469 2422 Maiestatis

360 2462 452 2528 iuxta
469 2463 705 2528 continenciam
731 2465 906 2529 earundem
933 2485 1004 2530 oum
1030 2464 1143 2530 Blasio
1176 2464 1216 2530 de
1233 2465 1341 2530 Suran
1358 2463 1469 2529 homine

361 2575 469 2638 vestro
492 2572 579 2638 Bene
595 2571 794 2638 sacerdotem
814 2572 854 2637 de
880 2573 993 2638 eadem
1026 2573 1105 2638 villa
1130 2573 1236 2639 Suran
1257 2573 1400 2640 misimus
1413 2571 1471 2634 rioe

362 2685 474 2746 nostra
489 2700 546 2765 pro
562 2679 745 2746 testimonio
764 2679 827 2746 lide
838 2680 972 2764 dignum
986 2705 993 2766 ς
1010 2681 1064 2765 qui
1081 2681 1212 2746 demum
1227 2682 1271 2746 ad
1288 2702 1348 2748 nos
1358 2679 1472 2745 redeun-

361 2794 420 2872 tes,
436 2785 530 2853 nobis
547 2787 748 2853 concorditer
764 2788 962 2854 retulerunt:
981 2788 1069 2870 qnod
1085 2787 1169 2854 idem
1186 2789 1281 2856 homo
1299 2795 1402 2855 vester
1416 2803 1471 2869 pre·

362 2901 453 2963 sente
468 2900 578 2962 nostro
595 2895 799 2981 testimonio,
827 2918 847 2961 a
864 2897 980 2980 quibus
1006 2896 1113 2962 deruit
1144 2905 1176 2962 et
1200 2897 1293 2962 linuit
1303 2949 1313 2982 ,
1330 2904 1361 2962 et
1376 2901 1408 2958 nt
1421 2889 1473 2956 eui·
1531 2883 1532 2952 j

362 3003 475 3071 denter
490 3004 575 3068 seire
591 3003 705 3087 potuit,
720 3003 810 3068 fideli
825 3025 864 3070 eo
883 3003 1032 3087 diligenti
1057 3004 1272 3086 inquisitione
1287 3002 1377 3069 faeta
1390 2999 1472 3064 talem
1531 2997 1532 3066 3

362 3111 537 3178 ecidissent
553 3111 744 3194 ueritatem3
762 3112 847 3192 quod
865 3111 1038 3195 priuilegia
1063 3113 1186 3192 Regum
1204 3109 1364 3194 Stephani
1380 3117 1409 3175 et
1423 3107 1473 3171 La·

363 3218 462 3284 dizlai
485 3217 612 3303 piarum
637 3219 862 3284 memoriarum
889 3218 1129 3284 confirmatoria
1161 3217 1404 3301 priuilegiorum
1432 3213 1474 3277 do

364 3326 443 3392 mini
458 3325 536 3391 Bele
550 3324 650 3408 Regis
670 3323 859 3391 felicissime
884 3325 1142 3409 recordacionis,
1173 3344 1271 3410 super
1286 3323 1475 3410 possessione

365 3434 497 3503 Comitis
510 3434 640 3500 Andree
657 3435 809 3518 Kuarzeg
835 3439 952 3500 uooata
976 3433 1203 3517 eonfeetorum,
1221 3452 1281 3515 per
1298 3429 1475 3499 eonfraeoio·

364 3567 438 3611 nem
457 3546 555 3611 turris
571 3543 676 3628 ipsius
702 3545 835 3611 Comitis
866 3544 996 3610 Andree
1026 3543 1206 3629 supradicti
1238 3544 1325 3610 inter
1351 3544 1476 3626 dampna

366 3661 474 3718 oetera
489 3653 656 3718 destructa
671 3653 811 3718 luissent
827 3659 859 3717 et
876 3652 1053 3738 eontracta,
1064 3653 1136 3738 ipso
1152 3659 1259 3718 vestro
1277 3650 1405 3717 homine
1419 3667 1478 3734 pro·

366 3761 486 3826 feotum
503 3759 729 3841 inquisitionis
746 3759 938 3824 affirmante.
1207 3742 1211 3752 ’

472 3866 579 3938 Tenor
594 3891 671 3938 vero
696 3871 877 3935 litterarum
895 3869 1057 3954 Prepositi
1083 3875 1116 3936 et
1143 3869 1330 3935 conuentus
1346 3869 1386 3934 de
1401 3866 1479 3944 saar
1530 3937 1531 3940 Ἴ

366 3975 441 4041 talis
457 3983 526 4042 est:

473 4083 758 4152 Excellentissimo
784 4083 914 4150 domino
929 4103 989 4150 suo
1005 4083 1135 4149 Andree
1151 4085 1215 4149 Dei
1242 4083 1358 4166 gratie
1375 4077 1479 4148 illustri

367 4191 450 4273 Regi
465 4191 610 4274 Vngarie
641 4192 826 4275 Prepositus
842 4199 875 4258 ot
901 4192 1087 4260 Contentus
1113 4193 1250 4258 fratrum
1269 4187 1398 4256 Ordinis
1414 4188 1479 4252 Pre·

367 4301 614 4366 monstratensis
631 4297 670 4364 de
688 4298 777 4384 Saag
794 4299 980 4366 orationum
1000 4299 1156 4382 suffragia
1168 4297 1369 4365 denotatum.
1386 4295 1480 4362 Noue-

368 4406 410 4472 rit
426 4407 545 4473 Vestra
560 4407 666 4491 Regia
700 4405 874 4493 Celsitndo,
907 4408 991 4493 quod
1017 4408 1144 4476 litteras
1161 4407 1275 4474 Vestre
1291 4401 1483 4473 Excellenoie

367 4511 459 4579 nobis
477 4515 681 4580 transmissas
699 4515 918 4600 reoeperimus
934 4517 1020 4583 hune
1035 4523 1180 4583 tenorem
1197 4515 1398 4580 eontinentes
1415 4533 1422 4572 :

475 4617 620 4688 Andreas
637 4621 698 4685 Dei
724 4624 838 4706 gracia
864 4623 932 4688 Rex
957 4622 1100 4706 Vngarie
1124 4623 1278 4689 fidelibus
1294 4619 1362 4688 suis
1377 4619 1481 4704 Prepo-
