3098 5172
848 224 911 314 lid

800 327 951 353 *-

312 419 372 504 iris
387 429 524 524 (domini
539 435 715 526 Theodori)
731 437 793 507 Dei
810 439 923 524 graeia
938 439 1091 527 Episcopi
1106 439 1285 513 lentiensis
1302 429 1374 514 aule
1389 451 1439 512 hb·

311 549 377 610 stre
392 543 680 632 Viae-Oauoellarij
698 546 807 614 dileeti
824 553 856 614 et
870 547 977 616 fidelis
1002 549 1126 635 nostri;
1152 551 1256 619 XVII.
1282 552 1437 620 kalendas

312 649 516 737 Septembris
537 673 624 720 anno
641 654 771 720 Domini
789 654 981 723 millessimo
996 654 1217 727 ducentesimo
1235 660 1438 744 nonagesimo

281 781 288 812 ι
317 757 440 846 quinto,
465 757 569 840 Regni
585 765 694 827 autem
711 759 814 828 nostri
830 780 923 826 anno
940 767 1043 828 sexto.
1171 745 1178 762 ’

312 951 451 1018 (Eredatia
465 952 638 1022 bh'rhirtylm
652 973 668 1008 a
681 954 852 1023 airga-vttrbs
881 957 1111 1024 salysmnsinbron
1132 961 1217 1027 tuggo
1238 959 1384 1026 psesdtnelx
1405 966 1438 1012 td·

481 1043 579 1107 radbha
592 1061 726 1112 megvau3
741 1061 757 1096 a
771 1047 854 1098 budai
867 1047 918 1100 hir.
933 1047 1059 1118 hamarai
1073 1045 1274 1115 lardltirhan.)

765 1327 982 1346 *un-.-

839 1885 913 1965 118.

305 2063 369 2131 111.
385 2065 497 2130 Eodre
512 2063 689 2152 hirotyaak
704 2065 949 2153 moerentesstpt
969 2067 1174 2133 azabadalma
1200 2091 1221 2132 a
1245 2068 1436 2156 uyeilsaipeti
1538 2115 1539 2152 p

306 2174 600 2259 apoczazordooak
615 2195 808 2262 upyouaaou
824 2180 956 2263 uzipetes
972 2177 1049 2241 tabo
1063 2177 1152 2260 nepai
1162 2179 1323 2242 szdoadra.
1336 2178 1432 2244 1295.
1538 2171 1539 2202 ¹

359 2393 360 2396 ¹
410 2367 559 2438 Andreas
573 2371 635 2438 Dei
645 2371 757 2456 groela
773 2370 950 2458 Hungarie,
969 2370 1148 2459 Dalmaoie,
1159 2370 1305 2459 Oroaoie,
1321 2371 1433 2452 Rama
1538 2389 1539 2462 ξ

291 2476 429 2560 'Seruia
447 2477 595 2565 Galliuie,
612 2477 811 2565 hodomerie,
843 2476 1013 2567 Cumania,
1046 2471 1265 2564 Bulgarieque
1281 2483 1353 2549 Rex
1369 2503 1435 2548 om·

303 2584 400 2652 nibus
415 2583 534 2654 Christi
560 2586 711 2656 fidelihus
735 2606 870 2673 presens
895 2585 1049 2672 seriptum
1074 2586 1268 2674 inspecturis
1293 2589 1435 2658 salutern
1538 2589 1539 2674 t

304 2694 339 2758 in
371 2713 410 2760 eo
441 2694 497 2776 qui
527 2695 671 2779 Regibus
696 2693 754 2763 dat
784 2693 933 2762 salutem.
965 2692 1112 2762 Altitudo
1141 2693 1254 2761 Diuini
1284 2697 1431 2784 eonsilij,
1538 2675 1539 2710 r

303 2819 366 2884 que
397 2803 432 2868 in
464 2821 524 2868 aua
549 2800 768 2889 disposicione
793 2822 858 2868 non
884 2799 1026 2885 fallitur,
1060 2799 1104 2868 ad
1129 2801 1190 2868 hoe
1221 2821 1281 2869 nos
1312 2804 1430 2887 guber·
1538 2799 1539 2854 ἓ

304 2915 452 2976 notorem
484 2929 582 2995 super
613 2914 728 2993 gentes
760 2913 793 2976 et
823 2909 939 2992 Regna
969 2906 1142 2992 disposuit,
1166 2928 1205 2974 ae
1236 2927 1311 2976 esse
1337 2909 1431 2977 Prin·

300 3017 406 3105 eipem
433 3015 656 3104 plurimorum,
683 3021 719 3082 vt
743 3014 1009 3103 oppressionibus
1034 3013 1289 3084 remediaremur
1317 3017 1434 3102 singu-
1538 3007 1539 3092 ζ

298 3125 410 3213 lorum,
437 3131 469 3193 et
493 3123 634 3192 maxime
665 3123 759 3192 ooulo
783 3122 915 3210 pietatis
943 3122 1103 3208 respicere
1131 3121 1323 3190 deberemus
1350 3143 1428 3211 per·
1538 3197 1539 3206 χ

300 3251 399 3301 sonas
413 3231 535 3299 Diuino
551 3230 655 3300 oultui
671 3231 872 3318 insistentes,
888 3248 929 3297 ae
945 3228 1013 3297 illis
1040 3229 1074 3296 in
1099 3229 1335 3313 temporalibus
1360 3240 1432 3298 tam

299 3341 353 3428 pie
369 3337 549 3426 prouidere,
567 3345 602 3408 ut
618 3358 677 3424 pro
693 3338 785 3406 nohis
802 3344 834 3406 et
849 3336 954 3422 Regni
970 3336 1128 3403 tutamine
1153 3355 1269 3423 preces
1293 3337 1436 3408 ualeant
1538 3329 1539 3420 ᾖ

298 3447 435 3518 bundare
450 3446 629 3531 saluatori3
647 3465 721 3516 eum
745 3465 810 3514 non
834 3445 939 3514 solum
965 3464 1076 3532 arma,
1100 3443 1159 3515 sed
1184 3445 1287 3512 seiam
1312 3466 1435 3532 preces
1538 3443 1539 3478 ³

298 3555 383 3626 iuste
398 3555 580 3625 viueneium
595 3559 746 3623 tueantur
756 3555 904 3638 Regnum
915 3559 947 3620 et
956 3553 1092 3639 Regium
1103 3550 1276 3638 dyadema.
1287 3552 1435 3622 Proinde
1538 3585 1539 3640 3

297 3683 369 3734 eum
385 3685 444 3732 nos
462 3662 636 3748 gloriosam
652 3669 686 3730 et
700 3662 927 3730 intemeratam
943 3659 1102 3746 virginem
1118 3661 1267 3746 Mariam,
1284 3679 1348 3744 que
1368 3663 1438 3729 Re·
1538 3651 1539 3666 *

296 3773 352 3858 gni
368 3771 469 3842 nostri
483 3772 638 3859 specialis
655 3771 766 3840 existit
782 3771 924 3838 Domine
940 3777 974 3838 et
988 3772 1141 3859 Patrona,
1157 3768 1366 3838 intendamus
1384 3777 1434 3838 to·
1538 3835 1539 3850 p

295 3881 338 3948 tia
353 3881 479 3949 sineere
494 3881 610 3948 mentis
627 3879 795 3949 affeetibus
811 3877 981 3962 honorare,
1008 3885 1040 3946 et
1056 3885 1092 3945 ut
1115 3877 1308 3963 reuereuoie,
1327 3897 1434 3960 quam

296 4009 377 4075 erga
392 3989 499 4075 ipsam
514 3989 688 4058 Dominam
704 3993 849 4056 nostram
865 3985 1033 4072 Virginem
1057 3988 1199 4073 gerimus
1225 3985 1434 4073 Gloriosam‚
1538 3999 1539 4010 ¹

295 4096 506 4166 exhibeamus
532 4095 719 4182 expressius
744 4101 990 4180 argumentum
1016 4095 1155 4181 populos
1180 4092 1250 4160 siue
1278 4092 1435 4178 hospites
1538 4185 1539 4188 Ἴ

294 4203 417 4273 dudum
448 4213 664 4291 congregatos
690 4225 748 4274 seu
772 4203 1032 4288 oongregandos,
1057 4201 1244 4286 Monosterij
1279 4199 1434 4269 eiusdem
1538 4217 1539 4224 ¹

294 4314 444 4400 Glorioso
461 4312 621 4399 Virginis,
639 4313 672 4380 iu
689 4311 801 4382 Insula
816 4312 938 4380 Sancte
962 4311 1064 4380 blarie
1089 4310 1278 4394 existentes,
1302 4307 1338 4374 in
1364 4328 1436 4393 quo
1492 4304 1495 4308 ’

294 4422 424 4492 domine
438 4442 567 4490 sorores
583 4423 644 4490 sub
660 4420 803 4506 religiosi
819 4419 949 4488 habitus
966 4420 1137 4489 honestato
1152 4417 1284 4488 Domini
1311 4417 1442 4507 nostri,
1538 4481 1539 4486 ,

293 4537 327 4596 at
342 4530 524 4601 Genetricis
540 4531 685 4600 eiusdem
703 4531 827 4618 Regina
844 4528 981 4600 delestis
1012 4529 1179 4616 ohsequijs
1204 4533 1280 4600 sunt
1304 4527 1434 4618 locate,
1538 4573 1539 4578 ,
