3170 5166
759 851 760 854 Ὺ
847 899 922 968 eor.

310 1096 426 1161 Bada
443 1101 537 1188 odron
554 1097 710 1184 hato'adqa
726 1099 791 1163 III.
816 1100 924 1165 Eodre
940 1101 1109 1187 kirotynot
1132 1085 1262 1212 'ejcinlja
1277 1101 1393 1165 Istuda
1424 1103 1457 1165 da

478 1204 544 1270 Pet
560 1204 691 1292 Miuely
707 1227 805 1272 comae
812 1205 944 1288 fiainak
961 1211 1098 1296 hriadqe't.
1116 1211 1166 1275 Eo
1182 1207 1301 1273 autaut.

433 1397 715 1466 Excellentissimo
733 1400 862 1469 domino
878 1421 986 1468 eorum
1013 1389 1144 1469 Andree
1162 1403 1222 1468 Dei
1239 1402 1353 1486 gracia
1368 1401 1459 1467 itine-

326 1503 366 1570 tri
382 1503 463 1588 Regi
479 1503 635 1592 Urgum,
652 1505 758 1576 iudex
772 1517 804 1576 et
819 1507 963 1577 uniuersi
978 1507 1125 1595 hospites
1141 1507 1182 1576 de
1199 1507 1312 1578 Castro
1328 1507 1459 1576 Buden-

324 1611 354 1679 si
370 1611 622 1680 inolinaeionem
638 1635 710 1682 oum
727 1623 885 1702 perpetua
900 1615 1065 1685 fidelitate.
1082 1615 1164 1683 Cum
1192 1615 1350 1700 Magister
1382 1614 1454 1682 Ste-

325 1719 453 1804 phanus
471 1717 638 1787 etPaulus
653 1720 712 1806 filij
731 1721 864 1790 Comitis
890 1723 1024 1811 Mykael
1056 1721 1113 1808 filij
1147 1723 1233 1790 Vbul
1263 1725 1306 1790 ab
1340 1742 1457 1789 eorum

309 1827 522 1914 ‘temporibus
540 1827 679 1914 puericie
695 1829 847 1897 continue
862 1829 1027 1898 fidelitatis
1055 1829 1214 1912 obsequia
1238 1827 1458 1914 impenderint

192 1959 194 1964 ·
325 1955 383 2019 pro
407 1931 521 2002 fauore
536 1934 638 2015 Regio
655 1935 795 2004 diuersis
812 1937 942 2006 casibus
958 1936 1086 2005 fortune
1102 1955 1138 2004 se
1155 1934 1388 2018 submittendo,
1421 1944 1455 2002 et

323 2061 384 2127 pro
400 2061 450 2130 eo,
467 2041 553 2127 quod
568 2043 751 2114 infidelibus
767 2045 893 2113 actibus
909 2045 1081 2112 noluerunt
1095 2041 1263 2129 adherere,
1274 2062 1334 2128 per
1350 2043 1458 2108 inimi-

324 2169 379 2218 eou
396 2150 570 2218 eorundem
587 2149 725 2220 diuersis
742 2151 838 2220 malis
854 2151 1007 2237 operibus
1023 2151 1270 2238 apudVeetram
1282 2149 1455 2216 Excellen-

326 2257 405 2324 tiam
421 2265 626 2346 accusantur,
653 2267 689 2326 vt
705 2279 816 2326 eorum
832 2257 974 2324 fidelitas
990 2257 1099 2325 valeat
1114 2257 1337 2344 subplantari;
1354 2276 1457 2342 quare

322 2363 472 2434 Vestram
503 2364 757 2451 Magnitudinem
789 2365 997 2450 imploramus
1031 2383 1090 2449 pro
1121 2363 1262 2450 eyndem
1293 2371 1456 2446 quatenus

323 2475 422 2544 verba
453 2473 654 2540 inimieorum
685 2471 883 2560 prefatorum
914 2469 1051 2538 filiorum
1090 2469 1253 2557 Mykaelis
1294 2473 1457 2540 exaudire

324 2599 389 2646 non
405 2579 525 2666 velitis,
542 2600 618 2666 ymo
634 2600 743 2648 eornm
762 2577 903 2646 fidelitas
929 2576 1072 2644 exhibita
1102 2583 1249 2646 transeat
1280 2580 1315 2645 in
1347 2600 1456 2648 errem-

322 2687 411 2770 plum
427 2685 572 2773 aliorum,
590 2691 625 2752 ut
641 2695 674 2754 et
689 2685 747 2772 alij
765 2685 918 2754 studeant
934 2683 1036 2752 simili
1054 2683 1180 2751 feruore
1197 2684 1322 2753 Corone
1348 2688 1456 2772 Regie

307 2793 482 2865 tumulari.

324 2989 461 3055 (Eredetie
472 2988 646 3057 bd'rha'urtytn,
660 2991 761 3057 aptoni
775 2993 892 3057 piieptiki
906 2987 1042 3055 kdnyvtdr
1054 2987 1171 3042 kdairati
1184 2959 1458 3060 gynjtemenytoen.)

776 3261 989 3272 ——1—-1———24-

862 3727 938 3795 308.

427 4334 536 4405 Nobili
552 4337 622 4406 viro
638 4343 670 4406 et
686 4333 824 4403 honesto
856 4331 903 4401 St.
921 4331 1037 4402 comiti
1063 4331 1263 4401 vioe-iudici
1291 4332 1375 4400 Aule
1391 4335 1462 4401 Re·

307 4445 378 4531 ÷gio
392 4445 483 4514 Mika
499 4445 613 4514 Oomee
628 4442 712 4511 titius
726 4441 804 4530 Jak,
820 4440 1005 4510 Tristianue
1021 4439 1149 4526 Comen,
1173 4439 1328 4508 Nioolaun
1361 4439 1460 4511 filino

305 4549 439 4634 *chuoa
455 4557 488 4618 et
503 4550 651 4620 Andreae
668 4550 782 4620 Comes
798 4549 883 4617 fitius
897 4545 1001 4660 ⁸Petri
1032 4547 1166 4616 Comitio
1197 4546 1464 4618 inelinaeiouem

305 3919 350 3988 .A
373 3921 531 3992 odetuna
546 3924 641 3990 hirto
658 3927 770 3992 Istudn
796 3925 1069 4010 atorequbirdhnz
1083 3924 1264 4011 feljelaniik
1289 3945 1370 3991 uzon
1397 3931 1461 3992 itri-

305 4030 396 4110 eleae,
412 4033 521 4118 metuet
537 4033 671 4100 Mdrton
687 4031 951 4114 Artuodnakfiu
968 4035 1000 4097 a
1017 4031 1151 4098 Sdador
1177 4030 1373 4118 Gerqdynek
1398 4034 1461 4116 fia

672 4139 740 4207 ledat
755 4141 882 4206 heatok.
900 4117 951 4207 dv
967 4139 1086 4205 otlkei.
