3132 5162
123 1134 258 1200 Marozel
273 1135 373 1200 aaran·
386 1135 512 1220 pdopdlt
529 1136 635 1216 dtirjo
651 1133 700 1198 De
716 1134 843 1217 Peymes
874 1135 1002 1217 Vilmos,
1028 1151 1049 1198 d
1082 1135 1241 1218 temptam·
1347 1209 1349 1215 s

122 1239 195 1306 rand
226 1241 676 1326 mapparorszciq-saiaooniai
699 1241 890 1305 orosterdaele
915 1241 1067 1326 dizonyoa
1094 1238 1243 1304 Zablatat'

246 1346 439 1413 bdrbirtokot
456 1347 616 1434 tdrpyand
633 1346 767 1413 1284-la·
783 1347 990 1432 adomdnydt.
1009 1344 1107 1414 1291.

224 1558 293 1624 Nos
310 1559 483 1625 Marcellus
499 1559 621 1625 Diuina
647 1559 861 1625 miseracione
886 1559 1070 1643 Episcopus
1095 1558 1244 1624 Eoelesie

121 1662 281 1729 Nonensis
297 1663 456 1730 vninersis
473 1663 590 1746 qnibus
607 1663 739 1748 expedit
756 1669 921 1748 presentes
947 1662 1142 1746 inspecturis
1158 1663 1243 1729 salu·

121 1777 181 1835 tem
198 1771 232 1834 in
249 1770 390 1836 Domino
406 1773 648 1855 sempiternam.
666 1769 803 1836 Nouerit
818 1767 1165 1854 Uniuersitasrestra,
1183 1787 1243 1834 nos

121 1875 250 1958 uidisse,
267 1876 387 1959 legisse
404 1884 436 1944 et
462 1877 636 1960 diligenter
660 1877 844 1964 inspexisse
867 1875 995 1942 litteras
1020 1873 1131 1942 fratris
1158 1873 1245 1942 Guil-

120 1981 193 2048 lemi
209 1981 252 2048 de
276 1983 415 2066 Peymes
432 1985 608 2050 Domorum
627 1984 746 2052 Milioie
761 1983 890 2066 Templi
907 2003 967 2068 per
982 1980 1185 2064 Hungariam
1211 1990 1243 2047 et

120 2087 327 2154 Solanoniam
343 2089 490 2172 Magistri
506 2109 577 2156 oum
593 2110 669 2158 uero
687 2109 745 2156 ouo
763 2089 872 2170 sigillo
890 2087 1053 2172 pendenti,
1083 2087 1174 2154 euius
1200 2095 1244 2154 te·
1276 2095 1278 2100 '

119 2215 176 2260 nor
191 2195 269 2261 talis
286 2203 352 2261 est:

226 2300 293 2368 Nos
322 2301 425 2367 irater
456 2301 636 2369 Gnillemus
662 2301 703 2366 de
729 2303 865 2386 Peymes
890 2301 952 2366 stb.
980 2299 1194 2388 (kdvetkezik
1225 2323 1245 2368 a

119 2410 402 2496 gynjtemenynnk
419 2408 477 2478 lx.
495 2410 610 2492 vagyis
626 2430 646 2475 a
664 2407 815 2474 maeodik
831 2407 955 2492 folyam
981 2407 1037 2473 IV.
1067 2407 1241 2474 kdtetdben

118 2517 193 2582 403.
212 2515 234 2580 l.
250 2515 361 2582 kozolt
379 2515 514 2583 1284-1d
533 2513 704 2601 okmdny.)

231 2623 269 2688 In
286 2621 379 2688 ouius
407 2622 622 2708 inspeooionis
648 2621 856 2688 astruendam
882 2619 1051 2688 ueritatem
1077 2629 1109 2686 et
1134 2641 1244 2706 perpe·

117 2737 207 2795 tuam
234 2729 419 2797 firmitatem
445 2729 589 2812 sigillum
615 2738 760 2795 nostrum
785 2730 989 2814 presentibus
1016 2728 1167 2794 duximus
1192 2749 1246 2811 ap·

116 2836 311 2920 ponendum.
339 2839 432 2901 Anno
456 2837 590 2902 Domini
614 2833 944 2901 M⁰OO⁰LXXXX⁰I⁰
968 2835 1001 2900 in
1028 2833 1108 2900 festo
1135 2835 1246 2900 Sancti

114 2941 281 3026 Dyonisij.
297 2943 340 3008 Et
356 2962 416 3024 ego
432 2942 532 3008 frater
547 2940 699 3009 Salomon
726 2941 815 3006 Prior
840 2940 1055 3006 Prouincialis
1080 2938 1245 3022 Hungarie

113 3047 281 3132 predictas
297 3049 428 3115 litteras
445 3035 560 3114 eadem
584 3047 638 3112 die
664 3049 788 3133 perlegi
805 3053 837 3112 et
853 3047 1024 3128 diligenter
1050 3047 1187 3133 inspexi,
1214 3057 1247 3112 et

111 3154 158 3221 ad
175 3155 376 3240 peticionem
392 3155 558 3222 memorati
575 3156 662 3220 Luoe
687 3175 745 3240 pro
771 3154 885 3220 maiori
910 3152 1062 3218 firmitate
1087 3151 1245 3236 presenti·

113 3263 179 3327 bns
199 3262 335 3346 apposui
353 3261 497 3356 sigillum
514 3281 630 3328 meum.

107 3472 261 3536 (Eredetie
273 3471 448 3541 bdrhdrtydn,
461 3475 577 3542 melyrdl
590 3490 607 3528 a
619 3475 667 3528 ket
680 3475 759 3526 eldbb
772 3471 1008 3540 hairtyansinegrdl
1021 3453 1136 3538 t'iiggdtt
1152 3471 1247 3538 pectet
1378 3531 1383 3539 ,

228 3561 231 3574 '
321 3559 379 3616 mir
391 3563 532 3628 elveszett,
544 3581 562 3615 a
574 3580 659 3618 noma.
673 3577 798 3616 muzeurn
811 3557 1051 3628 kdzirattirdbsn.)
