3132 5162
806 197 848 261 14

749 283 893 292 -ΜΠ

253 391 371 456 Ferreo
396 391 563 455 oraciones
580 390 612 452 in
630 389 766 454 Domino
783 409 852 454 cum
872 391 1027 473 perpetue
1043 385 1208 454 fidelitatis
1219 387 1387 470 obsequio.

256 499 396 564 Litteras
422 497 535 562 Vestre
561 497 765 563 Excellencie
791 495 971 581 recepimus
987 497 1181 581 reuerenter,
1209 495 1241 558 in
1275 496 1390 582 quibus

253 607 390 674 vidimus
421 606 597 673 contineri:
632 605 717 690 quod
750 626 807 671 vos
839 603 1003 688 quandam
1036 613 1156 670 terram
1189 603 1296 670 Gheuz
1329 626 1381 672 vo-

254 723 359 782 catam
395 711 539 780 11111111
581 719 611 776 11
641 712 728 778 Jaak
770 711 847 796 filijs
877 709 957 776 Ibed
999 709 1248 796 contulissetis,
1292 731 1388 797 super

252 845 315 905 quo
347 820 575 907 precipiebatis
607 819 719 902 nohis,
762 825 796 883 ut
828 837 925 884 unum
967 837 1007 882 ex
1039 818 1132 883 nubis
1173 838 1244 884 cum
1277 818 1386 885 Mikou

252 927 320 995 illio
350 929 480 1012 Georgij
507 928 635 993 homine
670 935 776 994 vestro
808 926 1024 1006 mitteremus,
1058 945 1167 990 curam
1208 947 1270 1009 quo
1302 927 1385 992 idem

254 1037 363 1102 Mihou
390 1039 484 1103 homo
511 1043 617 1103 vester
648 1035 868 1102 reambularet
893 1035 998 1120 ipsam
1026 1043 1150 1101 terram
1183 1034 1385 1119 presentibus

249 1143 477 1212 commetaneis
502 1152 533 1207 et
549 1141 683 1228 vicinis,
710 1144 738 1208 si
763 1164 828 1209 non
846 1143 933 1208 lieret
973 1141 1237 1228 contradictum,
1264 1149 1385 1207 contra-

236 1251 427 1329 dictoribus
443 1256 561 1332 autem,
578 1249 674 1331 siqui
701 1250 830 1333 fierent,
856 1249 899 1314 ad
925 1257 1064 1314 vestram
1098 1248 1297 1332 presenciam
1314 1268 1386 1314 euo-

253 1357 344 1423 catis.
382 1357 500 1423 Verum
532 1375 604 1423 cum
637 1358 752 1423 vestris
784 1357 947 1443 preceptis
980 1363 1011 1421 et
1043 1377 1072 1420 m
1087 1356 1220 1426 audatis
1253 1356 1387 1423 lideliter

252 1465 285 1528 in
302 1465 449 1530 omnibus
476 1463 606 1531 obedire
624 1461 808 1550 debeamus,
835 1481 933 1529 vnum
951 1485 991 1530 cx
1017 1463 1118 1529 nobis
1146 1464 1385 1532 transmisimus

252 1573 294 1638 ad
311 1571 479 1655 negocium
496 1572 718 1655 exequendum
724 1595 738 1655 3
756 1573 812 1655 qui
829 1573 958 1638 demum
974 1568 1017 1639 ad
1031 1592 1090 1637 nos
1116 1569 1247 1637 rediens
1274 1571 1383 1638 retulit

251 1679 433 1764 requisitus,
451 1680 537 1763 quod
555 1680 734 1764 predictam
750 1687 870 1745 terram
890 1679 996 1746 Oheua
1015 1689 1164 1746 vocatam
1185 1681 1380 1747 reambulas-

149 1845 151 1854 .
255 1795 305 1854 set
319 1787 519 1872 presentibus
537 1788 768 1854 commetaneis
785 1796 817 1854 et
832 1787 967 1870 vicinis;
985 1795 1016 1852 et
1044 1788 1121 1869 quia
1157 1785 1287 1875 (')idem
1315 1808 1379 1853 non

251 1893 529 1979 contradicebant,
547 1900 729 1960 statuerunt
751 1894 854 1980 ipsam
866 1901 986 1960 terram
1004 1892 1151 1959 Renoldo
1168 1898 1201 1958 et
1209 1893 1295 1959 111111
1307 1892 1383 1959 filiis

252 1989 541 2087 lbedmemoratis,
558 2021 654 2085 super
671 2022 735 2084 qua
767 2000 828 2066 duc
860 2002 1053 2068 mansiones
1084 2002 1212 2068 inerant
1241 2001 1380 2070 1111111.

253 2116 370 2178 Datum
387 2113 420 2176 in
436 2111 488 2176 die
504 2110 694 2175 Sanctorum
712 2106 874 2174 (11111111
892 2110 1051 2176 Damiani.

358 2219 426 2285 Nos
442 2219 551 2300 itaque
568 2215 781 2282 consideratis
796 2215 1005 2283 fidelitatibus
1022 2223 1054 2282 et
1070 2216 1278 2285 seruiciorum
1306 2237 1371 2284 me·

251 2329 321 2394 ritis
338 2327 496 2391 dictorum
512 2320 648 2389 Renoldi
665 2329 696 2387 et
711 2323 807 2406 Jeak,
826 2324 962 2407 primum
979 2322 1133 2390 Ladizlao
1150 2325 1242 2410 Regi,
1270 2332 1303 2390 et
1327 2323 1379 2390 de-

251 2455 335 2502 mum
352 2432 446 2500 nobis
461 2431 494 2495 11
511 2429 777 2514 expedicionibus
794 2432 828 2495 in
845 2431 985 2496 cousinio
1011 2432 1116 2514 Regni
1144 2434 1245 2497 nostri
1276 2452 1373 2498 emer-

251 2540 404 2625 gentibus
422 2544 533 2604 contra
549 2535 718 2602 Albertum
737 2535 859 2603 Ducem
876 2536 1016 2622 Austris,
1033 2538 1088 2621 qui
1104 2538 1243 2604 confinia
1269 2541 1374 2624 Regni

251 2647 349 2716 nostri
366 2644 569 2728 deuastabat,
587 2652 619 2709 et
644 2643 846 2727 postmodum
865 2644 897 2709 in
923 2645 1064 2711 exercitu
1085 2653 1195 2712 nostro
1221 2647 1375 2733 generali,

251 2774 345 2841 quem
363 2757 476 2819 contra
492 2749 627 2818 eundem
644 2752 766 2817 Ducem
783 2749 912 2817 Austris
929 2750 1140 2838 habebamus,
1168 2751 1319 2820 exhibitis
1345 2763 1375 2818 et

251 2863 416 2950 impensis,
433 2859 609 2948 predictam
628 2867 745 2925 terram
764 2859 869 2926 Oheuz
886 2879 956 2924 oum
974 2859 1120 2926 omnibus
1132 2860 1330 2928 utilitatibus
1347 2873 1378 2928 et

250 2969 456 3057 pertinenciis
488 2970 555 3034 suis
578 2968 738 3034 uniuersis
764 2987 820 3052 prr
846 2965 1009 3032 dominum
1037 2965 1225 3033 ladislaum
1251 2971 1371 3053 Regem

250 3078 370 3144 eisdem
388 3073 538 3142 collatam
553 3075 771 3160 relinquimus,
790 3081 822 3138 et
839 3072 879 3139 de
896 3094 977 3140 nouo
1005 3073 1151 3141 dedimus
1184 3083 1215 3140 11
1241 3077 1374 3143 11111111-

249 3206 318 3252 1111
335 3205 410 3270 sepe
426 3182 521 3249 dictis
538 3181 682 3249 Renoldo
700 3190 732 3248 et
747 3183 845 3266 Jaak,
864 3201 903 3247 ac
920 3201 979 3265 per
990 3201 1044 3247 111
1056 3181 1227 3248 heredibus
1255 3203 1370 3250 eorun-

248 3291 330 3378 dem,
347 3291 564 3374 heredumque
580 3310 709 3356 suorum
726 3289 968 3374 posteritatibus
980 3291 1056 3374 jure
1074 3296 1230 3374 perpetuo
1246 3297 1279 3355 et
1295 3293 1371 3356 irre-

249 3397 436 3466 notabiliter
452 3399 681 3485 possidendam
697 3398 757 3466 sub
769 3395 890 3466 eisdem
902 3399 993 3465 metis
1006 3406 1037 3464 et
1054 3398 1198 3465 terminis
1214 3399 1368 3483 antiquis,

250 3507 366 3590 quibus
382 3507 497 3572 eadem
512 3513 598 3572 terra
623 3505 735 3574 habita
767 3505 941 3574 dinoscitur
972 3513 1004 3571 et
1019 3526 1179 3591 possessa.
1211 3509 1248 3572 In
1280 3509 1373 3576 ouius

248 3635 307 3700 rey
322 3614 509 3679 memoriam
541 3617 793 3696 perpetuamque
810 3614 992 3679 firmitatem
1019 3621 1186 3698 presentes
1213 3613 1371 3680 concessi·

247 3741 318 3788 mus
333 3720 460 3786 litteras
476 3719 612 3805 duplicis
629 3719 731 3804 sigilli
748 3719 847 3787 nostri
863 3721 1041 3788 munimine
1056 3720 1233 3788 roboratas.
1252 3721 1373 3786 Datum

247 3850 304 3914 per
320 3849 434 3895 manus
450 3827 579 3895 discreti
599 3811 663 3894 viri
674 3829 823 3912 Magistri
840 3827 1001 3896 Theodori
1028 3827 1180 3895 Albensis
1206 3828 1374 3895 Ecclesiae

246 3936 414 4023 Preposlti,
430 3939 505 4002 aule
520 3944 629 4004 nostre
648 3935 934 4020 Vico-Cancellarij
960 3935 1069 4002 dilecti
1081 3943 1113 4002 11
1129 3937 1236 4003 fidelis
1247 3939 1371 4022 nostri,

245 4066 332 4111 anno
348 4045 477 4111 Domini
494 4043 615 4110 M⁰OG⁰
631 4047 841 4129 nonagesimo
859 4045 971 4128 primo,
990 4043 1180 4112 duodecimo
1205 4043 1376 4110 kalendas

246 4151 395 4238 Augusti,
413 4155 517 4238 Regni
535 4163 642 4222 autem
659 4155 760 4221 nostri
776 4174 861 4220 anno
878 4153 1029 4221 seeundo.

624 4355 705 4417 (Paur
719 4347 787 4403 Irin
799 4351 997 4416 lrbzlemdnye.)
