3120 5172
822 345 979 444 Q

337 543 459 610 minora
475 539 554 608 auri
568 551 596 606 ot
612 542 749 628 arpenti,
769 541 821 607 uel
836 543 982 608 cuiusuis
1006 543 1131 628 peremis
1160 545 1379 632 mallonum,
1414 555 1474 610 aaut

336 649 521 739 salifodinu
537 673 590 714 aaa
603 661 715 736 puteus
730 649 809 715 salis
823 659 946 734 reperta
965 659 1039 714 auat
1054 652 1106 717 uel
1122 654 1261 738 reperiri
1271 655 1419 738 poterim
1436 657 1473 719 ia

329 759 481 847 suturam
493 756 528 822 iu
537 755 745 842 possessione
755 762 947 844 memorata,
955 755 1109 825 videlicet
1119 755 1152 825 in
1168 757 1320 844 porcione
1344 760 1470 828 utrius-

336 889 409 954 que,
426 871 604 953 prouentus
619 863 802 932 huiusmodi
820 870 928 952 partes
944 865 1157 932 communiter
1166 867 1350 953 percipient
1361 875 1395 935 ct
1412 867 1473 935 ba·

336 977 467 1059 bebuut,
483 977 616 1042 cultores
631 970 746 1059 sanam
770 997 822 1040 acu
849 976 998 1060 operarij
1027 975 1226 1040 auidiorem
1258 978 1426 1043 eorundem
1443 989 1471 1043 et
1546 972 1553 1082 l

335 1085 508 1174 salifodine
523 1105 574 1150 scu
587 1094 684 1168 poley
698 1083 777 1149 solia
788 1082 834 1147 od
850 1079 941 1148 illam
952 1086 1077 1167 partem
1090 1082 1308 1167 pertinebunt,
1324 1083 1359 1148 iu
1374 1084 1471 1151 euius
1548 1111 1553 1175 l

336 1192 491 1281 porcione
506 1195 637 1276 reperta
654 1189 773 1256 luerint
796 1189 937 1275 metalla,
959 1191 1047 1257 sales
1063 1197 1097 1257 et
1112 1196 1230 1276 puteus
1245 1189 1328 1259 salis
1344 1210 1469 1258 memo·
1551 1269 1552 1276 ἵ

336 1309 428 1387 rata;
447 1305 479 1366 et
494 1297 666 1385 pecuniam
685 1296 729 1363 ad
744 1316 826 1382 opus
842 1296 1038 1363 incoandum
1063 1297 1147 1383 ipsis
1172 1299 1332 1384 operarijs
1356 1306 1469 1386 partes

338 1408 418 1475 dare
433 1405 644 1475 communiter
658 1406 863 1472 tenebuntur.
891 1407 973 1472 Item
990 1404 1214 1492 possessiones
1231 1402 1468 1492 Chabamezey,
1551 1449 1552 1486 r

337 1514 587 1600 Zurdukybene,
604 1513 800 1594 Wcrustou,
827 1511 1026 1597 Kompoulth
1035 1565 1045 1600 ,
1072 1512 1217 1580 Fouchol
1235 1519 1267 1580 et
1283 1513 1377 1600 Pata,
1393 1535 1469 1581 cum
1546 1576 1552 1645 ἱ

338 1622 486 1691 omuibus
511 1621 706 1688 utilitatibus
737 1627 769 1687 et
793 1620 1005 1706 pertinencijs
1031 1621 1098 1689 suis
1122 1621 1284 1688 uniuersis
1301 1630 1469 1690 cesserunt
1548 1647 1553 1671 ·‘

337 1733 371 1798 in
386 1731 437 1797 ius
454 1736 485 1798 et
500 1729 733 1814 proprietatem
758 1727 895 1796 filiorum
919 1727 1100 1796 Alexandri
1118 1736 1150 1796 ct
1167 1749 1276 1796 corum
1293 1729 1468 1798 heredibus
1547 1742 1551 1820 ξ

338 1837 427 1929 (lgy)
444 1845 599 1928 perpetuo
619 1835 836 1924 possidcude;
861 1839 940 1904 item
955 1839 1217 1924 possessionibus
1243 1839 1468 1927 Zeekwdwor,
1551 1909 1552 1912 ,

337 1949 497 2034 Wasyau,
514 1944 727 2031 Arluycbalan
744 1953 776 2012 ct
792 1947 879 2034 alijs,
890 1966 971 2030 quas
987 1947 1111 2014 habent
1134 1950 1220 2016 inter
1235 1949 1350 2017 fluuios
1368 1951 1468 2035 Feyr-
1551 2021 1552 2026 ἵ

339 2057 440 2144 kyrus
459 2063 491 2123 et
506 2055 615 2121 Morus
633 2073 705 2120 cum
721 2055 869 2122 omuibus
885 2055 1080 2122 utilitatibus
1105 2063 1139 2124 ct
1163 2057 1375 2143 pertinencijs
1400 2057 1468 2124 suis

338 2164 526 2232 cedentibus
543 2163 621 2249 lilijs
638 2162 773 2230 Comitis
801 2163 887 2230 Petri
897 2214 908 2248 ,
932 2169 965 2230 et
989 2163 1164 2231 heredibus
1190 2165 1364 2232 eorundem
1382 2164 1467 2233 simi-

338 2271 415 2338 liter
430 2277 589 2356 perpetuo
614 2269 830 2356 possidendis.
857 2269 908 2336 lta
934 2271 1021 2356 quod
1037 2271 1079 2338 ad
1095 2271 1378 2358 recuperacionem
1395 2293 1467 2358 pos·

338 2377 517 2446 sessionum
548 2377 782 2464 alienatorum,
814 2397 877 2461 que
908 2379 942 2444 iu
968 2375 1131 2446 diuisione
1157 2381 1304 2464 utrisque
1320 2379 1466 2465 partibus
1555 2451 1556 2456 ἵ

339 2487 475 2554 cessisse
491 2483 742 2572 dignoscuntur,
761 2491 872 2572 partes
888 2485 1073 2554 adinuicem
1090 2508 1126 2554 se
1142 2487 1257 2554 iuuare
1274 2488 1466 2555 tenebuntur
1548 2474 1556 2592 l

339 2593 480 2681 proprijs
498 2591 663 2661 laboribus
680 2600 712 2660 et
728 2595 893 2678 expensis.
919 2596 957 2660 In
973 2593 1064 2661 cuins
1080 2593 1128 2660 rei
1143 2593 1334 2662 memoriam
1351 2601 1385 2662 ct
1401 2613 1465 2679 per·
1550 2592 1556 2609 '

338 2710 468 2788 petuam
484 2701 668 2768 firmitatem
684 2708 856 2788 presentes
882 2699 1003 2770 eisdem
1019 2702 1166 2788 partibus
1183 2703 1403 2794 concessimus
1420 2703 1464 2767 lit·

341 2814 428 2877 teras
452 2808 615 2894 dupplicis
640 2809 745 2894 sigilli
769 2811 873 2876 nostri
906 2809 1083 2878 munimine
1107 2811 1290 2879 roboratas.
1326 2810 1368 2876 Et
1393 2809 1465 2894 quia

338 2917 481 3002 sigillum
497 2923 641 2984 nostrum
662 2917 749 2984 idem
777 2915 935 3000 Magister
957 2916 1134 2984 Ladizlaus
1159 2917 1352 3002 Propositus
1367 2917 1463 3002 Tytu·
1550 2930 1555 3005 j

338 3027 455 3095 liensis
472 3032 562 3092 tenet
578 3027 649 3094 siue
664 3031 795 3112 portat:
813 3023 857 3090 ad
868 3029 1023 3092 maiorem
1035 3025 1129 3092 huius
1145 3025 1226 3092 facti
1242 3023 1463 3092 certitudinem

342 3140 375 3201 et
389 3133 569 3201 uberiorem
585 3133 770 3221 cautelam,
802 3153 842 3198 ac
866 3132 1084 3218 suspicionem
1102 3131 1301 3220 euitandam,
1317 3128 1464 3219 presenti-

341 3243 402 3309 bus
418 3241 521 3308 cciam
538 3241 650 3326 sigilla
666 3240 868 3310 venerabilis
885 3241 988 3328 patris
1008 3239 1131 3308 domiui
1147 3240 1309 3308 lobannis
1324 3241 1385 3306 Dei
1395 3257 1464 3324 gra·

340 3350 392 3417 cia
408 3348 656 3438 Archicpiscopi
672 3348 863 3416 (tolonensis
880 3348 956 3414 aule
971 3354 1081 3415 nostre
1093 3348 1303 3436 Cancellarij,
1320 3367 1359 3414 ac
1374 3343 1464 3411 Omo-

339 3455 391 3523 dei
407 3455 562 3544 Palatini,
580 3455 774 3524 dilectorum
791 3463 824 3522 ct
840 3453 984 3522 fidelium
1001 3461 1186 3523 nostrorum
1198 3455 1318 3540 apponi
1336 3451 1465 3520 lecimus

339 3570 371 3631 et
387 3563 541 3650 appendi.
558 3565 680 3630 Datum
694 3585 754 3650 per
771 3583 885 3632 manus
904 3561 1048 3630 eiusdem
1065 3561 1216 3646 Magistri
1232 3560 1379 3630 Ladizlai
1393 3557 1466 3624 Pre-

338 3671 438 3759 positi
453 3691 540 3738 anuo
556 3671 688 3738 Domini
705 3671 815 3739 M⁰oo⁰
830 3671 1043 3757 nonagesimo
1067 3690 1165 3757 nouo,
1181 3669 1296 3752 quinto
1311 3663 1464 3736 kalendas

338 3779 489 3868 Augusti,
505 3779 610 3866 Regni
626 3786 735 3848 autem
751 3781 855 3850 nostri
872 3801 958 3848 anuo
975 3800 1071 3848 nouo.

339 3975 378 4052 (A
395 3978 481 4030 budai
494 3977 685 4047 lsdptalauuak
707 3994 799 4045 ugyan
815 3979 926 4030 neceni
949 3973 1111 4041 terraticum
1137 3977 1250 4031 abudei
1272 3975 1325 4029 klr.
1346 3973 1464 4026 lamanai

806 4065 999 4137 ravennam.)
