3120 5172
843 285 1002 386 *as-a—

351 481 557 566 aPreposito
574 487 605 545 et
620 478 773 563 Capitulc
790 479 1026 562 strigoniensis
1043 480 1190 547 Ecclesia
1206 479 1382 565 sepedicta,
1414 483 1460 548 hu-

353 587 490 655 iusmorli
506 588 558 652 liti
574 587 703 664 cedens,
720 599 753 652 ct
767 587 927 670 questioni
943 607 1001 654 sua
1018 587 1225 672 renuncians,
1243 587 1284 654 de
1300 609 1362 656 sua
1381 610 1462 672 spon-

350 703 447 762 tanea
464 699 496 761 et
518 695 623 762 libera
647 696 814 780 uoluntate
838 699 1042 779 prenotatam
1069 695 1306 779 possessiouem
1343 697 1461 782 Nempli

353 805 562 889 appellatam,
579 823 644 870 una
660 820 732 868 cum
748 801 815 869 suis
832 802 1022 870 utilitatibus
1045 811 1076 869 et
1087 804 1299 889 pertinencijs
1320 805 1465 869 vniucrsis

353 911 458 976 eidem
482 910 650 995 Proposito
676 916 708 977 et
734 908 884 995 Capitulo
910 910 1144 994 Strigoniensis
1170 911 1325 999 Ecclesia,
1354 912 1396 977 ab
1422 913 1466 978 bac

356 1018 561 1104 impetitione
577 1039 635 1085 sua
651 1018 822 1085 liberatam
839 1024 871 1084 et
887 1019 1037 1102 legaliter
1052 1020 1247 1104 absolutam,
1273 1019 1422 1103 permisit
1443 1025 1466 1083 et

358 1125 489 1209 reliquit
508 1126 576 1193 iurc
593 1132 750 1210 perpetuo
776 1124 910 1209 pacifice
936 1130 967 1191 ct
983 1125 1137 1210 plenarie,
1159 1146 1288 1192 necnon
1314 1126 1464 1193 inrenoca-

357 1235 466 1302 biliter
481 1244 514 1301 ct
530 1233 812 1300 inretractabiliter
827 1233 1020 1314 habendam,
1035 1232 1210 1319 tenendam
1227 1241 1258 1300 et
1283 1235 1466 1300 immobiliter

361 1341 601 1427 possidendam,
619 1347 685 1408 tam
702 1339 773 1428 sibi,
790 1360 887 1423 quam
905 1341 973 1408 suis
999 1339 1170 1408 heredibus
1196 1347 1227 1407 et
1253 1343 1394 1426 posteris
1417 1363 1466 1408 am·

355 1455 475 1532 putans
490 1447 530 1513 de
546 1453 652 1516 cetero
668 1468 765 1532 super
788 1447 873 1512 sacto
899 1445 1045 1512 eiusdem
1071 1446 1287 1532 possessionis
1313 1448 1466 1513 materiam

352 1557 494 1641 amplius
511 1555 718 1642 procedendi,
737 1555 788 1620 uel
802 1551 935 1637 aliquod
946 1553 1005 1641 ius,
1032 1559 1088 1620 aut
1115 1556 1318 1620 occasionem
1346 1556 1381 1620 in
1408 1555 1467 1640 ipsa

352 1663 568 1749 possessione,
584 1663 636 1728 ucl
652 1663 719 1728 suis
735 1661 929 1728 utilitatibus
946 1661 1014 1726 ullo
1031 1681 1174 1745 unquam
1200 1669 1344 1748 tempore
1371 1663 1466 1728 uendi·

351 1770 457 1836 candi.
472 1771 533 1852 Ita,
550 1775 586 1835 ut
601 1771 633 1836 iu
652 1767 837 1836 huiusmodi
852 1766 1083 1854 permissionis,
1100 1768 1258 1836 cessionis
1275 1777 1306 1836 ct
1332 1769 1465 1836 satisfac·

350 1877 451 1946 cicuis
468 1877 563 1944 iidem
579 1877 753 1958 credulam,
771 1885 803 1942 et
819 1877 852 1942 in
868 1876 999 1942 maioris
1026 1877 1228 1946 certitudinis
1250 1884 1462 1960 argumentum

351 1986 558 2072 priuilegium
574 1984 719 2053 eiusdem
736 1984 859 2051 domini
875 1985 976 2069 Regis
993 1984 1152 2069 Ladizlay
1167 1984 1303 2070 prefatis
1314 1982 1465 2068 Magistris

352 2096 477 2163 Jacobo
494 2094 625 2162 cantori
643 2100 674 2160 et
690 2094 838 2179 Anyano,
857 2093 986 2160 nomine
1003 2098 1034 2158 et
1050 2095 1121 2159 uice
1146 2091 1348 2160 dominorum
1376 2098 1404 2158 et
1425 2111 1465 2157 so-

351 2202 472 2269 ciorum
488 2221 618 2268 suorum
645 2201 804 2285 Propositi
827 2207 859 2266 et
886 2199 1026 2284 Capituli
1051 2199 1215 2286 sepedicta
1245 2198 1466 2283 strigoniensis

350 2308 498 2376 Ecclesia
513 2307 750 2393 recipientibus,
767 2307 917 2392 restituit,
933 2303 1073 2373 reddidit
1101 2313 1134 2372 et
1157 2325 1266 2372 coram
1292 2306 1386 2372 nobis
1409 2324 1464 2369 mn-

350 2417 490 2484 nualiter
506 2415 698 2500 assignauit‚
714 2415 817 2500 ipsam
834 2414 1091 2498 strigoniensem
1107 2413 1296 2498 Ecclesiam,
1308 2433 1466 2481 sacrosan·

350 2531 436 2591 ctam
451 2533 587 2592 martem
605 2543 708 2610 suam,
726 2530 837 2590 contra
853 2544 947 2591 suam
964 2521 1203 2590 conscienciam
1220 2521 1334 2588 uolens
1358 2525 1390 2587 in
1414 2520 1468 2586 hac

351 2653 411 2700 sna
427 2633 557 2701 iusticia
574 2633 708 2700 ulterius
725 2632 882 2718 impetere
898 2633 952 2698 uel
969 2633 1110 2698 turbare.
1127 2633 1165 2698 lu
1181 2632 1275 2716 cujus
1291 2651 1351 2718 rep
1379 2629 1466 2696 firmi·

349 2747 449 2809 tatem
467 2749 499 2807 et
514 2741 701 2808 memoriam
717 2741 947 2824 sempiternam
973 2745 1140 2825 presentes
1165 2738 1302 2824 litteras,
1330 2741 1373 2805 ad
1396 2737 1469 2825 peti·

349 2851 475 2918 cionem
492 2857 524 2917 et
538 2849 732 2917 instanciam
749 2849 891 2916 eiusdem
908 2847 1042 2914 Comitis
1057 2847 1173 2933 Erdev,
1189 2849 1357 2934 Prepesito
1372 2855 1404 2914 et
1414 2845 1467 2910 Oa·

348 2957 453 3043 pitulo
463 2955 852 3042 StrigoniensisEcclesie
863 2963 1038 3023 memorate
1048 2955 1151 3040 sigilli
1161 2957 1261 3023 nostri
1273 2955 1469 3043 appensione

349 3064 496 3132 dedimus
511 3065 734 3132 communitas.
751 3067 873 3130 Datum
889 3081 975 3128 anno
1001 3062 1133 3130 Domini
1158 3063 1330 3131 millesimo
1356 3063 1465 3128 docco·

348 3172 461 3240 tesimc
478 3173 687 3258 nonagesimo
704 3173 850 3258 septimo,
868 3168 967 3237 tercio
983 3170 1056 3239 idus
1071 3172 1093 3238 J
1096 3171 1161 3256 ulij.

433 3364 483 3438 (Aa
498 3369 600 3422 eredsti
614 3366 680 3422 utin
694 3371 790 3422 Knaua
804 3365 922 3431 illudar,
944 3372 1059 3438 Magysr
1072 3368 1138 3422 Sion
1150 3371 1200 3422 111.
1214 3370 1271 3421 not.
1286 3367 1392 3434 946.1,)

808 3674 1017 3685 ...ι’-...ιιι-
