3120 5172
634 332 697 395 299

88 524 184 612 Petri,
209 525 419 612 iobagionum
445 520 550 593 Castri
583 523 624 592 de
650 523 724 610 Vng
748 526 818 594 sius
844 526 963 594 herede
988 527 1232 597 decedeneium

90 630 202 700 Barka
220 644 382 720 uocatam,
398 637 432 701 in
450 632 613 702 conlatu
631 633 670 700 de
688 633 761 717 Vng
779 636 980 721 existentem,
1000 657 1021 703 a
1045 636 1139 704 nobis
1165 659 1237 721 pe·-

92 739 143 821 oijt
157 741 224 807 sibi
240 741 321 808 dari.
349 742 468 808 Verum
492 742 569 824 quia
596 739 636 808 de
657 741 818 826 qualitate
843 749 876 807 et
901 743 1086 825 quantitate
1112 743 1217 828 ipsius

92 847 180 914 nobis
211 850 333 916 ueritas
349 870 413 936 non
445 850 625 933 constabat,
640 847 794 914 fidelibus
812 848 931 916 nostris
947 849 1098 935 Capitulo
1123 849 1217 932 Agri·

93 953 159 1018 ensi
183 955 303 1021 nostris
330 953 478 1022 dedimus
505 953 623 1022 litteris
647 953 682 1020 in
706 954 882 1039 mandatis,
915 960 951 1022 vt
977 955 1140 1022 bominem
1164 977 1217 1023 su·

92 1079 142 1124 um
165 1059 332 1128 mitterent
371 1060 499 1128 fidelem
526 1081 583 1144 pro
624 1060 830 1142 testimonio,
862 1082 972 1128 coram
1002 1083 1066 1148 quo
1099 1061 1216 1132 Comes

92 1168 257 1236 Jobannes
273 1169 314 1235 dc
340 1169 448 1236 Takta
464 1171 560 1236 horno
586 1175 697 1236 noster
722 1169 942 1238 reambularet
966 1171 1074 1256 ipsam
1100 1177 1222 1240 terram

91 1276 293 1361 presentibus
326 1277 561 1343 commotaneis
602 1283 634 1340 ct
663 1275 790 1362 vicinis,
818 1285 850 1341 et
874 1282 1031 1343 statueret
1062 1277 1127 1363 ipsi
1159 1275 1220 1344 Go-

91 1383 160 1448 miti
175 1384 311 1472 Jaccbc,
327 1385 357 1450 si
382 1405 446 1450 non
463 1383 555 1450 fieret
571 1383 818 1470 contradictum,
845 1383 1101 1452 contradictores
1132 1405 1221 1467 uero,

95 1489 122 1557 si
140 1489 196 1572 qui
211 1491 342 1578 tierent,
377 1492 420 1556 ad
452 1499 595 1558 nostram
612 1491 729 1559 citaret
753 1493 956 1577 presenciam
982 1490 1025 1558 ad
1049 1495 1221 1560 terminum
1257 1527 1260 1534 ι

92 1605 337 1682 competentem.
373 1580 468 1676 Quod
500 1599 628 1684 quidem
660 1599 841 1685 Capitulum
873 1599 1004 1666 demum
1036 1601 1130 1668 nobis
1169 1621 1221 1667 rc·

91 1703 232 1791 scripsit,
261 1713 299 1773 ut
323 1707 487 1776 hominem
503 1728 598 1776 suum
623 1707 767 1776 misisset
791 1707 920 1776 fidelem
944 1727 1003 1793 pro
1033 1709 1235 1776 testimonia

91 1832 160 1878 oum
178 1813 302 1881 Gemite
317 1815 467 1884 lobanne
483 1816 689 1902 supradict03
721 1818 776 1899 qui
792 1817 1000 1901 presentibus
1016 1817 1166 1885 iohanne
1183 1816 1217 1882 ti·

91 1923 136 1990 tio
152 1923 270 1990 Jaecbi
285 1923 326 1990 de
343 1923 459 2009 Palag‚
484 1921 639 1992 Marcello
669 1925 710 1991 de
734 1925 941 2009 Zelementb;
973 1925 1051 1992 item
1083 1924 1218 1991 otlieiali

90 2028 358 2097 ComitisDetrici
374 2029 431 2096 tilii
448 2031 608 2115 Symonis,
624 2031 741 2097 Zoltan
757 2031 900 2099 officiale
916 2031 1031 2118 Sinka,
1049 2031 1217 2116 Stephano

88 2133 155 2202 filio
170 2137 276 2222 Euda,
293 2138 451 2204 Samsone
467 2135 535 2203 filio
560 2137 711 2224 Nicolay,
727 2143 760 2203 et
774 2139 870 2206 Petro
886 2137 1024 2224 Magno,
1039 2139 1117 2205 item
1134 2139 1237 2206 Bene*-

90 2242 158 2310 tilio
173 2242 281 2325 Pauli,
297 2245 353 2328 qni
368 2265 427 2332 pro
444 2263 480 2312 sc
505 2251 537 2310 et
558 2232 627 2330 pro
647 2245 728 2326 aliis
754 2244 908 2313 iratribus
934 2243 1002 2312 suis
1028 2247 1218 2334 comparuit,

91 2351 323 2418 commetaneis
349 2351 434 2419 dicte
458 2359 543 2418 terre
567 2353 787 2439 personaliter
811 2353 1073 2439 comparentibus
1099 2361 1132 2422 et
1155 2373 1237 2421 non·

91 2457 397 2545 contradicentibus,
414 2456 498 2526 sicut
513 2457 549 2524 in
566 2458 686 2526 litteris
703 2457 782 2526 dicti
799 2458 945 2544 Capituli
962 2461 1119 2528 contineri
1135 2459 1215 2530 uidi·

89 2587 170 2650 mus,
198 2563 306 2650 ipsam
330 2573 453 2631 terram
477 2565 593 2632 Ruzka
625 2565 863 2633 reambulassat
886 2574 919 2632 et
957 2569 1128 2636 statuisset
1160 2565 1229 2633 (lo--

90 2673 161 2739 miti
193 2673 318 2742 Jacobo
335 2673 532 2758 supradicto.
564 2673 631 2739 Nos
666 2669 778 2756 itaque
803 2673 858 2757 qui
883 2695 923 2741 ex
949 2675 1054 2742 officio
1079 2675 1222 2761 suscepti

91 2781 261 2864 regiminis
278 2781 452 2866 unicuique
468 2779 670 2868 respondere
686 2788 834 2847 tenemur
849 2801 907 2866 pro
923 2781 1072 2864 seruicijs
1088 2789 1121 2848 et
1145 2781 1221 2851 fids·

91 2888 241 2956 litatibus
257 2888 415 2974 eiusdem,
430 2889 739 2972 considerantesque
755 2888 914 2972 obsequia
938 2889 1092 2974 graciosa
1116 2887 1220 2975 ipsius

91 2995 227 3062 Comitis
242 2995 369 3082 Jacobi,
387 3015 450 3080 quc
475 2995 536 3061 sub
562 2999 668 3060 castro
700 2993 878 3062 Viennensi
907 3013 971 3062 non
989 2995 1073 3063 sine
1099 2997 1229 3066 cruoris

92 3101 252 3168 effusione
268 3103 413 3168 exhibuit
429 3107 465 3168 nt
482 3102 619 3168 fideliter
634 3103 681 3169 sic
697 3101 823 3184 deuote,
840 3101 959 3167 dietam
976 3112 1097 3167 terram
1105 3101 1222 3170 Ruzka

95 3206 200 3274 eidem
217 3207 334 3275 Comiti
350 3210 473 3276 Jacobo
493 3227 565 3275 cum
582 3209 732 3276 omnibus
748 3208 817 3275 suis
841 3207 1038 3274 utilitatibus
1063 3215 1097 3274 et
1123 3209 1222 3294 perti·

95 3315 221 3400 nencijs
236 3317 399 3384 uniuersis
424 3317 484 3384 sub
511 3317 604 3384 metis
630 3325 661 3384 et
686 3315 836 3382 terminis
863 3315 1015 3400 antiquis,
1044 3314 1078 3380 in
1105 3315 1224 3397 quibua

99 3439 156 3506 per
170 3423 292 3509 priores
319 3426 492 3491 seruitores
516 3425 660 3491 limitata
683 3422 792 3490 iuerat
818 3431 850 3489 et
876 3441 1038 3508 possessa,
1064 3417 1224 3508 dedimus,

101 3531 292 3598 contulimus
308 3540 340 3598 et
354 3532 550 3599 tradidimus
565 3531 636 3598 iure
651 3537 806 3617 perpetuo
823 3529 958 3616 pacifice
978 3525 1228 3616 possidendam.

100 3637 136 3702 ln
155 3637 243 3704 cuius
259 3639 307 3704 rei
334 3641 522 3706 memoriam
553 3645 809 3724 perpetuamque
840 3635 1023 3702 firmitatem
1054 3642 1227 3722 presentes

100 3749 315 3813 concessimus
331 3747 457 3813 litteras
474 3745 636 3832 dupplicis
650 3743 752 3828 sigilli
767 3747 872 3811 nostri
888 3741 1064 3812 munimine
1090 3744 1220 3810 robora·

100 3857 160 3917 tas.
190 3857 310 3920 Datum
336 3875 393 3938 per
429 3874 544 3921 manus
570 3853 766 3920 venerabilis
791 3853 893 3940 patris
919 3851 1040 3918 domini
1065 3848 1222 3938 Anthonij

101 3959 161 4023 Dei
175 3962 288 4045 gracia
303 3961 458 4046 Episcopi
474 3961 713 4029 Obanadiensis
730 3963 806 4026 aule
822 3967 932 4027 nostre
961 3955 1225 4024 viee-cancelta-
1355 3969 1360 3982 ·

104 4065 141 4148 rij
159 4067 268 4136 dilecti
286 4075 318 4134 et
334 4069 439 4135 fidelis
455 4069 558 4135 nostri
590 4089 675 4136 anno
701 4067 834 4133 Domini
858 4065 1050 4132 millessimo
1075 4063 1224 4133 ducente-

104 4171 182 4237 simo
196 4177 409 4259 nonagesimo
434 4183 561 4258 octauo,
587 4177 700 4260 quinto
724 4175 809 4261 ydus
833 4173 958 4259 Aprilis
981 4170 1087 4256 Regni
1113 4177 1226 4238 autern

105 4281 201 4347 nostri
217 4303 303 4351 anno
320 4289 448 4350 octauo.

106 4419 238 4480 (Eumelis
249 4425 424 4494 btirhdrtyln,
448 4429 562 4495 melyrb'l
586 4447 605 4482 a
616 4427 717 4496 kirdlyi
738 4427 833 4495 peccet
850 4427 978 4480 toreddlre
990 4421 1165 4488 vordesdrga
1186 4437 1231 4474 ιο·-

235 4519 304 4583 lyem
318 4515 444 4574 zaindrou
453 4517 539 4584 fflggr
553 4532 570 4569 a
584 4531 807 4570 semanimem
826 4509 1066 4580 ncuraturttan.)

555 4693 773 4707 m
