<?xml version="1.0" encoding="UTF-8"?>
<!DOCTYPE html PUBLIC "-//W3C//DTD XHTML 1.0 Transitional//EN"
    "http://www.w3.org/TR/xhtml1/DTD/xhtml1-transitional.dtd">
<html xmlns="http://www.w3.org/1999/xhtml" xml:lang="en" lang="en">
 <head>
  <title>
</title>
<meta http-equiv="Content-Type" content="text/html;charset=utf-8" />
  <meta name='ocr-system' content='tesseract 3.04.00' />
  <meta name='ocr-capabilities' content='ocr_page ocr_carea ocr_par ocr_line ocrx_word'/>
</head>
<body>
  <div class='ocr_page' id='page_1' title='image "./codexdiplomatic19wenzgoog_0292.png"; bbox 0 0 3098 5172; ppageno 0'>
   <div class='ocr_carea' id='block_1_1' title="bbox 821 950 897 1016">
    <p class='ocr_par' dir='ltr' id='par_1_1' title="bbox 821 950 897 1016">
     <span class='ocr_line' id='line_1_1' title="bbox 821 950 897 1016; baseline 0 0"><span class='ocrx_word' id='word_1_1' title='bbox 821 950 897 1016; x_wconf 83' lang='grc'><strong>161.</strong></span> 
     </span>
    </p>
   </div>
   <div class='ocr_carea' id='block_1_2' title="bbox 299 1145 1421 1344">
    <p class='ocr_par' dir='ltr' id='par_1_2' title="bbox 299 1145 1421 1344">
     <span class='ocr_line' id='line_1_2' title="bbox 299 1145 1421 1237; baseline -0.001 -23"><span class='ocrx_word' id='word_1_2' title='bbox 299 1145 366 1214; x_wconf 85' lang='lat' dir='ltr'><strong><em>III.</em></strong></span> <span class='ocrx_word' id='word_1_3' title='bbox 384 1151 496 1216; x_wconf 72' lang='lat' dir='ltr'>Ecetra</span> <span class='ocrx_word' id='word_1_4' title='bbox 509 1151 680 1236; x_wconf 73' lang='lat' dir='ltr'>tirutpoat</span> <span class='ocrx_word' id='word_1_5' title='bbox 699 1150 861 1217; x_wconf 70' lang='lat' dir='ltr'>Otottccna</span> <span class='ocrx_word' id='word_1_6' title='bbox 888 1153 1040 1236; x_wconf 69' lang='lat' dir='ltr'>belystpet</span> <span class='ocrx_word' id='word_1_7' title='bbox 1062 1157 1215 1237; x_wconf 76' lang='lat' dir='ltr'>tdrppuzo&#39;</span> <span class='ocrx_word' id='word_1_8' title='bbox 1241 1153 1421 1236; x_wconf 75' lang='lat' dir='ltr'>ndomdopo</span> 
     </span>
     <span class='ocr_line' id='line_1_3' title="bbox 387 1255 1334 1344; baseline 0 -22"><span class='ocrx_word' id='word_1_9' title='bbox 387 1257 493 1344; x_wconf 70' lang='lat' dir='ltr'>Peter,</span> <span class='ocrx_word' id='word_1_10' title='bbox 507 1259 689 1326; x_wconf 81' lang='lat' dir='ltr'>Olrolu&#39;csuos&#39;</span> <span class='ocrx_word' id='word_1_11' title='bbox 705 1259 766 1323; x_wconf 67' lang='lat' dir='ltr'>Pru</span> <span class='ocrx_word' id='word_1_12' title='bbox 779 1255 1334 1326; x_wconf 69' lang='grc' dir='ltr'><strong>(0001010010010ον00οά0οά00.1297.</strong></span> 
     </span>
    </p>
   </div>
   <div class='ocr_carea' id='block_1_3' title="bbox 291 1451 1458 4680">
    <p class='ocr_par' dir='ltr' id='par_1_3' title="bbox 291 1451 1458 4680">
     <span class='ocr_line' id='line_1_4' title="bbox 405 1451 1424 1541; baseline -0.001 -21"><span class='ocrx_word' id='word_1_13' title='bbox 405 1451 553 1522; x_wconf 83' lang='lat' dir='ltr'>Andreas</span> <span class='ocrx_word' id='word_1_14' title='bbox 564 1455 625 1522; x_wconf 93' lang='lat' dir='ltr'>Dci</span> <span class='ocrx_word' id='word_1_15' title='bbox 636 1455 939 1538; x_wconf 81' lang='lat' dir='ltr'>graciaHungarie‚</span> <span class='ocrx_word' id='word_1_16' title='bbox 955 1455 1135 1540; x_wconf 87' lang='lat' dir='ltr'>Dalmaoie,</span> <span class='ocrx_word' id='word_1_17' title='bbox 1154 1451 1299 1541; x_wconf 79' lang='lat' dir='ltr'>Oroacie,</span> <span class='ocrx_word' id='word_1_18' title='bbox 1316 1455 1424 1536; x_wconf 84' lang='lat' dir='ltr'>Ramc,</span> 
     </span>
     <span class='ocr_line' id='line_1_5' title="bbox 299 1561 1425 1648; baseline -0.003 -19"><span class='ocrx_word' id='word_1_19' title='bbox 299 1564 422 1648; x_wconf 81' lang='lat' dir='ltr'>Seruis,</span> <span class='ocrx_word' id='word_1_20' title='bbox 435 1561 584 1647; x_wconf 77' lang='lat' dir='ltr'>Gallicis,</span> <span class='ocrx_word' id='word_1_21' title='bbox 602 1563 804 1647; x_wconf 88' lang='lat' dir='ltr'>Lodomerie,</span> <span class='ocrx_word' id='word_1_22' title='bbox 823 1562 988 1648; x_wconf 79' lang='lat' dir='ltr'>Cumanis,</span> <span class='ocrx_word' id='word_1_23' title='bbox 1005 1565 1226 1647; x_wconf 78' lang='lat' dir='ltr'>Belgarieque</span> <span class='ocrx_word' id='word_1_24' title='bbox 1241 1565 1311 1630; x_wconf 87' lang='lat' dir='ltr'>Rex</span> <span class='ocrx_word' id='word_1_25' title='bbox 1328 1561 1425 1628; x_wconf 88' lang='lat' dir='ltr'>omni·</span> 
     </span>
     <span class='ocr_line' id='line_1_6' title="bbox 298 1669 1420 1758; baseline -0.002 -21"><span class='ocrx_word' id='word_1_26' title='bbox 298 1672 357 1738; x_wconf 90' lang='lat' dir='ltr'>bus</span> <span class='ocrx_word' id='word_1_27' title='bbox 383 1669 501 1736; x_wconf 78' lang='lat' dir='ltr'>Christi</span> <span class='ocrx_word' id='word_1_28' title='bbox 533 1670 682 1738; x_wconf 88' lang='lat' dir='ltr'>fidelibus</span> <span class='ocrx_word' id='word_1_29' title='bbox 709 1678 775 1737; x_wconf 86' lang='lat' dir='ltr'>tam</span> <span class='ocrx_word' id='word_1_30' title='bbox 794 1673 1001 1758; x_wconf 78' lang='lat' dir='ltr'>presentibus</span> <span class='ocrx_word' id='word_1_31' title='bbox 1027 1692 1125 1755; x_wconf 88' lang='lat' dir='ltr'>quam</span> <span class='ocrx_word' id='word_1_32' title='bbox 1142 1672 1257 1738; x_wconf 89' lang='lat' dir='ltr'>futuris</span> <span class='ocrx_word' id='word_1_33' title='bbox 1290 1691 1420 1756; x_wconf 90' lang='lat' dir='ltr'>presens</span> 
     </span>
     <span class='ocr_line' id='line_1_7' title="bbox 298 1778 1423 1864; baseline 0 -20"><span class='ocrx_word' id='word_1_34' title='bbox 298 1778 454 1862; x_wconf 90' lang='lat' dir='ltr'>scriptum</span> <span class='ocrx_word' id='word_1_35' title='bbox 468 1779 660 1864; x_wconf 88' lang='lat' dir='ltr'>inspecturis</span> <span class='ocrx_word' id='word_1_36' title='bbox 671 1779 810 1845; x_wconf 90' lang='lat' dir='ltr'>salutem</span> <span class='ocrx_word' id='word_1_37' title='bbox 820 1778 854 1844; x_wconf 89' lang='lat' dir='ltr'>in</span> <span class='ocrx_word' id='word_1_38' title='bbox 865 1780 1006 1845; x_wconf 88' lang='lat' dir='ltr'>Domino</span> <span class='ocrx_word' id='word_1_39' title='bbox 1016 1779 1256 1864; x_wconf 88' lang='lat' dir='ltr'>sempiternam.</span> <span class='ocrx_word' id='word_1_40' title='bbox 1274 1780 1337 1845; x_wconf 89' lang='lat' dir='ltr'>Pro</span> <span class='ocrx_word' id='word_1_41' title='bbox 1347 1780 1423 1845; x_wconf 89' lang='lat' dir='ltr'>benc</span> 
     </span>
     <span class='ocr_line' id='line_1_8' title="bbox 298 1884 1418 1971; baseline 0.002 -21"><span class='ocrx_word' id='word_1_42' title='bbox 298 1884 421 1952; x_wconf 90' lang='lat' dir='ltr'>meritis</span> <span class='ocrx_word' id='word_1_43' title='bbox 439 1891 470 1952; x_wconf 93' lang='lat' dir='ltr'>et</span> <span class='ocrx_word' id='word_1_44' title='bbox 485 1887 553 1952; x_wconf 91' lang='lat' dir='ltr'>suis</span> <span class='ocrx_word' id='word_1_45' title='bbox 571 1885 737 1970; x_wconf 78' lang='lat' dir='ltr'>obsequiJs</span> <span class='ocrx_word' id='word_1_46' title='bbox 753 1885 906 1951; x_wconf 78' lang='lat' dir='ltr'>studiosis</span> <span class='ocrx_word' id='word_1_47' title='bbox 932 1887 984 1971; x_wconf 91' lang='lat' dir='ltr'>pie</span> <span class='ocrx_word' id='word_1_48' title='bbox 1011 1885 1268 1953; x_wconf 83' lang='lat' dir='ltr'>mansuetudinis</span> <span class='ocrx_word' id='word_1_49' title='bbox 1296 1887 1418 1952; x_wconf 87' lang='lat' dir='ltr'>animos</span> 
     </span>
     <span class='ocr_line' id='line_1_9' title="bbox 298 1993 1418 2078; baseline -0.002 -18"><span class='ocrx_word' id='word_1_50' title='bbox 298 1993 449 2060; x_wconf 88' lang='lat' dir='ltr'>conuenit</span> <span class='ocrx_word' id='word_1_51' title='bbox 465 1993 635 2078; x_wconf 88' lang='lat' dir='ltr'>inclinari;</span> <span class='ocrx_word' id='word_1_52' title='bbox 652 2002 687 2060; x_wconf 79' lang='lat' dir='ltr'>vt</span> <span class='ocrx_word' id='word_1_53' title='bbox 703 2013 760 2060; x_wconf 90' lang='lat' dir='ltr'>sue</span> <span class='ocrx_word' id='word_1_54' title='bbox 777 1993 941 2059; x_wconf 85' lang='lat' dir='ltr'>fidelitatis</span> <span class='ocrx_word' id='word_1_55' title='bbox 959 2001 991 2058; x_wconf 90' lang='lat' dir='ltr'>ct</span> <span class='ocrx_word' id='word_1_56' title='bbox 1015 1995 1163 2060; x_wconf 89' lang='lat' dir='ltr'>laborum</span> <span class='ocrx_word' id='word_1_57' title='bbox 1189 1994 1322 2060; x_wconf 85' lang='lat' dir='ltr'>laudem</span> <span class='ocrx_word' id='word_1_58' title='bbox 1346 1994 1418 2060; x_wconf 90' lang='lat' dir='ltr'>reci-</span> 
     </span>
     <span class='ocr_line' id='line_1_10' title="bbox 297 2100 1417 2186; baseline 0.001 -20"><span class='ocrx_word' id='word_1_59' title='bbox 297 2101 390 2186; x_wconf 83' lang='lat' dir='ltr'>piant</span> <span class='ocrx_word' id='word_1_60' title='bbox 406 2107 437 2166; x_wconf 91' lang='lat' dir='ltr'>et</span> <span class='ocrx_word' id='word_1_61' title='bbox 453 2102 645 2168; x_wconf 79' lang='lat' dir='ltr'><strong>mercedem.</strong></span> <span class='ocrx_word' id='word_1_62' title='bbox 661 2102 802 2169; x_wconf 87' lang='lat' dir='ltr'>Proinde</span> <span class='ocrx_word' id='word_1_63' title='bbox 818 2100 861 2167; x_wconf 87' lang='lat' dir='ltr'>ad</span> <span class='ocrx_word' id='word_1_64' title='bbox 878 2102 1102 2168; x_wconf 81' lang='lat' dir='ltr'>uniuersorum</span> <span class='ocrx_word' id='word_1_65' title='bbox 1127 2102 1279 2168; x_wconf 74' lang='lat' dir='ltr'>noticiam</span> <span class='ocrx_word' id='word_1_66' title='bbox 1306 2101 1417 2168; x_wconf 90' lang='lat' dir='ltr'>harum</span> 
     </span>
     <span class='ocr_line' id='line_1_11' title="bbox 299 2208 1422 2294; baseline 0 -18"><span class='ocrx_word' id='word_1_67' title='bbox 299 2211 382 2276; x_wconf 90' lang='lat' dir='ltr'>serie</span> <span class='ocrx_word' id='word_1_68' title='bbox 398 2209 545 2276; x_wconf 82' lang='lat' dir='ltr'>volumus</span> <span class='ocrx_word' id='word_1_69' title='bbox 561 2210 750 2294; x_wconf 90' lang='lat' dir='ltr'>peruenire;</span> <span class='ocrx_word' id='word_1_70' title='bbox 773 2210 862 2294; x_wconf 90' lang='lat' dir='ltr'>quod</span> <span class='ocrx_word' id='word_1_71' title='bbox 876 2230 936 2276; x_wconf 89' lang='lat' dir='ltr'>nos</span> <span class='ocrx_word' id='word_1_72' title='bbox 952 2208 1193 2277; x_wconf 82' lang='lat' dir='ltr'>considerantes</span> <span class='ocrx_word' id='word_1_73' title='bbox 1210 2216 1242 2276; x_wconf 88' lang='lat' dir='ltr'>et</span> <span class='ocrx_word' id='word_1_74' title='bbox 1258 2209 1422 2276; x_wconf 88' lang='lat' dir='ltr'>attenden-</span> 
     </span>
     <span class='ocr_line' id='line_1_12' title="bbox 298 2317 1425 2402; baseline -0.002 -17"><span class='ocrx_word' id='word_1_75' title='bbox 298 2326 347 2385; x_wconf 88' lang='lat' dir='ltr'>tes</span> <span class='ocrx_word' id='word_1_76' title='bbox 363 2317 528 2384; x_wconf 88' lang='lat' dir='ltr'>meritoria</span> <span class='ocrx_word' id='word_1_77' title='bbox 544 2318 682 2385; x_wconf 89' lang='lat' dir='ltr'>seruicia</span> <span class='ocrx_word' id='word_1_78' title='bbox 698 2325 728 2384; x_wconf 89' lang='lat' dir='ltr'>et</span> <span class='ocrx_word' id='word_1_79' title='bbox 746 2317 940 2401; x_wconf 83' lang='lat' dir='ltr'>obsequiosa</span> <span class='ocrx_word' id='word_1_80' title='bbox 956 2319 1071 2384; x_wconf 87' lang='lat' dir='ltr'>merita</span> <span class='ocrx_word' id='word_1_81' title='bbox 1082 2317 1170 2383; x_wconf 87' lang='lat' dir='ltr'>Patri</span> <span class='ocrx_word' id='word_1_82' title='bbox 1180 2317 1239 2402; x_wconf 89' lang='lat' dir='ltr'>filij</span> <span class='ocrx_word' id='word_1_83' title='bbox 1251 2318 1425 2402; x_wconf 81' lang='lat' dir='ltr'>Seraphim</span> 
     </span>
     <span class='ocr_line' id='line_1_13' title="bbox 296 2424 1425 2514; baseline 0.001 -22"><span class='ocrx_word' id='word_1_84' title='bbox 296 2425 337 2492; x_wconf 87' lang='lat' dir='ltr'>dc</span> <span class='ocrx_word' id='word_1_85' title='bbox 353 2424 536 2494; x_wconf 89' lang='lat' dir='ltr'>Okclichna</span> <span class='ocrx_word' id='word_1_86' title='bbox 553 2426 592 2490; x_wconf 91' lang='lat' dir='ltr'>de</span> <span class='ocrx_word' id='word_1_87' title='bbox 608 2425 714 2514; x_wconf 83' lang='lat' dir='ltr'>Lipto,</span> <span class='ocrx_word' id='word_1_88' title='bbox 731 2447 803 2494; x_wconf 91' lang='lat' dir='ltr'>oum</span> <span class='ocrx_word' id='word_1_89' title='bbox 819 2447 971 2513; x_wconf 88' lang='lat' dir='ltr'>supremo</span> <span class='ocrx_word' id='word_1_90' title='bbox 988 2424 1157 2494; x_wconf 87' lang='lat' dir='ltr'>fidelitatis</span> <span class='ocrx_word' id='word_1_91' title='bbox 1174 2427 1291 2493; x_wconf 91' lang='lat' dir='ltr'>ardore</span> <span class='ocrx_word' id='word_1_92' title='bbox 1317 2447 1338 2492; x_wconf 91' lang='lat' dir='ltr'>a</span> <span class='ocrx_word' id='word_1_93' title='bbox 1364 2428 1425 2512; x_wconf 87' lang='lat' dir='ltr'>pri-</span> 
     </span>
     <span class='ocr_line' id='line_1_14' title="bbox 296 2532 1406 2620; baseline 0.001 -21"><span class='ocrx_word' id='word_1_94' title='bbox 296 2533 398 2599; x_wconf 89' lang='lat' dir='ltr'>mcuis</span> <span class='ocrx_word' id='word_1_95' title='bbox 415 2533 483 2601; x_wconf 90' lang='lat' dir='ltr'>suis</span> <span class='ocrx_word' id='word_1_96' title='bbox 498 2534 695 2619; x_wconf 89' lang='lat' dir='ltr'>temporibus</span> <span class='ocrx_word' id='word_1_97' title='bbox 711 2535 745 2600; x_wconf 89' lang='lat' dir='ltr'>in</span> <span class='ocrx_word' id='word_1_98' title='bbox 761 2532 900 2600; x_wconf 86' lang='lat' dir='ltr'>diuersis</span> <span class='ocrx_word' id='word_1_99' title='bbox 916 2534 1180 2618; x_wconf 81' lang='lat' dir='ltr'>expedicionibus</span> <span class='ocrx_word' id='word_1_100' title='bbox 1195 2536 1300 2620; x_wconf 84' lang='lat' dir='ltr'>Regni</span> <span class='ocrx_word' id='word_1_101' title='bbox 1319 2543 1406 2604; x_wconf 88' lang='lat' dir='ltr'>nostr</span> 
     </span>
     <span class='ocr_line' id='line_1_15' title="bbox 295 2642 1424 2731; baseline 0.001 -24"><span class='ocrx_word' id='word_1_102' title='bbox 295 2642 388 2709; x_wconf 91' lang='lat' dir='ltr'>nobis</span> <span class='ocrx_word' id='word_1_103' title='bbox 405 2645 607 2710; x_wconf 83' lang='lat' dir='ltr'>incessanter</span> <span class='ocrx_word' id='word_1_104' title='bbox 624 2642 769 2708; x_wconf 82' lang='lat' dir='ltr'>exhibita</span> <span class='ocrx_word' id='word_1_105' title='bbox 785 2642 949 2710; x_wconf 86' lang='lat' dir='ltr'>indefesse</span> <span class='ocrx_word' id='word_1_106' title='bbox 966 2652 997 2709; x_wconf 88' lang='lat' dir='ltr'>et</span> <span class='ocrx_word' id='word_1_107' title='bbox 1013 2644 1169 2731; x_wconf 83' lang='lat' dir='ltr'>impensa,</span> <span class='ocrx_word' id='word_1_108' title='bbox 1196 2644 1313 2728; x_wconf 88' lang='lat' dir='ltr'>quibus</span> <span class='ocrx_word' id='word_1_109' title='bbox 1339 2645 1424 2711; x_wconf 89' lang='lat' dir='ltr'>idem</span> 
     </span>
     <span class='ocr_line' id='line_1_16' title="bbox 296 2751 1422 2839; baseline -0.004 -20"><span class='ocrx_word' id='word_1_110' title='bbox 296 2771 407 2819; x_wconf 90' lang='lat' dir='ltr'>coram</span> <span class='ocrx_word' id='word_1_111' title='bbox 438 2751 540 2819; x_wconf 89' lang='lat' dir='ltr'>oculis</span> <span class='ocrx_word' id='word_1_112' title='bbox 570 2759 678 2818; x_wconf 91' lang='lat' dir='ltr'>nostre</span> <span class='ocrx_word' id='word_1_113' title='bbox 705 2752 886 2819; x_wconf 83' lang='lat' dir='ltr'>Maiestatis</span> <span class='ocrx_word' id='word_1_114' title='bbox 909 2752 1130 2839; x_wconf 88' lang='lat' dir='ltr'>multipliciter</span> <span class='ocrx_word' id='word_1_115' title='bbox 1157 2758 1190 2817; x_wconf 92' lang='lat' dir='ltr'>et</span> <span class='ocrx_word' id='word_1_116' title='bbox 1214 2751 1422 2818; x_wconf 86' lang='lat' dir='ltr'>laudabiliter</span> 
     </span>
     <span class='ocr_line' id='line_1_17' title="bbox 297 2858 1418 2946; baseline 0 -22"><span class='ocrx_word' id='word_1_117' title='bbox 297 2858 411 2925; x_wconf 89' lang='lat' dir='ltr'>meruit</span> <span class='ocrx_word' id='word_1_118' title='bbox 426 2861 641 2946; x_wconf 86' lang='lat' dir='ltr'>complacere,</span> <span class='ocrx_word' id='word_1_119' title='bbox 658 2881 717 2945; x_wconf 93' lang='lat' dir='ltr'>pro</span> <span class='ocrx_word' id='word_1_120' title='bbox 734 2861 852 2944; x_wconf 89' lang='lat' dir='ltr'>quibus</span> <span class='ocrx_word' id='word_1_121' title='bbox 878 2861 965 2927; x_wconf 92' lang='lat' dir='ltr'>omni</span> <span class='ocrx_word' id='word_1_122' title='bbox 991 2860 1255 2927; x_wconf 77' lang='lat' dir='ltr'>remuneracione</span> <span class='ocrx_word' id='word_1_123' title='bbox 1280 2881 1302 2928; x_wconf 85' lang='lat' dir='ltr'>a</span> <span class='ocrx_word' id='word_1_124' title='bbox 1327 2858 1418 2926; x_wconf 93' lang='lat' dir='ltr'>nobis</span> 
     </span>
     <span class='ocr_line' id='line_1_18' title="bbox 297 2967 1425 3054; baseline -0.001 -22"><span class='ocrx_word' id='word_1_125' title='bbox 297 2967 412 3054; x_wconf 82' lang='lat' dir='ltr'>diguus</span> <span class='ocrx_word' id='word_1_126' title='bbox 428 2967 496 3034; x_wconf 88' lang='lat' dir='ltr'>fore</span> <span class='ocrx_word' id='word_1_127' title='bbox 512 2969 638 3034; x_wconf 88' lang='lat' dir='ltr'>censeri</span> <span class='ocrx_word' id='word_1_128' title='bbox 653 2967 771 3051; x_wconf 90' lang='lat' dir='ltr'>debet;</span> <span class='ocrx_word' id='word_1_129' title='bbox 790 2989 852 3054; x_wconf 87' lang='lat' dir='ltr'>quc</span> <span class='ocrx_word' id='word_1_130' title='bbox 867 2969 997 3052; x_wconf 85' lang='lat' dir='ltr'>singula</span> <span class='ocrx_word' id='word_1_131' title='bbox 1013 2971 1143 3052; x_wconf 82' lang='lat' dir='ltr'>longum</span> <span class='ocrx_word' id='word_1_132' title='bbox 1161 2977 1246 3036; x_wconf 87' lang='lat' dir='ltr'>esset</span> <span class='ocrx_word' id='word_1_133' title='bbox 1272 2986 1425 3035; x_wconf 84' lang='lat' dir='ltr'>enarrare</span> 
     </span>
     <span class='ocr_line' id='line_1_19' title="bbox 294 3074 1419 3162; baseline -0.002 -21"><span class='ocrx_word' id='word_1_134' title='bbox 294 3095 351 3141; x_wconf 92' lang='lat' dir='ltr'>suo</span> <span class='ocrx_word' id='word_1_135' title='bbox 367 3074 472 3161; x_wconf 87' lang='lat' dir='ltr'>modo,</span> <span class='ocrx_word' id='word_1_136' title='bbox 490 3077 677 3160; x_wconf 85' lang='lat' dir='ltr'>specialiter</span> <span class='ocrx_word' id='word_1_137' title='bbox 692 3081 800 3141; x_wconf 89' lang='lat' dir='ltr'>tamen</span> <span class='ocrx_word' id='word_1_138' title='bbox 826 3097 883 3160; x_wconf 91' lang='lat' dir='ltr'>pro</span> <span class='ocrx_word' id='word_1_139' title='bbox 910 3085 1013 3144; x_wconf 91' lang='lat' dir='ltr'>morte</span> <span class='ocrx_word' id='word_1_140' title='bbox 1029 3077 1124 3144; x_wconf 88' lang='lat' dir='ltr'>Pauli</span> <span class='ocrx_word' id='word_1_141' title='bbox 1149 3077 1208 3160; x_wconf 85' lang='lat' dir='ltr'>filij</span> <span class='ocrx_word' id='word_1_142' title='bbox 1235 3076 1335 3162; x_wconf 80' lang='lat' dir='ltr'>uiua,</span> <span class='ocrx_word' id='word_1_143' title='bbox 1362 3075 1419 3160; x_wconf 84' lang='lat' dir='ltr'>fiiij</span> 
     </span>
     <span class='ocr_line' id='line_1_20' title="bbox 295 3171 1458 3270; baseline 0.001 -24"><span class='ocrx_word' id='word_1_144' title='bbox 295 3182 408 3250; x_wconf 84' lang='lat' dir='ltr'>matris</span> <span class='ocrx_word' id='word_1_145' title='bbox 424 3204 481 3250; x_wconf 88' lang='lat' dir='ltr'>sue</span> <span class='ocrx_word' id='word_1_146' title='bbox 497 3182 538 3249; x_wconf 88' lang='lat' dir='ltr'>de</span> <span class='ocrx_word' id='word_1_147' title='bbox 555 3184 670 3250; x_wconf 89' lang='lat' dir='ltr'>eadem</span> <span class='ocrx_word' id='word_1_148' title='bbox 686 3184 881 3268; x_wconf 84' lang='lat' dir='ltr'>Okoiichna‚</span> <span class='ocrx_word' id='word_1_149' title='bbox 909 3185 964 3268; x_wconf 91' lang='lat' dir='ltr'>qui</span> <span class='ocrx_word' id='word_1_150' title='bbox 991 3186 1024 3250; x_wconf 88' lang='lat' dir='ltr'>in</span> <span class='ocrx_word' id='word_1_151' title='bbox 1051 3185 1300 3270; x_wconf 83' lang='lat' dir='ltr'>expugnacionc</span> <span class='ocrx_word' id='word_1_152' title='bbox 1325 3171 1425 3251; x_wconf 83' lang='lat' dir='ltr'>castri</span> <span class='ocrx_word' id='word_1_153' title='bbox 1456 3202 1458 3206; x_wconf 74' lang='grc'>’</span> 
     </span>
     <span class='ocr_line' id='line_1_21' title="bbox 294 3291 1425 3374; baseline -0.001 -15"><span class='ocrx_word' id='word_1_154' title='bbox 294 3293 453 3359; x_wconf 85' lang='lat' dir='ltr'>Johanuis</span> <span class='ocrx_word' id='word_1_155' title='bbox 469 3291 527 3374; x_wconf 88' lang='lat' dir='ltr'>filij</span> <span class='ocrx_word' id='word_1_156' title='bbox 548 3293 679 3358; x_wconf 89' lang='lat' dir='ltr'>chrioi</span> <span class='ocrx_word' id='word_1_157' title='bbox 689 3292 771 3358; x_wconf 89' lang='lat' dir='ltr'>Bani</span> <span class='ocrx_word' id='word_1_158' title='bbox 787 3293 891 3361; x_wconf 84' lang='lat' dir='ltr'>Kozik</span> <span class='ocrx_word' id='word_1_159' title='bbox 901 3295 1007 3359; x_wconf 86' lang='lat' dir='ltr'>vocati</span> <span class='ocrx_word' id='word_1_160' title='bbox 1019 3294 1052 3358; x_wconf 88' lang='lat' dir='ltr'>iu</span> <span class='ocrx_word' id='word_1_161' title='bbox 1062 3299 1171 3359; x_wconf 89' lang='lat' dir='ltr'>nostro</span> <span class='ocrx_word' id='word_1_162' title='bbox 1184 3293 1425 3358; x_wconf 79' lang='lat' dir='ltr'>seruicio&#39;occu-</span> 
     </span>
     <span class='ocr_line' id='line_1_22' title="bbox 294 3398 1423 3488; baseline -0.001 -24"><span class='ocrx_word' id='word_1_163' title='bbox 294 3398 373 3484; x_wconf 87' lang='lat' dir='ltr'>buit,</span> <span class='ocrx_word' id='word_1_164' title='bbox 391 3398 538 3466; x_wconf 90' lang='lat' dir='ltr'>omnibus</span> <span class='ocrx_word' id='word_1_165' title='bbox 554 3401 737 3467; x_wconf 85' lang='lat' dir='ltr'>Beronibus</span> <span class='ocrx_word' id='word_1_166' title='bbox 755 3400 960 3468; x_wconf 84' lang='lat' dir='ltr'>cernentibus</span> <span class='ocrx_word' id='word_1_167' title='bbox 987 3399 1107 3468; x_wconf 87' lang='lat' dir='ltr'>nostris</span> <span class='ocrx_word' id='word_1_168' title='bbox 1134 3406 1213 3488; x_wconf 87' lang='lat' dir='ltr'>tum,</span> <span class='ocrx_word' id='word_1_169' title='bbox 1241 3421 1312 3466; x_wconf 91' lang='lat' dir='ltr'>cum</span> <span class='ocrx_word' id='word_1_170' title='bbox 1336 3399 1423 3464; x_wconf 88' lang='lat' dir='ltr'>idem</span> 
     </span>
     <span class='ocr_line' id='line_1_23' title="bbox 293 3506 1421 3595; baseline -0.004 -21"><span class='ocrx_word' id='word_1_171' title='bbox 293 3509 459 3574; x_wconf 79' lang='lat' dir='ltr'>iohannes</span> <span class='ocrx_word' id='word_1_172' title='bbox 476 3516 566 3574; x_wconf 88' lang='lat' dir='ltr'>stans</span> <span class='ocrx_word' id='word_1_173' title='bbox 582 3507 615 3572; x_wconf 92' lang='lat' dir='ltr'>in</span> <span class='ocrx_word' id='word_1_174' title='bbox 632 3507 824 3576; x_wconf 87' lang='lat' dir='ltr'>infidelitate</span> <span class='ocrx_word' id='word_1_175' title='bbox 836 3511 942 3595; x_wconf 90' lang='lat' dir='ltr'>ipsum</span> <span class='ocrx_word' id='word_1_176' title='bbox 968 3516 1108 3576; x_wconf 83' lang='lat' dir='ltr'>oestrum</span> <span class='ocrx_word' id='word_1_177' title='bbox 1151 3509 1315 3574; x_wconf 89' lang='lat' dir='ltr'>nitebatur</span> <span class='ocrx_word' id='word_1_178' title='bbox 1340 3506 1421 3573; x_wconf 89' lang='lat' dir='ltr'>deti-</span> 
     </span>
     <span class='ocr_line' id='line_1_24' title="bbox 294 3617 1418 3702; baseline -0.003 -20"><span class='ocrx_word' id='word_1_179' title='bbox 294 3635 369 3682; x_wconf 89' lang='lat' dir='ltr'>nere</span> <span class='ocrx_word' id='word_1_180' title='bbox 385 3623 498 3682; x_wconf 90' lang='lat' dir='ltr'>contra</span> <span class='ocrx_word' id='word_1_181' title='bbox 515 3623 660 3683; x_wconf 86' lang='lat' dir='ltr'>nostram</span> <span class='ocrx_word' id='word_1_182' title='bbox 676 3617 813 3702; x_wconf 85' lang='lat' dir='ltr'>Regiam</span> <span class='ocrx_word' id='word_1_183' title='bbox 830 3619 1056 3702; x_wconf 66' lang='lat' dir='ltr'>Maiestatem</span> <span class='ocrx_word' id='word_1_184' title='bbox 1072 3625 1139 3683; x_wconf 92' lang='lat' dir='ltr'>tum</span> <span class='ocrx_word' id='word_1_185' title='bbox 1156 3617 1260 3684; x_wconf 89' lang='lat' dir='ltr'>eciam</span> <span class='ocrx_word' id='word_1_186' title='bbox 1286 3636 1344 3702; x_wconf 90' lang='lat' dir='ltr'>pro</span> <span class='ocrx_word' id='word_1_187' title='bbox 1369 3633 1418 3698; x_wconf 91' lang='lat' dir='ltr'>eo,</span> 
     </span>
     <span class='ocr_line' id='line_1_25' title="bbox 294 3723 1419 3809; baseline 0 -20"><span class='ocrx_word' id='word_1_188' title='bbox 294 3727 372 3808; x_wconf 87' lang='lat' dir='ltr'>quia</span> <span class='ocrx_word' id='word_1_189' title='bbox 389 3725 475 3790; x_wconf 85' lang='lat' dir='ltr'>idem</span> <span class='ocrx_word' id='word_1_190' title='bbox 492 3725 611 3791; x_wconf 89' lang='lat' dir='ltr'>Paulus</span> <span class='ocrx_word' id='word_1_191' title='bbox 629 3725 736 3791; x_wconf 86' lang='lat' dir='ltr'>adhuc</span> <span class='ocrx_word' id='word_1_192' title='bbox 752 3747 788 3792; x_wconf 91' lang='lat' dir='ltr'>sc</span> <span class='ocrx_word' id='word_1_193' title='bbox 805 3726 938 3792; x_wconf 88' lang='lat' dir='ltr'>viueute</span> <span class='ocrx_word' id='word_1_194' title='bbox 954 3723 1161 3794; x_wconf 87' lang='lat' dir='ltr'>medietatem</span> <span class='ocrx_word' id='word_1_195' title='bbox 1177 3725 1320 3791; x_wconf 86' lang='lat' dir='ltr'>eiusdem</span> <span class='ocrx_word' id='word_1_196' title='bbox 1347 3743 1419 3809; x_wconf 85' lang='lat' dir='ltr'>pos-</span> 
     </span>
     <span class='ocr_line' id='line_1_26' title="bbox 295 3831 1424 3916; baseline -0.003 -17"><span class='ocrx_word' id='word_1_197' title='bbox 295 3831 449 3900; x_wconf 86' lang='lat' dir='ltr'>sessionis</span> <span class='ocrx_word' id='word_1_198' title='bbox 467 3851 523 3898; x_wconf 88' lang='lat' dir='ltr'>suc</span> <span class='ocrx_word' id='word_1_199' title='bbox 540 3833 581 3897; x_wconf 90' lang='lat' dir='ltr'>cb</span> <span class='ocrx_word' id='word_1_200' title='bbox 598 3851 741 3898; x_wconf 88' lang='lat' dir='ltr'>amorem</span> <span class='ocrx_word' id='word_1_201' title='bbox 758 3833 970 3900; x_wconf 80' lang='lat' dir='ltr'>fraternitatis</span> <span class='ocrx_word' id='word_1_202' title='bbox 989 3832 1074 3900; x_wconf 89' lang='lat' dir='ltr'>dicto</span> <span class='ocrx_word' id='word_1_203' title='bbox 1098 3833 1195 3898; x_wconf 84' lang='lat' dir='ltr'>Petro</span> <span class='ocrx_word' id='word_1_204' title='bbox 1225 3832 1424 3916; x_wconf 83' lang='lat' dir='ltr'>dignoscitur</span> 
     </span>
     <span class='ocr_line' id='line_1_27' title="bbox 293 3940 1424 4029; baseline -0.004 -21"><span class='ocrx_word' id='word_1_205' title='bbox 293 3948 448 4029; x_wconf 90' lang='lat' dir='ltr'>perpetuo</span> <span class='ocrx_word' id='word_1_206' title='bbox 466 3942 651 4025; x_wconf 88' lang='lat' dir='ltr'>contulisse,</span> <span class='ocrx_word' id='word_1_207' title='bbox 670 3951 764 4027; x_wconf 92' lang='lat' dir='ltr'>prout</span> <span class='ocrx_word' id='word_1_208' title='bbox 781 3943 813 4007; x_wconf 92' lang='lat' dir='ltr'>in</span> <span class='ocrx_word' id='word_1_209' title='bbox 831 3943 947 4008; x_wconf 83' lang='lat' dir='ltr'>litteris</span> <span class='ocrx_word' id='word_1_210' title='bbox 973 3942 1237 4028; x_wconf 82' lang='lat' dir='ltr'>priuilegiciibus</span> <span class='ocrx_word' id='word_1_211' title='bbox 1262 3940 1424 4029; x_wconf 83' lang='lat' dir='ltr'>Prepesiti</span> 
     </span>
     <span class='ocr_line' id='line_1_28' title="bbox 294 4047 1426 4136; baseline -0.004 -19"><span class='ocrx_word' id='word_1_212' title='bbox 294 4059 326 4117; x_wconf 90' lang='lat' dir='ltr'>et</span> <span class='ocrx_word' id='word_1_213' title='bbox 342 4047 525 4117; x_wconf 82' lang='lat' dir='ltr'>Gonueutus</span> <span class='ocrx_word' id='word_1_214' title='bbox 542 4049 582 4116; x_wconf 88' lang='lat' dir='ltr'>de</span> <span class='ocrx_word' id='word_1_215' title='bbox 599 4049 749 4116; x_wconf 84' lang='lat' dir='ltr'>Thuruch</span> <span class='ocrx_word' id='word_1_216' title='bbox 767 4050 893 4136; x_wconf 86' lang='lat' dir='ltr'>plenius</span> <span class='ocrx_word' id='word_1_217' title='bbox 910 4051 1051 4117; x_wconf 87' lang='lat' dir='ltr'>vidimus</span> <span class='ocrx_word' id='word_1_218' title='bbox 1068 4050 1234 4116; x_wconf 89' lang='lat' dir='ltr'>contineri.</span> <span class='ocrx_word' id='word_1_219' title='bbox 1252 4053 1291 4117; x_wconf 87' lang='lat' dir='ltr'>In</span> <span class='ocrx_word' id='word_1_220' title='bbox 1302 4069 1426 4116; x_wconf 89' lang='lat' dir='ltr'>recom-</span> 
     </span>
     <span class='ocr_line' id='line_1_29' title="bbox 294 4157 1422 4243; baseline 0 -22"><span class='ocrx_word' id='word_1_221' title='bbox 294 4176 430 4243; x_wconf 90' lang='lat' dir='ltr'>pensam</span> <span class='ocrx_word' id='word_1_222' title='bbox 447 4157 622 4224; x_wconf 88' lang='lat' dir='ltr'>eorundem</span> <span class='ocrx_word' id='word_1_223' title='bbox 637 4157 782 4226; x_wconf 87' lang='lat' dir='ltr'>fidelium</span> <span class='ocrx_word' id='word_1_224' title='bbox 800 4159 984 4226; x_wconf 90' lang='lat' dir='ltr'>meritorum</span> <span class='ocrx_word' id='word_1_225' title='bbox 1001 4159 1066 4224; x_wconf 88' lang='lat' dir='ltr'>iam</span> <span class='ocrx_word' id='word_1_226' title='bbox 1084 4157 1161 4225; x_wconf 88' lang='lat' dir='ltr'>dicti</span> <span class='ocrx_word' id='word_1_227' title='bbox 1184 4157 1270 4224; x_wconf 86' lang='lat' dir='ltr'>Petri</span> <span class='ocrx_word' id='word_1_228' title='bbox 1296 4159 1422 4239; x_wconf 84' lang='lat' dir='ltr'>aliqua·</span> 
     </span>
     <span class='ocr_line' id='line_1_30' title="bbox 293 4265 1424 4353; baseline -0.004 -21"><span class='ocrx_word' id='word_1_229' title='bbox 293 4269 366 4347; x_wconf 83' lang='lat' dir='ltr'>lem,</span> <span class='ocrx_word' id='word_1_230' title='bbox 383 4265 457 4332; x_wconf 90' lang='lat' dir='ltr'>iicet</span> <span class='ocrx_word' id='word_1_231' title='bbox 475 4266 531 4332; x_wconf 89' lang='lat' dir='ltr'>iile</span> <span class='ocrx_word' id='word_1_232' title='bbox 546 4287 567 4331; x_wconf 92' lang='lat' dir='ltr'>a</span> <span class='ocrx_word' id='word_1_233' title='bbox 584 4267 677 4333; x_wconf 87' lang='lat' dir='ltr'>nobis</span> <span class='ocrx_word' id='word_1_234' title='bbox 693 4268 790 4353; x_wconf 91' lang='lat' dir='ltr'>plura</span> <span class='ocrx_word' id='word_1_235' title='bbox 806 4275 837 4332; x_wconf 88' lang='lat' dir='ltr'>et</span> <span class='ocrx_word' id='word_1_236' title='bbox 853 4267 1181 4352; x_wconf 88' lang='lat' dir='ltr'>pocioramcrcretur,</span> <span class='ocrx_word' id='word_1_237' title='bbox 1201 4265 1337 4334; x_wconf 87' lang='lat' dir='ltr'>eandem</span> <span class='ocrx_word' id='word_1_238' title='bbox 1349 4285 1424 4349; x_wconf 90' lang='lat' dir='ltr'>pos-</span> 
     </span>
     <span class='ocr_line' id='line_1_31' title="bbox 294 4373 1423 4462; baseline -0.004 -22"><span class='ocrx_word' id='word_1_239' title='bbox 294 4373 470 4441; x_wconf 89' lang='lat' dir='ltr'>sessionem</span> <span class='ocrx_word' id='word_1_240' title='bbox 502 4373 582 4440; x_wconf 92' lang='lat' dir='ltr'>dicti</span> <span class='ocrx_word' id='word_1_241' title='bbox 614 4377 708 4441; x_wconf 83' lang='lat' dir='ltr'>Parii</span> <span class='ocrx_word' id='word_1_242' title='bbox 740 4375 963 4462; x_wconf 84' lang='lat' dir='ltr'>supradictam</span> <span class='ocrx_word' id='word_1_243' title='bbox 995 4375 1179 4442; x_wconf 86' lang='lat' dir='ltr'>Okolichua</span> <span class='ocrx_word' id='word_1_244' title='bbox 1209 4383 1356 4442; x_wconf 76' lang='lat' dir='ltr'>uocatam</span> <span class='ocrx_word' id='word_1_245' title='bbox 1382 4373 1423 4438; x_wconf 88' lang='lat' dir='ltr'>in</span> 
     </span>
     <span class='ocr_line' id='line_1_32' title="bbox 291 4464 1419 4570; baseline -0.001 -23"><span class='ocrx_word' id='word_1_246' title='bbox 291 4482 396 4567; x_wconf 84' lang='lat' dir='ltr'>Lypto</span> <span class='ocrx_word' id='word_1_247' title='bbox 414 4464 616 4566; x_wconf 82' lang='lat' dir='ltr'>existentem,</span> <span class='ocrx_word' id='word_1_248' title='bbox 634 4483 676 4548; x_wconf 89' lang='lat' dir='ltr'>ad</span> <span class='ocrx_word' id='word_1_249' title='bbox 701 4491 830 4551; x_wconf 90' lang='lat' dir='ltr'>nostras</span> <span class='ocrx_word' id='word_1_250' title='bbox 855 4485 974 4570; x_wconf 83' lang='lat' dir='ltr'>Regias</span> <span class='ocrx_word' id='word_1_251' title='bbox 1000 4504 1115 4550; x_wconf 89' lang='lat' dir='ltr'>manus</span> <span class='ocrx_word' id='word_1_252' title='bbox 1142 4484 1339 4568; x_wconf 82' lang='lat' dir='ltr'>deuolutam‚</span> <span class='ocrx_word' id='word_1_253' title='bbox 1356 4482 1419 4547; x_wconf 89' lang='lat' dir='ltr'>sub</span> 
     </span>
     <span class='ocr_line' id='line_1_33' title="bbox 296 4591 1399 4680; baseline 0 -27"><span class='ocrx_word' id='word_1_254' title='bbox 296 4591 440 4656; x_wconf 90' lang='lat' dir='ltr'>eiusdem</span> <span class='ocrx_word' id='word_1_255' title='bbox 456 4591 601 4672; x_wconf 87' lang='lat' dir='ltr'>antiquis</span> <span class='ocrx_word' id='word_1_256' title='bbox 617 4592 721 4674; x_wconf 85' lang='lat' dir='ltr'>metis,</span> <span class='ocrx_word' id='word_1_257' title='bbox 738 4593 882 4660; x_wconf 89' lang='lat' dir='ltr'>terminis</span> <span class='ocrx_word' id='word_1_258' title='bbox 900 4603 930 4659; x_wconf 91' lang='lat' dir='ltr'>et</span> <span class='ocrx_word' id='word_1_259' title='bbox 957 4592 1256 4680; x_wconf 83' lang='lat' dir='ltr'>limitaciouibus,in</span> <span class='ocrx_word' id='word_1_260' title='bbox 1283 4591 1399 4674; x_wconf 89' lang='lat' dir='ltr'>quibus</span> 
     </span>
    </p>
   </div>
   <div class='ocr_carea' id='block_1_4' title="bbox 0 0 1554 5172">
    <p class='ocr_par' dir='ltr' id='par_1_4' title="bbox 0 0 1554 5172">
     <span class='ocr_line' id='line_1_34' title="bbox 0 0 1554 5172; baseline 0 2"><span class='ocrx_word' id='word_1_261' title='bbox 0 0 1554 5172; x_wconf 95' lang='lat' dir='ltr'> </span> 
     </span>
    </p>
   </div>
  </div>
 </body>
</html>
