3132 5162
148 535 212 601 lam
232 533 368 618 Regiam
385 540 418 602 et
434 535 635 604 extrinsecus
653 536 688 601 in
699 533 817 603 nostris
834 534 1105 602 ministerialibus
1116 535 1273 623 etoflioijs

148 640 335 726 inpenderit
350 641 552 730 famulatum,
568 649 605 710 vt
620 642 719 728 digne
734 643 1006 710 remuneracionis
1022 643 1135 710 brauio
1160 647 1273 712 merito

149 749 266 816 debeat
281 769 303 813 a
317 755 429 815 nostra
445 749 647 816 celsitudine
662 750 814 834 insigniri
828 773 835 835 ;
851 750 1027 834 multisque
1043 749 1176 818 laudum
1201 772 1272 838 pre·

149 856 251 942 conijs
266 858 300 922 in
317 856 528 940 expedicione
553 857 657 940 Regia
681 865 796 924 contra
819 857 982 924 <lominum
1007 857 1174 926 Albertum
1199 859 1275 927 Illu-

149 967 246 1030 strem
262 963 386 1030 Ducem
401 964 532 1031 Austric
547 963 711 1030 Diuinitus
727 964 910 1051 informata,
932 965 987 1031 vbi
1012 985 1121 1045 secum
1153 971 1275 1051 protra

148 1077 240 1138 xerat
256 1070 492 1138 multitudinem
511 1071 667 1136 nobilium
678 1079 882 1158 armatorum,
894 1073 1106 1157 probabiliter
1117 1092 1273 1139 commen·

149 1177 259 1263 detur;
273 1185 306 1244 et
321 1177 517 1262 generaliter
540 1179 761 1261 omniaRegni
778 1178 915 1262 negocia
926 1179 995 1244 eins
1005 1178 1139 1264 pronicio
1156 1161 1189 1246 et
1202 1200 1275 1266 pro·
1334 1237 1336 1241 Α

148 1283 272 1352 uidenti
289 1285 426 1351 consilio
437 1284 659 1371 disponantur.
676 1285 714 1350 In
731 1285 886 1353 solacium
903 1293 935 1352 et
951 1285 1096 1354 solamcn
1107 1287 1275 1354 venerabi·

148 1393 229 1458 lium
244 1399 277 1459 et
292 1393 526 1459 excellencinm
543 1393 739 1483 meritorum,
755 1413 819 1477 que
835 1400 998 1477 nequeunt
1014 1393 1181 1462 commode
1204 1414 1276 1478 pre-

148 1500 294 1567 sentibus
311 1501 479 1586 explicari,
506 1501 625 1567 dictam
652 1502 864 1569 collacionem
890 1503 1020 1569 domine
1046 1504 1082 1568 Ε.
1108 1501 1271 1587 quondam

148 1609 280 1695 Regina
296 1608 330 1672 in
348 1627 487 1693 persona
517 1609 673 1690 eiusdem,
700 1617 733 1675 et
757 1609 915 1694 Ladizlai,
931 1630 970 1676 ac
984 1609 1115 1676 Nicolai
1137 1607 1273 1676 fratrum

149 1735 290 1800 suornm,
306 1721 414 1781 ratam
440 1721 472 1781 et
497 1723 624 1800 gratam
649 1717 819 1804 habentes,
846 1717 1041 1783 auctoritate
1066 1716 1273 1803 presencium

149 1821 300 1890 duximus
316 1824 577 1890 confirmandam.
594 1825 637 1890 Vt
652 1823 751 1907 igitur
767 1823 895 1913 prelata
911 1823 1048 1892 collacio
1063 1841 1122 1890 seu
1133 1821 1274 1891 donacio

150 1930 241 1997 nulla
256 1930 367 1998 valeat
382 1931 582 2016 inposterum
598 1931 794 2016 inprobitate
810 1931 961 2018 convelli,
977 1931 1135 2015 nullaque
1153 1937 1275 2018 tempo·

151 2059 221 2106 rurn
239 2038 466 2107 uicissitudine
491 2040 683 2127 perturbari,
699 2041 733 2106 in
759 2049 901 2108 eternam
928 2039 974 2107 rei
998 2039 1184 2106 memoriam
1209 2059 1269 2126 pre

149 2149 256 2213 sentes
282 2145 499 2212 concessimus
529 2145 656 2214 litteras
681 2145 818 2234 duplicis
843 2147 947 2230 sigilli
972 2146 1071 2215 nostri
1097 2147 1274 2214 munimine

147 2255 323 2321 roboratas.
340 2255 462 2344 Datum
477 2272 535 2339 per
550 2274 667 2323 manus
682 2255 880 2323 venerabilis
896 2259 998 2342 patris
1014 2257 1052 2322 B.
1069 2256 1131 2322 Dei
1160 2257 1272 2341 gracia

146 2361 297 2447 Episcopi
317 2361 580 2449 wesprimiensis
596 2363 672 2429 aule
688 2365 798 2431 nostra
814 2363 1010 2450 Cancellarij
1028 2363 1135 2432 fidelis
1154 2362 1271 2448 nostri,

149 2489 231 2538 anno
246 2469 378 2538 Domini
395 2467 516 2535 ΜῦΟΟ0
532 2469 743 2556 nonagesimo
761 2469 903 2558 (primo.)

146 2685 283 2757 (Eredetie
297 2701 315 2738 a
326 2688 416 2753 any
430 2683 524 2740 csalsld
537 2684 732 2750 leveltirtban,
742 2685 873 2741 mesolata
886 2704 903 2741 a
917 2702 1029 2754 magyur
1038 2687 1182 2740 alrademla
1204 2687 1267 2740 kin·

621 2773 812 2844 irattartban.)
831 2831 833 2838 ,

601 3063 689 3072 -α--ι-
696 3062 813 3070 .-.--—--

689 3598 747 3664 29.
761 3601 769 3626 ’

136 3801 297 3865 Pennana
313 3798 466 3884 kinelmus
494 3797 641 3863 Ticador
666 3795 935 3884 szeteufaberua'rc‘
946 3796 1147 3882 preponeret
1163 3797 1195 3862 e's
1207 3804 1275 3859 test-

134 3909 290 3974 ecreinek
306 3905 440 3973 Iwacch
470 3913 553 3971 mevit
569 3905 676 3989 folda
707 3905 945 3991 adomduyozzu
971 3903 1070 3970 Faber
1095 3905 1276 3989 orirrucqyc'·

622 4013 686 4078 beru.
708 4011 808 4077 1291.

253 4196 412 4262 Fennena
436 4195 496 4261 Dei
514 4194 625 4279 gracia
649 4195 775 4280 Regina
806 4195 973 4278 Hungarie
989 4193 1137 4260 omnibus
1154 4191 1276 4260 Christi

129 4303 296 4374 fidelibus
323 4309 507 4388 presentem
536 4305 691 4388 paginam
717 4301 910 4389 inspecturis
927 4301 1066 4367 salutem
1083 4300 1117 4366 iu
1134 4301 1276 4368 omnium

128 4415 318 4481 saluatore.
343 4407 445 4476 Decet
464 4411 748 4479 mansuetudinem
777 4411 971 4496 Reginalem
1002 4409 1276 4478 consideracionis

127 4519 247 4589 oculis
274 4517 475 4604 singulorum
501 4521 618 4585 merita
635 4518 820 4606 permetiri,
855 4537 974 4603 eosque
1000 4516 1108 4602 dignis
1125 4517 1277 4585 attollere

125 4625 309 4699 donatiuis
318 4677 328 4714 ,
355 4646 434 4712 qnos
466 4627 557 4694 iuxta
574 4625 743 4713 dignitatis
761 4647 820 4697 sue
836 4609 972 4715 gradun
990 4632 1115 4696 constat
1130 4624 1276 4694 utilitati·
