3112 5158
640 910 694 980 99.

117 1107 249 1174 Reload
261 1107 366 1196 cujdo
382 1107 576 1193 tiacndtnapc'
583 1107 973 1198 fcpyncrnzc'tnetetfoqod
987 1111 1094 1182 Jacob
1120 1119 1239 1180 meter·

468 1214 530 1278 cele
546 1216 579 1282 ds
595 1218 778 1283 tdrcaa'aclc.
798 1217 894 1285 1294.

220 1409 289 1476 llos
327 1406 492 1477 Rolaudvs
527 1389 687 1496 Voyulrda
711 1410 934 1496 significamus
959 1415 1075 1498 quibus
1109 1412 1241 1502 expedit

113 1537 171 1604 per
186 1521 362 1602 presentes,
380 1517 466 1600 qnod
482 1537 541 1585 nou
556 1518 677 1584 Jacobo
696 1518 784 1584 fratri
813 1520 933 1586 domini
959 1521 1112 1606 Episcopi
1130 1522 1241 1588 Wara·

115 1623 249 1710 diensis,
265 1621 422 1691 Ladizlao
438 1623 506 1691 lilio
521 1624 699 1710 Benedicti,
717 1625 821 1692 Paulo
838 1627 879 1694 de
899 1628 1021 1694 Olratar
1046 1633 1077 1696 et
1107 1628 1182 1712 alijs
1207 1628 1240 1694 iu

114 1740 222 1800 castro
237 1731 342 1796 Fenes
360 1730 630 1797 commorantibus
647 1739 794 1815 treugam
812 1739 843 1798 et
860 1755 972 1818 pacem
984 1755 1023 1801 ac
1033 1734 1240 1802 securitatem

117 1827 535 1921 omnimodam'qnindecim
553 1835 684 1922 dicrum,
702 1861 722 1905 a
739 1839 793 1906 dic
809 1861 871 1924 quo
884 1841 1107 1908 descenderint
1120 1841 1159 1908 dc
1174 1861 1243 1927 pre-

117 1948 203 2014 dicto
220 1951 337 2031 castro,
348 1946 564 2032 promittimus
577 1951 609 2012 et
623 1946 845 2032 concedimns;
865 1951 911 2014 ita
922 1949 1007 2032 qnod
1022 1950 1113 2014 lronro
1125 1957 1243 2030 noster,

117 2075 210 2136 quem
230 2053 361 2119 anobis
378 2053 564 2140 Capitulum
581 2051 788 2120 Waradicnsi
814 2055 957 2141 pecierit,
983 2055 1162 2122 conducere
1188 2077 1243 2123 eos

118 2161 333 2244 Varadinnm,
350 2159 453 2228 saluis
470 2162 565 2227 rebus
580 2167 612 2227 et
630 2162 787 2246 personis,
805 2167 838 2227 et
854 2162 893 2228 dc
909 2161 1089 2228 Waradino
1106 2163 1148 2230 ad
1160 2163 1244 2228 ultra

117 2269 265 2354 Tyciam,
284 2269 336 2334 ucl
352 2268 437 2334 ultra
452 2267 627 2347 Marisium,
645 2267 696 2333 ucl
712 2269 814 2334 eciam
834 2288 932 2353 usqne
948 2269 980 2334 in
992 2267 1097 2335 Galen
1113 2270 1146 2335 iu
1166 2271 1244 2336 Par·

117 2385 170 2442 trs
186 2375 433 2462 Transiluanas,
451 2396 522 2442 curn
540 2375 689 2442 omnibus
707 2395 815 2442 corum
832 2376 942 2444 liberis
959 2383 990 2444 ct
1006 2380 1145 2463 populys
1172 2397 1244 2462 pro·

118 2483 203 2570 prijs
218 2503 262 2550 ae
273 2484 370 2552 rebus
388 2483 638 2568 quibuscunque,
657 2503 753 2550 sanos
772 2489 804 2549 ct
820 2484 1018 2569 incolumcs;
1038 2493 1070 2549 et
1087 2505 1145 2551 nos
1161 2483 1243 2568 ipsis

114 2588 346 2657 recedentibus
362 2589 545 2658 Warndino
562 2590 663 2654 eciam
681 2591 767 2655 ultra
784 2589 940 2657 terminos
956 2595 1145 2676 prenotatos
1170 2609 1244 2657 ean·
1342 2647 1343 2650 ,

114 2697 191 2764 dem
209 2705 357 2780 trengam
374 2702 406 2764 ct
421 2715 535 2780 pacem
551 2695 637 2762 infra
654 2697 799 2781 spacium
817 2696 1034 2783 predictorum
1061 2696 1243 2780 quindecim

113 2803 243 2872 dicrum
260 2826 302 2871 ex
317 2813 410 2891 parte
425 2811 536 2871 nostra
552 2811 584 2870 et
600 2811 782 2872 nostrorum
799 2805 1014 2890 promittimus
1031 2805 1163 2872 firmitur
1180 2825 1245 2870 ser·

114 2921 282 2982 naturum.
299 2915 340 2978 Et
356 2913 416 2978 hoc
431 2911 561 2978 nomine
576 2917 696 2995 nostro,
713 2918 745 2977 ct
759 2912 889 2978 nominc
905 2911 1041 2979 Comitis
1057 2912 1179 2976 Thomc
1192 2929 1246 2994 pa·

113 3021 307 3107 trisnostri,
325 3040 365 3086 ac
380 3019 520 3085 omnium
545 3019 679 3086 fratrum
705 3027 894 3101 nostrorum,
922 3023 954 3084 ct
979 3017 1168 3103 specialiter
1193 3037 1246 3083 nc·

115 3127 212 3197 mine
227 3127 338 3194 relicte
353 3125 500 3210 Magistri
518 3125 673 3213 Stephani
691 3125 801 3192 fratris
826 3125 937 3210 nostri,
965 3133 997 3192 ct
1027 3111 1170 3192 omnium
1202 3123 1246 3190 ad

109 3256 178 3304 nos
198 3235 290 3303 etad
307 3233 394 3320 ipsos
409 3235 640 3320 spectancinrn,
672 3233 768 3301 tactis
802 3232 1017 3300 Sacrosancto
1050 3229 1240 3314 liwaugclio

109 3350 147 3411 et
166 3342 320 3427 reliqnijs
336 3341 526 3408 Sanctorum
543 3341 683 3425 plurium
710 3360 820 3406 coram
847 3340 1014 3406 Oonncntu
1045 3335 1157 3405 Sancti
1173 3336 1244 3403 Ste-

105 3451 220 3538 phani
230 3453 271 3517 de
280 3447 720 3517 PromontorioWaradicnsi
733 3445 1051 3515 inracimusfirnriter
1062 3446 1244 3512 obseruare.

103 3561 144 3626 Si
164 3561 279 3626 autem
295 3555 422 3622 cosdem
441 3555 630 3638 Magistrum
647 3554 812 3636 Jacobum,
828 3551 1033 3639 (Ladislaum
1044 3557 1076 3617 ct
1090 3549 1244 3636 Paulum)

103 3669 142 3734 in
176 3661 340 3730 ueniendo
356 3661 579 3744 Waradinum,
595 3661 628 3726 in
647 3659 813 3728 existendo
840 3659 895 3744 ibi,
921 3657 973 3725 nel
999 3659 1030 3724 in
1056 3655 1245 3742 recedendo,

104 3773 209 3840 infra
225 3772 379 3838 terminos
396 3767 601 3854 supradictos
618 3773 650 3834 ct
668 3765 754 3833 inira
775 3767 922 3853 spacium
948 3763 1070 3830 dicrum
1088 3763 1245 3848 prodictu-

100 3903 199 3963 rnm,
218 3899 275 3966 per
285 3897 493 3964 quoscunque
510 3873 575 3942 ledi
592 3875 791 3958 contingeret
814 3875 867 3941 uel
885 3871 1003 3939 offendi
1022 3870 1055 3937 in
1071 3871 1166 3937 rebus
1192 3875 1248 3936 aut

100 3988 288 4080 personis:
305 3993 422 4053 extunc
438 3984 623 4070 Capitulum
649 3991 788 4050 castrum
805 3983 910 4050 renes
926 3979 1073 4047 restituet
1085 3977 1249 4065 Episcopo

96 4101 304 4181 memorato,
322 4111 423 4160 causa
439 4097 471 4158 ct
487 4091 656 4158 occasione
671 4111 711 4158 ac
735 4109 825 4156 mora
854 4086 1053 4173 quibuslibet
1083 4085 1247 4170 relegatis.

98 4205 319 4288 obligamus
344 4201 487 4287 insuper,
515 4197 601 4282 qnod
626 4195 756 4266 cosdem
789 4196 959 4282 iacobum,
991 4191 1182 4258 Ladizlanm
1214 4195 1247 4258 et

97 4313 270 4390 Paulum,
288 4327 358 4374 oum
374 4306 487 4374 liberis
503 4324 667 4374 eornmac
691 4302 818 4390 familia
843 4301 985 4390 propria,
1012 4299 1110 4384 sociJs
1136 4318 1246 4366 eorum

95 4415 331 4508 supradictis,
348 4416 389 4482 ab
406 4413 554 4481 omnibns
569 4414 639 4480 siue
655 4413 806 4498 Vugarys
822 4411 894 4477 sine
919 4406 1073 4493 Olacbys,
1098 4405 1169 4473 sine
1196 4425 1248 4470 nor

93 4531 187 4612 stris
210 4522 289 4594 siue
304 4521 459 4624 Ecclesia,
475 4521 546 4602 sine
570 4521 656 4594 inira
681 4519 852 4613 indagines
877 4517 1031 4584 Solnmus
1056 4516 1129 4594 siue
1154 4518 1249 4594 entra
